2553 3676
607 179 1256 242 HEROIDES.

1331 203 1362 240 Ε
1398 203 1443 240 Ρ.
1517 202 1650 245 XX1.
2067 211 2161 259 319

332 280 386 335 Si
407 295 493 335 me
516 290 656 331 nunc
679 268 887 332 videas,
924 269 1082 323 visam
1110 271 1252 341 prius
1279 269 1382 326 esse
1407 273 1650 344 negabis:

405 351 540 402 Arte
569 362 667 398 nec
693 341 794 404 est,
831 341 1006 405 diceS‚
1040 340 1130 396 ista
1154 342 1385 413 petenda
1409 348 1558 401 mea:

317 416 666 488 Promissique
689 413 855 468 fidem
875 453 890 476 ,
925 431 994 467 ne
1017 413 1110 468 fim
1133 413 1228 469 tibi
1247 414 1452 484 junffita,
1489 418 1758 481 remittes;

401 490 473 543 Et
501 487 680 559 cupies
703 485 834 540 illud
858 504 968 540 non
990 486 1283 542 meminisse
1307 486 1497 543 Deam.

184 582 286 632 225
322 560 557 616 Forfitan
585 559 639 612 &
665 558 854 620 facieS‚
888 558 1062 629 jurem
1087 574 1146 613 ut
1172 560 1435 615 contraria
1458 559 1663 620 rursus;

398 631 662 705 Quaeque
684 632 884 702 legam,
920 632 1100 687 mittes
1125 633 1285 687 altera
1310 632 1470 688 verba
1494 632 1645 687 mihi.

315 704 423 759 Sed
448 718 625 759 tamen
650 703 944 774 adspiceres
970 705 1191 767 vellem,
1226 716 1388 776 prout
1415 705 1524 778 ipse
1547 704 1796 776 rogaba5‚

395 776 468 831 Et
493 777 657 831 discas
682 775 895 847 sponsae
921 776 1166 846 languida
1195 777 1436 831 membra
1460 790 1597 833 tuae.

310 848 511 904 Durius
537 849 593 902 δε
618 849 763 903 ferro
795 865 920 901 cum
945 846 1005 900 fit
1031 849 1127 902 tibi
1151 848 1361 919 peetus,
1398 850 1605 904 Aconti
1620 871 1636 912 ;

181 939 285 987 230

396 921 490 975 Tu
514 922 725 977 veniam
748 918 935 975 nostris
960 920 1180 974 vocibus
1205 921 1313 993 ipse
1340 932 1502 992 petas,

323 993 409 1049 Ne
438 1006 618 1049 tamen
642 994 882 1064 ignore8‚
920 1009 1023 1063 ope
1048 994 1152 1064 qua
1177 993 1497 1048 revalescere
1522 992 1744 1065 possim:

398 1065 691 1137 Quaeritur
717 1086 744 1120 a
771 1064 996 1137 Delphis
1024 1063 1130 1119 fata
1155 1079 1379 1121 canente
1404 1064 1546 1120 Deo,

324 1137 369 1192 Is
398 1156 615 1212 quoque
641 1139 820 1193 nescio
844 1154 1032 1210 quam,
1069 1155 1211 1191 nunc
1239 1152 1299 1193 ut
1328 1156 1458 1209 vaga
1483 1138 1625 1193 fama
1649 1137 1905 1204 susurrat,

393 1210 707 1283 NegleRam
729 1211 972 1284 queritur
999 1208 1139 1264 testis
1165 1210 1358 1267 habere
1383 1211 1564 1266 fidem.

34 1386 156 1426 peram
182 1374 366 1425 legebatur
387 1403 397 1420 ‚
435 1388 522 1427 quae
545 1373 686 1423 fhlebas.
713 1371 861 1410 Deinde
888 1376 976 1408 Sane
1002 1383 1070 1420 pro

38 1431 93 1464 At
123 1440 163 1464 ne
189 1427 409 1476 frigidissime
435 1425 617 1475 profecto.
645 1422 775 1462 Allusit
799 1423 843 1461 ad
870 1423 1070 1460 formulam

4 1503 5 1509 η
35 1478 275 1523 minantium,
307 1484 385 1514 Non
405 1475 454 1526 fic
480 1475 599 1513 abibit.
637 1475 722 1518 Ne,
748 1475 888 1523 inquit,
916 1474 1070 1521 impune

35 1527 125 1566 feras
149 1528 324 1566 indonata
351 1528 443 1565 mihi
468 1528 559 1564 haec
577 1523 747 1564 transiisse
770 1524 966 1563 Saturnalia
986 1550 996 1567 ‚
1034 1531 1071 1560 at

35 1578 209 1625 proximis
235 1577 405 1615 Kalendis
432 1577 574 1614 Martiis
598 1576 698 1613 istam
722 1586 792 1622 ego
817 1574 1069 1611 liberalitatem

33 1628 137 1666 tuam
164 1630 239 1676 pari
265 1627 482 1676 parsimonia
516 1626 630 1674 probe
662 1624 819 1661 ulciscar.
857 1624 1071 1661 Heinsms.

33 1677 206 1716 Francius
233 1677 397 1725 legebat,
424 1687 464 1713 ut
493 1690 547 1712 me
574 1687 616 1715 <J
643 1672 832 1723 miserabile
861 1682 983 1722 corpus.
1010 1673 1071 1711 sed

35 1729 99 1766 vix
125 1728 243 1765 audeo
271 1728 359 1765 illud
386 1734 472 1763 Sane
498 1738 676 1768 movere,
704 1737 789 1763 cum
813 1724 995 1774 eleganter
1015 1725 1071 1761 in—

35 1778 164 1817 serviat
191 1778 355 1821 Ironiae,
386 1779 443 1814 vel
468 1777 510 1813 sit
534 1776 767 1814 concedentis
799 1774 897 1823 quasi
924 1775 962 1812 ὃς
990 1786 1071 1823 per-

36 1828 222 1868 mittentis.
249 1827 322 1864 vid.
349 1828 394 1865 ad
417 1826 565 1864 Phaedr.
594 1839 655 1862 111.
684 1826 768 1863 Fab.
793 1837 849 1873 15.
877 1825 940 1862 ubi
959 1826 1071 1862 etiam

40 1877 209 1916 Heinsius
228 1889 293 1925 pro
307 1877 414 1926 fitne,
441 1890 489 1913 an
510 1876 720 1924 reponebat.

89 1940 171 1978 223.
200 1934 254 1965 Ne
274 1926 343 1975 fim
368 1927 432 1965 tibi
452 1928 548 1964 vicia
565 1924 756 1975 remittes.]
786 1926 912 1974 Lege,
939 1924 1073 1962 vinffia.

40 1987 82 2019 ut
98 1979 200 2027 supra
218 1991 277 2014 xx.
293 1990 349 2015 22.

91 2030 161 2077 Effe
182 2039 281 2065 tuam
297 2029 455 2064 vinHam
473 2027 614 2064 numine
634 2027 709 2074 teste
719 2025 840 2074 fidem.

41 2079 173 2118 Codex
203 2079 313 2116 etiam
342 2077 557 2123 Medicsuffi
580 2078 716 2128 juncffa.
757 2078 863 2114 bene.
898 2076 1073 2126 superiori

16 2174 17 2184 γ
42 2128 201 2179 Epistola
222 2141 303 2175 215.

93 2179 211 2224 Nube,
231 2188 367 2228 precor,
395 2178 504 2224 dicet,
526 2178 578 2215 cui
596 2188 628 2215 te
646 2177 734 2216 bona
754 2177 896 2215 nomina
907 2178 1075 2228 jungunt.

43 2230 252 2270 Hzmsms.

47 2279 51 2282 “
91 2292 172 2326 224.
200 2286 246 2317 Et
262 2280 367 2329 cupies
383 2278 510 2329 illud]
540 2279 709 2318 Francius
741 2278 923 2324 malebat,
949 2284 997 2316 Et
1018 2292 1076 2317 cu-

41 2331 108 2385 pies
126 2331 243 2381 ipfizm.

95 2393 176 2430 225.
204 2381 356 2431 Facies.]
386 2381 496 2420 Forte
516 2409 526 2425 ,
554 2380 694 2428 facias3
728 2381 766 2419 ὃ(
799 2392 913 2426 mox,
942 2380 1076 2420 mittas.

46 2432 246 2470 Heinsius.
274 2433 360 2470 Vid.
378 2432 423 2469 ad
446 2432 551 2480 Epist.
571 2444 621 2468 iv.
643 2443 700 2479 53.

94 2495 176 2527 227.
205 2490 310 2520 Prout
337 2482 398 2532 ipse
431 2481 608 2530 rogabar]
639 2481 905 2518 Celeberrimus
929 2480 1076 2518 Bentle-

44 2532 100 2582 juS
127 2533 170 2571 ad
197 2535 328 2571 Horat.
361 2546 407 2570 11.
437 2532 507 2570 Sat.
539 2544 589 2569 vx.
619 2531 677 2576 67.
703 2531 799 2580 apud
817 2531 958 2569 nullum
978 2532 1076 2568 Po‘e'-

46 2591 141 2627 tam‚
167 2595 213 2621 ne
235 2584 421 2621 comicum
443 2582 592 2632 quidem
609 2610 619 2626 ‚
640 2583 713 2619 hoc
734 2582 885 2619 verbum
904 2582 936 2619 se
955 2580 1076 2630 legisse

48 2635 238 2678 meminit,
264 2646 333 2671 nec
359 2634 395 2671 in
428 2633 586 2671 Horatio
613 2633 744 2681 patitur
771 2632 808 2669 in
837 2643 948 2670 unam
975 2632 1079 2681 sylla·

48 2682 130 2721 bam
161 2684 367 2722 coalescere.
397 2696 441 2721 ex
475 2685 604 2721 Plauto
638 2684 675 2720 in
707 2682 832 2719 Bacch.
866 2695 921 2719 1v.
955 2695 1011 2720 1x.
1045 2696 1077 2730 5.

50 2734 316 2783 Lexicographi
332 2735 479 2772 laudant
492 2762 501 2779 ,
527 2733 586 2771 sed
607 2734 655 2770 ibi
669 2741 791 2782 praeut
810 2733 1078 2771 emendatiores

50 2783 227 2820 editiones
252 2785 346 2822 redte
369 2786 551 2822 exhibent.
585 2785 622 2821 δε
652 2783 733 2820 sane
763 2784 824 2820 vix
849 2785 993 2821 tolerari
1019 2784 1080 2821 hic

51 2830 152 2881 poffe
172 2832 334 2877 videtur,
362 2847 445 2872 Cum
467 2836 562 2873 nulla
583 2834 623 2871 sit
641 2836 732 2871 ratio
753 2861 763 2877 ,
797 2845 890 2883 quae
912 2833 1080 2878 suadeat,

53 2891 114 2920 aut
146 2884 299 2931 primam
326 2884 491 2931 syllabam
523 2885 652 2933 corripi
674 2912 685 2927 ‚
721 2893 783 2922 aut
803 2884 889 2921 duas
912 2885 950 2921 in
968 2896 1080 2922 unam

35 2933 164 2983 coire.
194 2932 360 2970 Francius
387 2934 482 2971 velut
510 2935 722 2984 supposuit,
759 2935 819 2973 sed
847 2936 921 2972 hoc
947 2935 995 2972 est
1016 2947 1082 2983 pro

57 2983 200 3020 arbitrio
230 2982 434 3020 emendare.
463 2984 620 3033 ideoque
645 2986 744 3023 malo
774 2987 912 3023 Poetae
931 2986 1084 3034 ignobili

36 3033 148 3075 rhanc
174 3033 404 3080 stribliginem
430 3033 632 3071 adscribere.
660 3036 767 3085 discas
792 3037 900 3074 etiam
929 3036 1084 3073 membra

61 3082 177 3120 durius
198 3083 337 3120 didtum
358 3082 508 3119 videtur.
535 3083 560 3119 fi
589 3084 700 3133 noscas
722 3087 795 3136 legi
821 3085 960 3135 posset,
988 3087 1085 3125 mol-

59 3131 124 3170 lius
141 3131 236 3170 efl'et.
265 3133 519 3170 ssuRMANNus.

109 3195 191 3229 229.
220 3183 352 3220 Durius
372 3194 414 3221 ω’
423 3182 518 3227 ferro
538 3195 613 3218 cum
626 3181 672 3229 fit
690 3183 752 3219 tibi
768 3188 880 3232 pestus
892 3215 902 3235 ,
924 3186 1087 3239 Aconii]

64 3230 139 3270 Nisi
154 3233 278 3281 fallor,
304 3234 348 3272 ab
368 3232 517 3271 auffitore
536 3232 706 3281 scriptum
724 3234 869 3273 fueram.

2025 1278 2156 1336 Hoc

1175 1374 1311 1411 Durius
1328 1384 1367 1411 ut
1377 1376 1471 1420 ferro
1483 1375 1563 1424 jam
1573 1373 1623 1425 fit
1640 1373 1705 1412 tibi
1717 1375 1849 1424 pestus,
1877 1371 2020 1410 Aconti.

1127 1425 1253 1472 Quem
1285 1425 1460 1474 loquendi
1485 1426 1642 1464 modum
1673 1426 1733 1463 lib.
1765 1438 1794 1462 1.
1821 1426 1930 1462 Pont.
1956 1424 2057 1470 Eleg.
2077 1431 2164 1459 vir.

1125 1474 1178 1517 ybs.
1204 1488 1260 1523 50.
1289 1476 1427 1514 Nasoni
1443 1489 1595 1526 quoque
1614 1476 1859 1519 reddidimus,
1889 1476 1926 1511 δε
1947 1472 2104 1523 pluribus
2124 1471 2167 1508 il-

1124 1525 1172 1562 lic
1201 1525 1448 1565 adstruximus.
1482 1539 1577 1577 quae
1605 1526 1791 1565 adeantur.
1818 1526 2026 1563 Heinsius.
2063 1523 2098 1559 Si
2117 1518 2166 1570 fit.

1126 1587 1253 1624 margo
1272 1576 1493 1614 Bersmanni.

1175 1637 1220 1674 23
1232 1639 1259 1662 r.
1288 1632 1353 1676 Ope
1371 1640 1440 1676 qua
1457 1626 1657 1673 revalescere
1667 1624 1781 1676 poffim
1794 1655 1803 1671 ,
1824 1624 2018 1675 Quaeritur
2037 1622 2061 1660 ὰ
2081 1619 2173 1677 Delt-e

1120 1675 1200 1724 phis
1218 1677 1303 1722 fata
1332 1688 1471 1715 canente
1499 1678 1617 1727 De0.]
1647 1678 1856 1715 Consulitur
1882 1675 2073 1716 Phoebus,
2100 1683 2166 1721 qm

1126 1725 1277 1775 Delphis
1294 1727 1353 1765 dat
1368 1729 1531 1776 responsa
1544 1757 1554 1772 ,
1581 1741 1653 1778 qua
1675 1728 1858 1767 medicina
1875 1726 2007 1774 possim
2028 1733 2166 1761 conva-

1124 1776 1255 1814 lescere
1269 1806 1279 1822 ‚
1309 1778 1347 1815 ὃ(
1363 1779 1522 1827 pristinas
1544 1780 1636 1816 vires
1652 1789 1875 1826 recuperare.
1904 1777 2124 1814 Cromnos.

1177 1839 1262 1877 233.
1290 1832 1336 1864 Et
1368 1828 1548 1879 quoque]
1591 1835 1623 1865 15
1658 1841 1789 1879 quoque
1823 1826 1922 1866 redte
1958 1820 2166 1863 Mediceus.

1130 1878 1340 1917 Hmusrus

1179 1941 1262 1978 234.
1291 1929 1488 1978 Neglec‘l‘am
1506 1929 1664 1981 queritur
1690 1928 1778 1976 testis
1804 1927 1926 1965 habere
1937 1923 2084 1974 fidem]
2113 1923 2170 1961 Hi

1128 1980 1270 2024 versus,
1291 1992 1375 2018 cum
1398 1992 1444 2017 eo
1466 1982 1531 2030 qui
1559 1981 1718 2029 sequitur
1732 2008 1741 2023 ‚
1769 1979 1847 2016 satis
1865 1977 2034 2027 impediti
2056 1978 2092 2013 ὅ(
2112 1976 2169 2012 in-

1129 2031 1358 2078 explicabiles
1386 2030 1477 2068 sunt.
1522 2031 1708 2069 Incertum
1740 2030 1841 2067 enim
1868 2029 1917 2066 est
1938 2056 1948 2072 ‚
1993 2026 2169 2076 quorsum

1127 2079 1243 2117 sensus
1271 2093 1400 2119 eorum
1428 2081 1573 2119 referas.
1609 2081 1708 2118 Nam
1739 2081 1800 2117 hic
1822 2107 1832 2124 ‚
1867 2079 1996 2116 testem
2016 2106 2026 2121 ,
2055 2087 2169 2125 quem

1128 2142 1214 2166 nam
1244 2130 1430 2178 accipias?
1456 2130 1523 2168 nifi
1553 2131 1579 2168 fi
1605 2131 1721 2179 ipsum
1750 2130 1989 2178 Apollinem,
2018 2127 2063 2165 de
2089 2137 2165 2175 quo

1128 2180 1297 2230 proxime
1318 2181 1457 2218 dietum
1475 2181 1545 2225 est,
1565 2182 1738 2230 accipias:
1767 2180 1865 2228 quasi
1884 2181 1984 2228 cujus
2002 2178 2165 2216 testiino-

1129 2231 1233 2268 nium
1254 2231 1299 2269 de
1320 2231 1489 2281 Cydippe
1508 2231 1635 2269 datum
1657 2259 1666 2274 ,
1701 2231 1839 2268 nullam
1861 2229 1972 2267 fidem
1993 2229 2086 2276 apud
2108 2239 2172 2276 pa-

1129 2290 1248 2318 rentes
1277 2282 1417 2329 puellae
1444 2281 1587 2320 habeat.
1615 2282 1749 2331 Neque
1776 2280 1874 2319 aliud
1902 2281 1976 2318 hoc
2001 2281 2086 2317 loco
2113 2280 2170 2317 vi-

1130 2331 1214 2369 deo.
1243 2332 1415 2370 Proxime
1435 2332 1538 2381 quod
1556 2332 1736 2382 sequitur:

1181 2389 1252 2418 Hoc
1271 2388 1386 2428 Deus,
1414 2395 1457 2422 (9³
1475 2393 1596 2428 vates,
1623 2382 1683 2419 hoc
1703 2393 1746 2422 (9⁴
1766 2394 1842 2419 mea
1861 2379 2017 2417 carmina
2035 2377 2178 2417 dicunt..

1133 2432 1235 2469 Nihil
1260 2433 1307 2469 est
1327 2461 1337 2477 ,
1375 2432 1422 2470 ad
1446 2433 1549 2482 quod
1575 2444 1786 2482 pronomen
1814 2438 1883 2466 Hoc
1904 2429 2010 2479 poffit
2035 2430 2172 2467 referri.

1130 2482 1277 2520 Deinde
1295 2483 1491 2532 quomodo
1512 2482 1766 2531 accipiendum
1782 2509 1792 2526 ,
1821 2487 1902 2516 Mea
1922 2479 2079 2516 carmina
2093 2507 2102 2524 ‚
2123 2479 2170 2516 de

1131 2532 1329 2581 Cydippe?
1359 2536 1420 2569 An
1448 2534 1485 2570 &
1512 2532 1583 2581 ipsa
1611 2532 1770 2569 carmina
1798 2531 1885 2567 fecit
1902 2558 1911 2572 ,
1938 2530 2012 2567 sive
2041 2529 2140 2567 dedit
2155 2529 2180 2566 ?1

1133 2582 1210 2620 Nisi
1234 2584 1312 2632 quis
1342 2591 1469 2631 putet,
1494 2583 1569 2619 hoc
1594 2582 1680 2619 loco
1709 2580 1903 2624 Carmina,
1929 2592 1996 2628 pro
2016 2580 2171 2618 oraculis

1132 2633 1366 2682 intelligenda
1387 2631 1469 2670 esse.
1495 2641 1535 2670 ut
1561 2632 1601 2670 sit
1624 2631 1760 2669 sensus:
1789 2637 1882 2674 Hoc,
1913 2629 1984 2677 (de
2002 2642 2100 2679 quo,
2129 2637 2171 2668 ut

1133 2683 1230 2727 dixi,
1259 2696 1335 2721 non
1364 2684 1500 2722 constat
1530 2683 1718 2720 oraculum
1739 2709 1749 2724 ,
1784 2693 1829 2718 an
1857 2680 1953 2718 aliud
1980 2681 2169 2729 quippiam

1133 2734 1387 2783 accipiendum
1416 2734 1480 2778 sit)
1510 2739 1602 2769 Deus
1625 2744 1668 2772 ω’
1686 2742 1807 2775 vates,
1835 2731 1974 2781 Apollo
2001 2731 2173 2768 videlicet

1137 2783 1207 2832 (fic
1230 2786 1329 2822 enim
1349 2784 1516 2832 videtur)
1542 2785 1579 2821 ὃς
1598 2795 1681 2820 mea
1702 2783 1883 2826 carmina,
1905 2782 1979 2819 hoc
2001 2781 2048 2818 est
2062 2809 2071 2824 ‚
2093 2793 2175 2818 orae-

1137 2835 1216 2871 cula
1236 2836 1327 2872 mihi
1344 2835 1424 2872 data
1439 2863 1449 2878 ,
1477 2834 1602 2872 dicunt
1624 2846 1665 2871 ac
1682 2841 1838 2870 monent
1852 2860 1862 2876 ,
1890 2833 1961 2869 δίς.
1987 2832 2075 2868 Hoc
2096 2832 2181 2879 qui·-

1137 2885 1221 2921 dein
1255 2884 1371 2922 modo
1400 2885 1574 2922 sententia
1602 2884 1833 2927 contexitur,
1861 2882 1921 2920 sed
1942 2893 2035 2931 quae
2054 2893 2175 2929 neque

1139 2947 1223 2972 cum
1252 2936 1504 2985 sequentibus,
1530 2946 1652 2983 neque
1681 2946 1766 2971 cum
1796 2932 2089 2982 praecedentibus
2110 2942 2176 2967 co-¹

1138 2986 1294 3023 haereat.
1333 2985 1490 3023 Proinde
1521 2987 1559 3022 &
1589 2986 1688 3022 hunc
1717 2985 1845 3021 locum
1882 2984 1956 3021 aliis
1984 2980 2176 3018 discutien—

1139 3035 1227 3073 dum
1253 3037 1514 3085 relinquemus.
1542 3036 1767 3073 Mmmus.
1802 3035 1885 3081 Jure
1912 3029 2175 3078 inexplicabilia

1138 3087 1229 3124 haec
1243 3114 1253 3130 ,
1275 3096 1311 3124 ut
1332 3099 1430 3124 nunc
1449 3086 1617 3135 leguntur
1631 3114 1640 3129 ,
1667 3086 1879 3134 pronuntiat
1899 3081 2088 3128 Micyllus,
2116 3078 2176 3116 sed

1141 3146 1180 3175 ut
1200 3138 1326 3185 aliquis
1344 3137 1459 3174 sensus
1477 3145 1667 3185 appareat,
1694 3137 1743 3172 ita
1764 3134 2037 3172 constituerem:

1196 3193 1227 3224 Is
1240 3200 1368 3236 quoque
1381 3187 1484 3233 nescio
1497 3199 1616 3236 quam,
1633 3199 1725 3221 nunc
1738 3196 1775 3220 ut
1788 3195 1877 3229 vaga
1888 3183 1992 3226 ficma
2004 3178 2192 3227 sustm‘rat,.

1249 3236 1446 3285 Ncglcffam
1468 3237 1648 3286 queritur,
1675 3233 1784 3281 testis,
1812 3230 1932 3268 habere
1942 3228 2061 3277 fidem,
2140 3283 2169 3319 F

2171 3287 2188 3322 ἓ
