2553 3676
285 209 387 261 534
774 185 838 242 Ῥ.
914 186 1329 244 ovtD11

1404 186 1937 244 NASONIS

567 274 732 348 ‘Quos
756 293 860 348 ego
886 275 1191 347 composui,
1229 274 1439 346 Peligni
1462 273 1597 329 ruris
1620 274 1886 329 alumnus:

652 348 770 403 Nec
796 366 884 403 me
911 348 1135 405 deliciae
1159 348 1465 404 dedecuere
1490 364 1656 402 meae.

502 439 538 490 5
578 421 631 476 Si
658 421 790 493 quid
814 420 871 475 id
896 421 998 488 est,
1035 441 1205 497 usque
1229 424 1259 476 a
1281 420 1491 493 proavis
1517 433 1669 476 vetus
1695 421 1898 476 ordinis
1923 419 2107 482 heres5⁹

652 495 780 549 Non
804 495 975 553 modo
999 496 1219 552 militiae
1244 493 1457 549 turbine
1482 491 1647 546 factus
1672 512 1849 566 eques,

580 566 807 623 Mantua
830 568 1063 642 Virgilio
1086 569 1314 642 gaudet,
1354 564 1576 645 Verona
1601 564 1840 621 Catullo:

655 641 907 714 Pelignae
931 644 1080 696 dicar
1105 638 1274 711 gloria
1302 649 1476 708 gentis
1505 653 1626 707 ego.

579 713 760 788 Quam
783 718 869 770 sua
894 715 1107 768 libertas
1132 712 1200 766 ad
1226 708 1445 765 honesta
1471 716 1728 781 coegerat
1755 728 1924 774 arma,

473 803 539 841 πο
651 788 795 842 Cum
820 786 1000 842 timuit
1023 785 1188 844 socias
1217 784 1372 842 anxia
1394 782 1576 840 Roma
1599 801 1804 838 manus.

337 1004 433 1039 „Haec
452 999 592 1037 baccam
613 1002 757 1039 conchae
776 999 906 1050 rafiffe‚
935 1010 979 1041 (9·
989 1000 1155 1050 stringere
1174 1011 1305 1043 venas,

341 1051 523 1089 Ferventis
539 1052 665 1102 massae
685 1052 788 1091 crudo
809 1053 850 1089 de
862 1052 1009 1103 pulvere
1021 1052 1131 1102 juffit.

286 1121 361 1162 Pro
382 1123 575 1165 corrafiffe.
595 1125 643 1165 fic
659 1127 737 1174 rasa
753 1128 939 1165 literarum
954 1128 1095 1175 vestigia
1111 1125 1208 1174 apud
1221 1124 1343 1173 Quin-

289 1175 457 1213 tilianum
477 1177 539 1214 lib.
556 1189 585 1214 1.
599 1189 677 1226 cap.
695 1191 722 1215 r.
748 1183 793 1214 Et
817 1178 954 1215 celerius
973 1192 1013 1215 ac
1024 1178 1160 1227 saepius
1171 1174 1344 1227 fhquendo

289 1230 371 1274 rasa
406 1226 546 1276 vestigia
567 1227 732 1275 firmabit
770 1229 944 1265 articulos.
988 1228 1188 1279 quomodo
1220 1227 1293 1265 illic
1324 1225 1344 1263 ὲ

290 1278 448 1326 vestigiis
478 1288 645 1317 veterum
686 1281 863 1317 librorum
893 1279 1027 1318 eruditi
1064 1281 1251 1318 homines.
1296 1277 1344 1315 fic

286 1330 371 1379 casa
387 1330 489 1366 litera
509 1331 605 1378 apud
628 1331 803 1368 Nostrum
825 1344 854 1368 1.
872 1331 1008 1369 Amor.
1027 1331 1130 1380 Eleg.
1150 1344 1204 1368 xx.
1224 1329 1344 1366 radere

290 1393 380 1419 cum
407 1381 554 1430 vestigiis
583 1383 776 1431 conjungit
803 1395 958 1432 quoque
985 1382 1169 1421 Paunmus
1198 1382 1259 1419 lib.
1288 1393 1343 1419 xv.

288 1432 339 1471 de
361 1433 435 1471 vita
457 1434 629 1477 Martini;
651 1434 697 1471 de
720 1446 851 1474 curru:

344 1507 409 1542 Sed
426 1507 580 1550 [ammae
599 1507 666 1544 vix
686 1508 785 1558 dorsa
805 1508 887 1546 viae
904 1507 1036 1559 vertigo
1055 1517 1215 1546 rotarum

343 1558 512 1604 Raderet,
539 1559 638 1597 haud
658 1561 728 1598 ullo
738 1560 884 1611 fignans
901 1561 1043 1610 vestigia
1054 1560 1162 1610 sulco.

293 1631 420 1670 Simile
438 1632 619 1673 mendum
640 1648 685 1674 ex
703 1636 897 1686 Propertio
920 1637 1039 1676 sustuli
1057 1637 1118 1676 lib.
1137 1651 1184 1677 11.
1208 1638 1265 1676 El.
1286 1649 1322 1677 1.

342 1719 415 1752 Hoc
425 1711 460 1761 ſs
479 1713 556 1764 quis
578 1715 712 1751 vitium
729 1714 854 1763 poterit
876 1714 966 1752 mihi
990 1715 1144 1760 demere,
1162 1713 1259 1765 solus

399 1765 574 1801 Tantalea
588 1767 714 1816 poterit
730 1767 851 1804 radere
861 1776 965 1816 poma
983 1780 1108 1805 manu.

293 1847 353 1886 Sic
373 1845 473 1883 enim
494 1843 722 1882 scribendum
748 1844 892 1883 censeo.
925 1844 1057 1882 Radere
1081 1856 1149 1895 pro
1173 1840 1348 1880 corradere

292 1897 416 1948 posuit
442 1896 574 1934 Noster
593 1897 752 1934 Metam.
770 1896 831 1933 lib.
852 1909 932 1935 xiv.
952 1897 1037 1944 416.

347 1977 490 2026 Rascrat
511 1976 681 2014 Occidam
698 1975 862 2026 Tarteffia
883 1977 1005 2015 littora
1025 1977 1190 2018 Phoebus.

296 2055 357 2092 Sic
377 2054 416 2091 δε
438 2053 489 2091 11)1
514 2056 649 2103 opinor
671 2052 742 2092 esse
764 2057 1036 2105 reponendum.
1064 2058 1164 2095 Nam
1183 2056 1263 2094 libri
1282 2065 1348 2092 ve-

297 2104 465 2143 tustiores
489 2133 498 2149 ,
535 2106 718 2155 Sparserat.
746 2109 914 2157 vulgati,
944 2108 1122 2158 Presserat.
1158 2109 1277 2145 radere
1306 2106 1350 2142 li-

299 2167 377 2193 tora
403 2156 579 2206 Virgilius
606 2169 758 2208 quoque
784 2159 901 2207 dixit,
929 2160 995 2199 etsi
1026 2161 1099 2199 alio
1129 2160 1229 2199 sensu
1247 2187 1258 2206 ,
1286 2157 1350 2197 lib.

297 2218 372 2246 -vn,
405 2219 462 2247 10.

350 2284 520 2323 Proxima
537 2285 699 2324 Circaeae
720 2286 900 2325 raduntur
917 2287 1022 2326 litora
1040 2297 1162 2327 terrae..

302 2358 352 2401 Et
370 2360 433 2400 lib.
449 2375 487 2402 v,
510 2365 590 2414 169.

354 2436 418 2473 Ille
436 2437 527 2475 inter
547 2452 745 2491 navemque
764 2448 859 2492 Gyae
868 2442 1087 2496 scopulosque
1096 2443 1281 2493 fimantesq

353 2486 447 2539 Rafit
468 2490 534 2527 iter
553 2490 697 2529 laevum
713 2493 869 2532 interior.

302 2568 426 2607 Valer.
452 2567 601 2607 Flaccus
630 2569 690 2607 lib.
718 2582 755 2609 v.
779 2584 862 2620 109.
889 2571 972 2609 alba
995 2571 1183 2611 Carambis
1196 2571 1356 2610 Raditur

303 2620 349 2656 ab
382 2623 483 2670 Argo
516 2622 700 2660 videlicet.
722 2623 803 2670 jam
828 2625 970 2662 raditur
997 2626 1074 2663 alta
1102 2633 1230 2663 Leucas
1258 2625 1356 2675 apud

306 2670 462 2710 Statium
491 2673 553 2711 lib.
581 2686 627 2710 ιι.
655 2674 791 2712 Achill.
819 2678 896 2726 pari
922 2678 1052 2716 modo.
1081 2681 1170 2728 ripas
1194 2677 1357 2715 radentia

304 2719 457 2771 flumina
484 2724 678 2763 Lucretius
707 2725 871 2766 similiter
899 2728 991 2766 dixit
1010 2730 1071 2767 lib.
1092 2743 1128 2767 v.
1160 2742 1242 2778 257.
1274 2730 1358 2767 No»

307 2772 375 2810 ster
396 2801 405 2817 ,
434 2772 519 2822 ficco
540 2777 639 2821 freta
668 2778 787 2815 radere
814 2779 907 2830 passu
936 2781 1190 2831 Metamorph.
1216 2793 1251 2818 x.
1275 2781 1359 2828 654.

307 2824 450 2862 Medic.
477 2825 598 2863 Faciei
624 2828 684 2873 85.
718 2830 858 2867 radenti
885 2831 1008 2869 tubera
1039 2833 1131 2870 nitro
1157 2832 1207 2870 est
1234 2833 1361 2882 legen-

308 2875 415 2920 dum,
433 2888 498 2924 pro
520 2878 694 2916 eradenti.
717 2880 764 2918 fic
783 2883 903 2919 radere
921 2897 1044 2921 nomen
1056 2885 1160 2933 fastis
1175 2885 1273 2934 apud
1296 2885 1362 2922 Ci-

310 2939 486 3016 gtttrlonem
497 2939 574 3014 6pro
593 2929 751 2967 eradere.
776 2932 824 2970 sic
843 2935 940 2982 apud
957 2935 1087 2975 Claud.
1108 2949 1153 2976 11.
1174 2936 1220 2976 de
1242 2937 1361 2977 Laud.

353 2991 425 3016 iic.
447 2989 494 3027 30
524 3008 531 3016 .

365 3046 544 3094 Propriam
570 3047 683 3085 lahem
711 3049 819 3100 rasiffie
845 3050 1012 3090 laborent.

312 3114 346 3152 E
385 3115 477 3153 fastis
515 3118 606 3155 nim.
650 3127 690 3157 ut
726 3120 799 3159 illic
834 3122 1092 3172 corrigendum
1134 3127 1364 3167 monuimus.

311 3166 434 3203 radere
455 3167 580 3206 cultros
602 3170 761 3209 Martial.
781 3173 842 3211 lib.
865 3187 918 3211 υς.
941 3176 1047 3224 Epig.
1071 3188 1237 3216 Lxxvm.

364 3231 654 3334 Desszjzferraassemel
665 3236 821 3287 summos
842 3239 940 3278 modo
955 3250 1109 3292 purpura
1129 3242 1256 3281 cultros

1399 995 1460 1034 Sic
1489 995 1720 1034 scribendum
1750 1004 1854 1047 puto„
1880 997 1985 1048 quod
2010 997 2208 1038 mollitiem
2233 1000 2448 1050 capillorum
2515 982 2517 1015 ²

1398 1048 1543 1096 optime
1575 1049 1757 1096 exprimit.
1795 1049 1932 1099 vulgo,
1952 1051 2127 1101 sparserat
2149 1079 2159 1095 ‚
2188 1052 2227 1089 ὃς
2253 1056 2300 1088 Et
2328 1051 2450 1094 libata.

1395 1098 1488 1135 lima
1517 1098 1638 1135 radere
1667 1098 1797 1136 librum
1830 1102 1962 1139 Noster
1986 1114 2029 1140 11.
2051 1115 2096 1140 ex
2117 1103 2228 1141 Pont.
2253 1115 2305 1140 xv.
2331 1114 2385 1151 17.
2413 1104 2452 1143 ὃς

1401 1150 1562 1188 Martial.
1596 1163 1631 1188 x.
1668 1151 1789 1200 Epigr.
1829 1165 1862 1190 2.
1899 1152 2057 1202 Tybridis
2093 1154 2190 1190 unda
2228 1154 2325 1191 radit
2359 1147 2457 1192 latus⁴

1400 1200 1489 1239 Fast.
1524 1214 1551 1239 1.
1582 1214 1665 1248 242.
1704 1203 1867 1254 Aquosus
1898 1209 2013 1241 Eurus
2041 1218 2136 1242 arva
2162 1205 2260 1242 radit
2287 1204 2478 1244 imbribus·

1402 1253 1563 1290 Horatio
1592 1253 1713 1302 Epod.
1744 1266 1823 1292 xvi.
1853 1257 1892 1293 ὃς
1920 1256 2038 1306 aquilo
2067 1256 2165 1294 radit
2193 1267 2304 1294 terras
2332 1258 2455 1297 eidem
2532 1270 2553 1294 15⁴

1399 1303 1461 1343 111).
1487 1318 1529 1342 11.
1553 1305 1623 1342 Sat.
1645 1317 1698 1341 vx.
1721 1306 1936 1345 HEstius.

1451 1367 1486 1402 4.
1523 1355 1714 1392 Dede-caere
1741 1371 1847 1395 meae.
1870 1358 1886 1408 ]

1389 1458 1475 1510 *jam
1502 1457 1746 1506 praecesserat.
1776 1460 1988 1500 HEtusius.
2016 1462 2205 1512 Nequitiae
2226 1464 2339 1501 etiam
2362 1464 2456 1503 olim

1399 1509 1590 1547 maluerat.
1615 1510 1677 1548 sed
1706 1510 1848 1548 deliciae
1877 1514 1938 1551 hic
1967 1512 2069 1552 idem
2102 1515 2179 1552 fere
2209 1523 2342 1553 notant
2362 1543 2372 1561 ,
2415 1522 2458 1554 ut

1399 1560 1464 1598 lib.
1482 1573 1547 1600 ut.
1570 1563 1651 1599 Art.
1670 1563 1755 1611 649.

1455 1614 1490 1650 6.
1518 1618 1599 1649 Non
1621 1613 1720 1649 modb
1741 1612 1892 1651 militiae
1913 1615 2053 1653 turbine
2062 1617 2184 1662 fafc'us
2201 1616 2336 1667 eques]
2369 1621 2457 1655 Tur-

1402 1662 1481 1700 bine
1507 1672 1600 1712 puto
1634 1663 1746 1708 dixit,
1774 1676 1842 1713 pro
1863 1667 2085 1705 turbulentia
2111 1670 2148 1705 ὃς
2175 1667 2455 1716 inquietudine:
2530 1681 2539 1716 ζ

1402 1723 1466 1752 aut
1487 1713 1586 1752 certe
1605 1726 1672 1763 pro
1696 1716 1884 1755 rotatione
1911 1729 2095 1767 equorum
2110 1746 2120 1762 ,
2149 1731 2243 1768 quos
2264 1720 2302 1757 in
2323 1731 2457 1768 gyrum
2528 1724 2534 1773 J

1401 1767 1652 1816 circumagere
1677 1766 1851 1805 solebant.
1880 1770 1972 1817 Quo
1994 1770 2151 1807 nomine
2173 1770 2362 1820 Sequanos
2381 1771 2459 1809 l-au-

1401 1817 1463 1858 dat
1485 1819 1659 1856 Lucanus
1674 1846 1684 1862 ,
1714 1830 1801 1857 cum
1819 1819 1941 1869 inquit
1958 1821 2053 1859 libro
2079 1834 2110 1859 1.

1455 1882 1598 1935 Optima
1613 1884 1811 1937 gensflexis
1827 1886 1865 1924 in
1878 1901 2006 1937 gyrum
2024 1895 2186 1940 Sequana
2193 1892 2332 1939 frenis,
2359 1894 2436 1935 &ci
2495 1923 2497 1926 ι
2524 1898 2526 1926 ἱ

2262 836 2445 933 Atque
2515 942 2517 952 ,
2551 883 2553 915 :

1927 1359 2060 1397 Malim
2077 1387 2087 1404 ‚
2115 1369 2197 1397 tuae
2218 1387 2229 1403 ,
2264 1372 2349 1399 cum
2377 1372 2455 1399 uno

1399 1407 1557 1444 Moreti.
1583 1419 1671 1445 nam
1703 1409 1788 1445 meis
1815 1409 1878 1447 sub
1905 1409 2020 1448 finem
2046 1412 2209 1459 proximi
2234 1412 2459 1460 pentametri
2528 1415 2553 1453 ’.ι

1403 1962 1630 2012 Metaphora
1658 1965 1802 2016 sumpta
1829 1967 1889 2004 vel
1910 1965 1931 2004 ᾗ
1962 1976 2078 2006 vento
2098 1970 2371 2019 tempestuoso,
2399 1971 2459 2012 vel
2524 1947 2527 1959 Ι

1400 2014 1449 2053 ab
1465 2015 1711 2056 instrumento
1730 2018 1880 2056 lusorio.
1917 2019 2032 2068 Quasi
2055 2019 2152 2058 dicat
2173 2034 2182 2059 ε
2220 2022 2311 2060 Non
2338 2023 2460 2069 bello,

1405 2074 1468 2105 aut
1490 2075 1566 2105 arte
1587 2069 1707 2118 aliqua
1728 2069 1877 2107 militari
1901 2071 2106 2120 equestrem
2130 2071 2347 2121 dignitatern
2371 2087 2461 2113 con-

1406 2118 1548 2156 secutus
1566 2119 1669 2158 sum:
1688 2120 1749 2158 sed
1770 2119 1791 2157 a
1812 2122 2011 2169 majoribus
2032 2125 2180 2172 accepi,
2210 2125 2284 2162 &c.
2305 2126 2459 2165 Marcu.

1407 2169 1637 2209 Sententiam
1665 2172 1773 2220 hujus
1796 2173 1966 2210 carminis
1993 2182 2079 2222 pete
2102 2173 2122 2212 e
2146 2175 2205 2212 lib.
2227 2187 2281 2212 xv.
2303 2176 2342 2213 δε
2362 2177 2463 2226 Eleg.

1406 2220 1473 2260 mr.
1497 2221 1607 2260 Trist.
1632 2223 1846 2261 Cxormus.
1875 2224 2066 2272 Quidam,
2089 2231 2171 2262 Non
2188 2226 2286 2262 modo
2303 2228 2464 2270 fbrtunae

1408 2284 1572 2317 munere,
1585 2281 1626 2311 ut
1646 2286 1701 2312 xv.
1724 2275 1835 2313 Trist.
1853 2288 1888 2313 x.
1909 2275 1944 2314 8.
1966 2276 2183 2315 HHNsms.
2203 2279 2310 2316 Unus
2328 2280 2463 2325 etiam,

1409 2335 1480 2360 non
1504 2337 1558 2372 ego
1579 2326 1750 2371 fortunae
1772 2339 1926 2364 munere.

1464 2385 1497 2420 7„
1535 2381 1706 2415 Mantua.
1724 2375 1740 2426 ]
1779 2377 1869 2416 Hoc
1905 2377 2086 2417 distichon
2119 2379 2342 2428 ponendum
2370 2379 2465 2428 effes

1410 2425 1491 2474 post
1509 2426 1664 2477 sequens
1677 2457 1687 2473 ‚
1716 2430 1832 2477 Qem
1851 2439 1915 2466 tua
1930 2457 1939 2472 ,
1968 2430 2135 2468 censebat
2155 2432 2304 2470 Douza.

1462 2476 1498 2514 8.
1525 2478 1688 2528 Pelignae
1714 2480 1812 2516 dicar
1834 2479 1947 2528 gloria
1972 2481 2085 2530 gentis
2114 2481 2208 2532 ega]
2240 2483 2299 2521 Sic
2324 2482 2466 2532 prorsus

1409 2527 1610 2578 legendum
1640 2543 1687 2568 ex
1716 2532 1900 2570 veteribus
1919 2533 2209 2582 exemplaribus,
2239 2534 2278 2572 δε
2297 2535 2467 2572 carminis

1410 2579 1599 2620 suavitate.
1628 2582 1845 2620 CloFANUS.

1464 2645 1500 2681 9.
1528 2635 1645 2682 Qem
1663 2634 1733 2682 sua
1763 2634 1945 2686 libertas]
1975 2634 2028 2673 Ita
2055 2635 2212 2686 quidem
2239 2637 2277 2674 In
2296 2635 2469 2676 omnibus

1411 2693 1490 2723 tam
1522 2685 1698 2734 impressis
1719 2714 1731 2731 ‚
1768 2685 1883 2736 quarn
1921 2686 2172 2734 manuscriptis
2202 2688 2469 2737 exemplaribus

1413 2737 1573 2785 legitur:
1610 2745 1867 2787 praeterquam
1895 2738 1934 2776 in
1961 2738 2203 2776 vetustiffimo
2231 2739 2297 2776 illo
2316 2767 2327 2781 .
2366 2737 2469 2789 quod

1416 2788 1508 2825 olim
1538 2788 1745 2827 Franciscus
1775 2790 1998 2828 Mocenicus
2029 2790 2178 2839 (quem
2209 2798 2361 2839 propter
2394 2791 2468 2839 ejus

1418 2840 1584 2888 egregios
1615 2840 1731 2878 animi
1760 2852 1906 2885 mores,
1936 2842 1973 2879 ὃς
1998 2842 2136 2890 ingenii
2157 2840 2286 2886 dotes,
2316 2841 2470 2879 chariffi·

1418 2903 1524 2928 mum
1546 2891 1690 2937 habeo)
1727 2892 1821 2929 mihi
1848 2892 1981 2931 attulit.
2017 2892 2060 2929 ld
2084 2893 2273 2941 exemplar
2299 2892 2467 2941 scriptum

1417 2942 1527 2980 habet
1541 2971 1551 2985 ‚
1579 2945 1703 2991 Qum
1718 2943 1787 2991 sua
1806 2942 1949 2979 libertas
1968 2959 1979 2978 .·
2009 2943 2048 2979 &
2069 2943 2164 2981 hanc
2183 2955 2309 2981 veram
2333 2941 2402 2981 effe
2419 2943 2469 2980 le·

1419 2994 1607 3037 ctionem,
1639 2994 1698 3030 vel
1729 3004 1868 3041 magno
1894 2994 2050 3042 pignore
2076 2994 2345 3032 contenderim.
2372 2994 2467 3032 Nam

1419 3043 1446 3081 fi
1468 3046 1583 3090 {Qem
1607 3043 1736 3090 legeris
1759 3070 1769 3086 ,
1803 3042 1947 3082 neceffe
1967 3044 2017 3081 est
2047 3053 2085 3082 ut
2105 3045 2150 3083 ad
2170 3046 2358 3083 Nasonem
2378 3045 2470 3082 refe-

1420 3105 1497 3130 ras:
1525 3092 1571 3130 de
1589 3104 1666 3141 quo
1690 3105 1871 3142 nusquam
1889 3094 2048 3144 legitur,
2076 3104 2116 3134 ut
2138 3097 2324 3141 militarit,
2352 3095 2414 3133 nifi
2430 3095 2468 3132 in

1421 3144 1574 3180 Amoris
1606 3143 1734 3181 castris.
1769 3145 1961 3184 Praeterea
1996 3147 2058 3184 hic
2094 3159 2159 3196 per
2185 3148 2296 3196 finias
2325 3158 2469 3189 manus,

1421 3194 1514 3232 bella
1533 3194 1677 3232 socialia
1696 3195 1933 3246 intelligimus
1947 3226 1957 3242 ,
1985 3198 2117 3248 quibus
2137 3199 2296 3237 Ovidius
2317 3193 2471 3235 minime
2530 3212 2531 3216 ¹

1420 3244 1589 3284 intercise
1617 3247 1769 3295 potuit:
1808 3248 1929 3286 multo
1961 3261 2061 3287 enim
2090 3258 2176 3288 ante
2205 3251 2281 3299 ejus
2303 3257 2471 3296 tempora

1422 3296 1520 3348 gesta
1544 3296 1636 3336 sunt.
1666 3298 1842 3338 Omnino
1868 3301 1979 3351 igitur
2003 3301 2203 3353 legendum
2226 3300 2299 3345 est,
2326 3300 2476 3386 {⁸52⁷ch
