2553 3676
697 178 1238 240 AMORUM
1311 201 1487 239 Lrss.

1562 186 1599 241 I.
1678 192 1723 247 8.
2144 201 2238 261 363

391 278 607 334 Parcius
628 273 832 343 exigito
856 271 1088 343 pretium
1105 310 1119 334 ,
1159 271 1291 327 dum
1314 275 1448 330 retia
1471 275 1677 340 tendiS,

284 367 350 416 70

459 351 543 403 Ne
565 345 784 416 fugiant.
821 356 1005 415 captos
1027 343 1231 415 legibus
1256 363 1354 400 ure
1378 349 1494 402 tuiS.

388 422 504 477 Nec
529 417 713 472 nocuit
739 416 1004 472 simulatus
1028 434 1194 471 amor.
1236 417 1341 472 fine
1366 421 1551 474 credat
1578 423 1766 478 amari:

460 489 566 546 Sed
591 507 748 555 cave,
784 508 852 545 ne
875 491 1035 563 gratis
1062 490 1150 545 hic
1175 490 1272 547 tibi
1295 491 1502 548 constet
1526 510 1692 548 amor.

91 691 200 733 Poffis
220 692 351 730 etiam:

142 751 214 781 Nec
233 753 265 778 te
282 740 451 790 decipiant
467 749 597 780 veteres
614 741 742 780 circum
760 743 856 781 atria
874 757 977 782 cerae.

92 796 146 832 Ut
174 806 194 831 a
222 794 408 830 Puteaneo
423 792 515 830 libro
535 794 735 832 minimum
755 795 938 833 abeamus.
966 795 1126 834 Fontem

91 845 216 883 erroris
244 844 337 880 refer
364 842 408 880 ad
437 843 517 893 quir
542 857 588 880 ua
622 845 681 882 vel
719 846 848 896 quirqu
871 874 882 890 ,
928 847 1126 895 quomodo

89 896 209 945 primo
239 901 424 932 exaratum
446 895 498 931 fui
530 906 571 937 6,
592 895 673 933 elisa
700 898 749 933 ob
774 895 989 946 sequentem
1014 910 1128 936 voca-

61 942 65 948 ’
86 946 161 984 lem
187 945 314 983 ultima
344 945 499 994 syllaba,
519 945 675 984 videtur.
711 946 862 998 quirqua
892 948 948 985 vel
975 948 1127 999 quirqu,

87 1008 154 1046 pro
171 996 259 1033 circa
278 995 338 1033 vel
355 996 495 1033 circum.
521 1005 561 1034 ut
581 997 699 1048 quivis
716 1010 783 1046 pro
802 998 912 1042 civis,
942 1000 979 1035 &
998 999 1128 1038 similia

83 1047 208 1097 paffim
239 1047 277 1084 in
315 1055 482 1084 veterum
514 1049 781 1086 monumentis.
819 1049 915 1097 apud
950 1050 1126 1089 Nostrum

83 1099 174 1137 Arte
201 1098 394 1135 Amatoria
419 1111 535 1148 quave
563 1112 632 1148 pro
659 1112 755 1139 cave.
783 1100 926 1138 Circum
943 1101 1061 1149 atria,
1088 1110 1130 1141 ut

34 1171 35 1174 =
84 1148 274 1188 Aeneidos
297 1149 453 1197 septimo
475 1149 559 1198 378.

132 1205 205 1237 C'eu
224 1200 402 1250 quondam
422 1209 509 1236 torto
528 1200 683 1238 volitans
691 1201 759 1250 sub
780 1202 918 1239 verbere
933 1204 1034 1241 turbo
1047 1233 1057 1250 ‚

131 1253 250 1299 ¹{Quem
260 1251 358 1300 pueri
376 1264 498 1299 magno
516 1250 555 1288 in
571 1265 653 1301 gyro
674 1265 791 1289 vacua
808 1253 904 1289 atria
925 1254 1054 1292 circum

134 1302 265 1338 Intenti
284 1301 364 1337 ludo
380 1311 545 1340 exerceat.

79 1351 192 1389 Certe
211 1352 299 1389 illud
316 1351 546 1403 quinquatria
567 1363 646 1391 non
669 1353 717 1391 est
736 1355 869 1399 nauci,
895 1367 1125 1407 quamquam

79 1403 208 1441 erroris
235 1403 439 1440 inveterati.
466 1404 601 1453 Gaspar
629 1405 793 1443 Barthius
818 1406 1123 1447 Adversariorum

76 1451 168 1491 libro
189 1465 224 1490 x.
244 1464 321 1502 cap.
341 1465 464 1491 xxvxi.
483 1454 572 1493 illud
589 1464 731 1494 temere
753 1457 1053 1505 ampleetendum
1074 1460 1124 1498 est

78 1511 194 1549 ratus,
223 1515 308 1542 curn
328 1504 365 1541 in
389 1504 507 1553 gloffis
526 1506 670 1544 ineditis
690 1507 806 1545 Fausti
832 1509 994 1550 Romani
1019 1511 1125 1548 inve-

76 1553 181 1593 nisset
194 1569 204 1598 ;
234 1555 479 1605 {Quinquatria
502 1557 650 1605 porticus
672 1557 715 1604 est
732 1558 886 1609 quinque
906 1559 1126 1597 ambulacro·

28 1618 30 1638 1
75 1618 169 1642 rum.
197 1607 234 1643 ὃς
262 1606 359 1653 apud
379 1606 552 1654 Papiam,
580 1607 826 1657 {Quinquatria
847 1609 1000 1658 quinque
1011 1610 1123 1659 porti-

27 1661 30 1699 1
75 1668 193 1693 corum
219 1656 382 1694 ambitus.
411 1658 449 1693 &
476 1657 585 1702 ideo,
613 1671 671 1694 nec
696 1668 728 1694 te
758 1658 902 1707 decipiat
928 1661 1121 1700 contendit

4 1718 29 1743 η
74 1705 286 1754 legendum.
325 1707 393 1744 Sed
421 1707 566 1757 decepit
592 1707 865 1757 gloffographos
895 1709 975 1748 illos
1001 1723 1120 1762 aeque

28 1767 29 1785 1
74 1767 118 1794 ac
140 1757 326 1795 Barthium
353 1758 469 1806 ipsum
494 1759 597 1797 locus
623 1760 684 1797 hic
714 1760 869 1797 Nasonis
895 1773 972 1799 non
1003 1774 1121 1811 nuper

74 1807 281 1846 mendosus.
301 1809 338 1845 in
360 1810 462 1845 atriis
482 1811 688 1854 enim,non
708 1812 744 1848 in
765 1812 1121 1862 porticibus‚imagi-

69 1870 136 1897 nes
165 1859 362 1906 nobilitatis
392 1861 586 1898 Romanae
612 1860 908 1909 disponebantur.
943 1875 1014 1900 nec.
1040 1865 1122 1902 feli-

26 1909 29 1946 }
73 1910 148 1948 cius
166 1910 221 1947 alii
244 1910 291 1948 ad
311 1911 469 1949 natalem
495 1911 649 1949 Nasonis
666 1912 776 1949 alludi
796 1912 1033 1958 arbitrantur,
1053 1917 1117 1964 qui

73 1960 254 1998 incidebat
284 1962 319 1999 in
348 1961 594 2011 quinquatrus.
621 1974 694 2012 qua
725 1962 990 2011 significatione
1013 1967 1116 2015 quin-

71 2013 215 2062 quatria
238 2013 412 2050 Latinum
434 2024 512 2050 non
539 2013 597 2050 est.
629 2014 709 2050 Nec
726 2014 807 2051 sane
829 2022 903 2051 tam
929 2015 974 2052 ad
997 2016 1115 2064 ipsum

26 2061 27 2105 1
74 2062 262 2100 Nasonem
294 2064 502 2102 referendus
531 2065 591 2101 hic
619 2063 722 2102 locus
748 2093 757 2109 ‚
793 2077 907 2114 quam
945 2066 991 2103 ad
1027 2068 1118 2105 alios

25 2110 27 2152 l
71 2123 328 2163 quoscumque
375 2113 566 2163 primariae
609 2115 806 2153 nobilitatis
847 2118 956 2154 viros.
1015 2118 1114 2156 Naso

18 2166 27 2179 ¹
70 2164 172 2204 enim
196 2192 206 2207 ,
241 2165 305 2201 etii
337 2167 508 2214 antiquae
537 2166 733 2204 nobilitatis
754 2195 764 2211 ,
801 2175 926 2205 tamen
963 2169 1116 2217 equestri

25 2213 27 2283 4
70 2213 157 2251 1060
187 2224 314 2258 natuS,
346 2228 389 2253 an
422 2218 481 2265 jus
511 2217 676 2254 habuerit
710 2217 891 2266 prodendi
928 2220 1115 2268 majorum

73 2265 248 2314 imagines
270 2267 306 2303 in
331 2268 548 2316 atriis,jure
577 2269 615 2305 in
648 2267 801 2306 dubium
831 2271 956 2307 vocari
986 2271 1116 2319 potest.

25 2285 27 2356 l
72 2315 148 2353 Stat
176 2324 298 2353 tamen
337 2330 404 2366 pro
435 2319 578 2367 xgulgata
610 2319 781 2368 scriptura
806 2347 814 2362 ‚
852 2332 1010 2370 eamque
1037 2334 1115 2359 non

25 2359 27 2414 l
71 2367 192 2415 paucis
219 2368 363 2406 1111111111
392 2369 554 2406 Andreas
582 2371 778 2418 Querneus
808 2371 1053 2420 Egregiorum
1073 2374 1117 2411 li-

25 2419 26 2432 *
73 2417 180 2454 bello.
211 2418 350 2467 Lipsius
375 2420 412 2456 in
440 2420 574 2457 Eleffls
601 2421 661 2458 lib.
689 2434 715 2458 r.
747 2433 824 2470 cap.
846 2434 948 2459 xxxx.
971 2423 1117 2472 castiga-

24 2468 25 2474 ’
73 2467 133 2506 bat
147 2497 155 2510 ‚
183 2471 290 2506 veteri
308 2472 419 2507 cincla
437 2471 531 2506 atria
552 2485 637 2507 cera.
667 2472 882 2509 Ludovicus
905 2473 1115 2513 Orleantius

74 2518 119 2557 ad
139 2519 261 2558 Taciti
277 2522 336 2558 lib.
355 2534 400 2558 tx.
422 2522 554 2559 Annal.
576 2522 746 2560 audaster
763 2523 952 2571 profecto:

126 2576 195 2607 Nee
213 2582 243 2608 te
260 2572 431 2622 decipiant
450 2586 520 2621 qua
540 2573 681 2622 cingunt
698 2574 793 2610 atria
816 2588 917 2612 cerae.

73 2620 168 2658 Mihi
191 2621 388 2672 aliquando
412 2624 581 2662 veniebat
598 2626 635 2662 in
655 2633 820 2662 mentem
836 2653 846 2670 ‚
867 2627 977 2663 veteri
988 2628 1116 2675 junffa

71 2672 166 2708 atria
187 2687 282 2719 cera,
309 2687 376 2724 pro
399 2677 612 2714 continuata
628 2705 636 2719 ‚
664 2676 790 2725 plena,
809 2686 852 2714 ut
872 2678 930 2715 alii
949 2678 1111 2728 loquun-

72 2730 140 2759 tur.
175 2725 315 2764 HEms.
362 2727 571 2765 Demsterus
607 2727 651 2764 ad
680 2727 805 2765 Rofin.
834 2730 961 2779 Antiq.
987 2730 1049 2768 lib.
1079 2743 1108 2768 t.

74 2784 153 2820 cap.
163 2785 213 2823 13.
226 2776 335 2824 Lipfii
348 2779 599 2828 conjedturam
611 2791 688 2816 non
699 2778 978 2827 improbabilem
992 2790 1108 2829 putat,

73 2823 172 2880 16616
201 2826 363 2865 refellens
401 2830 671 2868 correffionem
700 2830 873 2878 Naugerii
898 2859 907 2872 ‚
948 2832 1115 2881 Qinque

74 2879 202 2931 Arria.⁴
226 2876 397 2932 Naugerii
409 2907 419 2923 ,
437 2882 549 2918 tacito
567 2883 644 2930 ejus
664 2882 820 2918 nomine
833 2910 841 2924 ‚
860 2882 1112 2931 conjeeturam

75 2925 138 2962 sibi
168 2924 328 2964 vindicat
353 2930 538 2969 Marcilius
563 2932 608 2969 ad
626 2932 715 2970 Pers
714 2961 719 2968 .
743 2932 813 2970 Sat.
838 2945 899 2970 111.
919 2934 1114 2972 sed‘absut-

76 2975 153 3013 de:
191 2988 276 3013 nam
308 2978 457 3034 quinque
490 2983 577 3019 atria
606 2981 708 3021 fuisse
735 2984 799 3021 uni
833 2983 964 3022 domui
983 3013 992 3028 ,
1034 2986 1114 3035 quis

75 3038 255 3076 umquam
276 3028 363 3077 legit
382 3027 397 3065 ἓ
425 3031 678 3079 ineptiffimam
704 3046 794 3072 vcro
815 3036 996 3073 rationem
1017 3036 1116 3074 addit

74 3077 262 3117 Marcilius
287 3108 296 3123 ‚
331 3080 417 3128 quia
448 3088 488 3117 ut
513 3083 618 3120 unius
640 3086 755 3132 gentis
778 3086 937 3124 familiae
957 3115 967 3131 ‚
1004 3088 1052 3125 ita
1073 3089 1112 3125 &

73 3130 199 3176 partita
218 3131 421 3179 imaginum
438 3131 536 3167 atria.
562 3132 622 3170 sed
643 3146 704 3172 cur
722 3147 808 3184 ergo
822 3138 986 3187 quinque
1009 3150 1113 3187 prae-

75 3180 181 3221 cipue
207 3183 294 3219 atria
323 3182 432 3230 elegit
457 3181 602 3219 Poeta?
630 3195 694 3227 an,
720 3188 804 3234 quia
833 3198 975 3226 amator
1004 3190 1112 3239 hujus

78 3233 218 3279 puellae
245 3245 290 3270 ex
314 3241 424 3281 gente
441 3261 451 3277 ‚
479 3245 573 3281 quae
598 3233 637 3270 in
662 3235 825 3283 quinque
854 3238 1009 3277 familias
1037 3249 1113 3278 erat

77 3280 183 3321 divisa
198 3311 210 3330 ,
238 3284 277 3322 ὃς
302 3284 388 3323 ideo
412 3283 577 3334 quinque
597 3285 685 3322 atria
707 3296 792 3323 cum
814 3286 1031 3336 imaginibus
1048 3291 1113 3329 ha-

2065 571 2232 654 Saepe

1184 693 1321 732 bebat?
1350 694 1482 744 Nugae
1508 705 1716 744 germanae.
1743 692 1862 731 codex
1884 694 2039 735 Douzae
2058 727 2069 743 ,
2107 701 2233 738 veteris

1183 745 1424 796 quinquennia
1456 758 1557 783 cerae.
1594 745 1631 784 id
1659 745 1729 790 est,
1758 752 1799 782 ut
1827 744 1887 782 ille
1917 746 2038 792 addit,
2068 750 2234 799 imagines

1183 808 1303 833 cereae.
1330 797 1423 833 mibi
1451 796 1596 834 Heinfii
1618 796 1829 845 conjecstura
1851 797 2013 833 maxime
2040 799 2156 837 adhuc
2175 814 2232 839 ar·-

1183 847 1305 891 ridet,
1334 846 1454 901 fi·pro
1485 847 1636 891 circum,
1666 848 1755 883 circa
1785 857 1871 884 cum
1901 847 2081 885 Scriverio
2109 850 2231 898 legas,

1183 908 1314 934 veteres
1344 910 1434 933 circa
1466 897 1561 934 atria
1603 911 1706 936 cerae.
1750 909 1836 935 nam
1875 896 1964 933 circa
1999 909 2065 946 pro
2104 900 2231 938 circum

1183 949 1297 986 etiam
1326 946 1520 985 obtinuisse
1546 948 1682 986 videas.
1710 948 1784 986 vid.
1814 948 1986 985 Munker.
2014 948 2059 986 ad
2090 950 2234 999 Hygin.

1184 998 1269 1038 Fab.
1290 1010 1345 1037 v1.
1372 1009 1502 1036 veteres
1518 1007 1643 1036 autern
1664 1012 1754 1035 ceras
1776 999 1889 1043 dixit,
1918 1006 1958 1036 ut
1979 1011 2035 1034 aes
2056 1001 2231 1048 vetustum

1185 1049 1316 1088 Claud.
1339 1049 1449 1088 Cons.
1472 1049 1601 1098 Olybr.
1627 1050 1683 1087 18.
1709 1061 1755 1087 ex
1784 1060 1866 1086 aere
1888 1049 1987 1087 enim
2008 1061 2124 1098 aeque
2139 1080 2148 1095 ,
2177 1060 2232 1091 at-

1183 1112 1256 1150 que
1283 1114 1328 1139 ex
1355 1113 1434 1139 cera
1452 1099 1555 1138 fuisse
1575 1102 1638 1138 has
1658 1101 1836 1150 imagines
1855 1099 1967 1138 docet
1987 1100 2035 1138 ibi
2052 1100 2230 1142 Bartliiu&

1181 1151 1306 1189 similis
1326 1151 1516 1190 1111161060
1546 1163 1577 1190 1.
1608 1152 1698 1189 Fast.
1734 1164 1762 1189 1.
1791 1163 1873 1200 591.
1902 1150 2035 1199 Perlege
2058 1151 2231 1201 dispofitas

1176 1204 1333 1252 generosa
1348 1213 1408 1253 per
1434 1202 1529 1239 atria
1555 1215 1657 1240 ceras.
1685 1202 1790 1239 Circa
1812 1210 1936 1239 autem
1958 1201 2074 1247 atria,
2105 1214 2171 1251 pro
2192 1204 2232 1241 in

1179 1256 1295 1298 atriis,
1325 1253 1385 1291 vel
1408 1254 1445 1291 in
1476 1255 1641 1291 maxime
1666 1253 1861 1301 conspicua
1888 1253 1968 1290 atrii
1986 1261 2099 1301 parte.
2126 1260 2166 1290 ut
2190 1254 2228 1291 in

1179 1305 1452 1354 Epigrammate
1483 1306 1577 1343 inter
1606 1305 1726 1342 Catul.
1752 1304 1847 1341 Pith.
1869 1314 1949 1352 pag.
1972 1315 2031 1353 33.
2049 1303 2158 1342 titulo
2181 1303 2228 1343 de

1182 1354 1467 1406 Tranquillitate
1486 1357 1606 1393 vitae:

1231 1407 1336 1456 Quid
1352 1417 1413 1443 tua
1432 1406 1528 1444 mille
1541 1406 1662 1443 domus
1672 1403 1804 1455 sblidas
1821 1403 1926 1440 habet
1942 1403 2019 1440 alta
2038 1403 2230 1451 columnas„

1281 1458 1385 1506 (Qeod
1402 1468 1466 1494 tua
1486 1470 1680 1495 marmorea
1694 1459 1809 1506 janua
1826 1455 1911 1504 poste
1931 1455 2042 1498 nitet3

1231 1512 1353 1546 Aurea
1372 1508 1460 1558 quod
1472 1510 1611 1559 summo
1625 1507 1806 1557 splendent
1827 1506 2010 1556 laquearia
2030 1507 2141 1553 testo,

1281 1565 1397 1595 Imum
1418 1559 1527 1607 crusta
1549 1559 1631 1607 tegit
1653 1558 1744 1608 quod
1756 1556 1903 1607 pretiosa
1915 1556 2052 1605 fhlum;

1230 1609 1342 1646 Atria
1362 1610 1451 1659 quod
1469 1610 1558 1646 circa
1578 1610 1676 1646 dives
1697 1619 1787 1645 tenet
1809 1607 1926 1644 omnia
1949 1607 2083 1653 cultus,

1281 1666 1353 1696 Hoc
1372 1660 1505 1698 animos
1526 1660 1618 1697 tollit
1637 1668 1754 1708 nempe
1768 1688 1778 1703 ‚
1808 1664 1909 1695 Beate
1922 1686 1932 1703 ,
1960 1668 2048 1695 tuos.

1177 1710 1254 1748 Ubi
1282 1722 1328 1747 ex
1359 1711 1570 1760 conjestura
1598 1711 1742 1748 Heinfii
1773 1710 1811 1747 in
1837 1717 1968 1758 quarto
1992 1708 2095 1746 versu
2118 1721 2229 1759 repo-

1175 1761 1310 1799 suimus
1322 1760 1459 1810 solum‚
1487 1773 1604 1812 quum
1630 1761 1668 1799 in
1686 1761 1839 1809 vulgatis
1856 1760 1981 1808 inepte
1996 1758 2109 1796 locum
2126 1761 2227 1809 lega·

1175 1819 1245 1850 tur.
1271 1813 1310 1849 &
1330 1812 1465 1851 ultimo
1486 1814 1589 1850 versu
1608 1825 1652 1849 ex
1672 1811 1812 1849 Pithaei
1828 1817 1941 1855 nota,
1954 1815 2064 1847 Beate.
2092 1822 2228 1859 quam-

1176 1863 1231 1900 vis
1248 1864 1286 1900 &
1308 1874 1450 1901 nomen
1469 1865 1660 1913 proprium
1690 1862 1802 1899 latere
1830 1861 1949 1909 poffit.
1977 1861 2073 1898 forte
2098 1861 2227 1899 Fabate

1176 1914 1237 1952 vel
1261 1913 1398 1959 fimile,
1426 1926 1512 1952 nam
1544 1920 1670 1950 Batate
1697 1912 1810 1961 vulgo
1833 1912 1976 1960 legitur.
2003 1917 2142 1948 Batave
2160 1924 2227 1950 au-

1172 1972 1250 2002 tem
1279 1964 1512 2003 substituendi
1542 1965 1640 2003 nulla
1667 1963 1716 2001 est
1742 1963 1887 2012 species,
1913 1962 2025 2010 longe
2051 1963 2152 2000 enim
2180 1963 2226 2002 ab

1172 2015 1235 2053 illo
1269 2015 1426 2066 eleganti
1462 2016 1552 2053 luxu
1589 2015 1737 2053 aberant
1776 2014 1938 2063 Majores
1976 2013 2087 2050 nostri
2109 2041 2119 2058 ,
2158 2025 2228 2051 ne-

1171 2078 1245 2115 que
1270 2068 1345 2104 hoc
1373 2068 1536 2105 Romani
1556 2066 1622 2104 illis
1646 2076 1826 2115 umquam
1846 2063 2132 2112 exprobrarunt,
2163 2064 2226 2104 sed

1171 2118 1406 2155 rusticitatem
1431 2146 1440 2162 ,
1495 2119 1534 2156 &
1577 2117 1759 2155 bonarum
1803 2127 1926 2153 rerum
1963 2115 2224 2163 ignorantiam.

1176 2167 1443 2205 BumiANNU-s.

1226 2220 1284 2264 67.
1314 2219 1412 2267 §Qud
1425 2229 1439 2256 3
1458 2218 1551 2269 quia.
1571 2218 1587 2268 ]
1625 2217 1723 2268 {Quin
1741 2219 1946 2256 Puteaneus
1969 2227 2054 2254 cum
2078 2214 2222 2254 duobus

1173 2269 1260 2307 aliis.
1282 2269 1399 2307 versus
1413 2298 1422 2314 ‚
1442 2271 1481 2307 ni
1501 2270 1604 2307 fallor
1619 2299 1628 2314 ‚
1650 2269 1857 2308 mendosus.
1885 2269 2002 2305 forte:

1226 2327 1305 2356 Neu
1319 2349 1327 2364 ,
1342 2321 1424 2370 quia
1439 2319 1580 2370 pulcher
1597 2321 1681 2364 erit,
1698 2321 1814 2369 poscat
1824 2317 1899 2367 sine
1919 2331 2058 2355 munere
2076 2318 2222 2357 nostiam.

1171 2372 1380 2408 Hizmsms.
1410 2372 1491 2421 Ego
1512 2384 1596 2409 cum
1623 2373 1743 2420 Regio
1764 2371 1892 2409 codice
1910 2370 2017 2417 lego:

1223 2423 1323 2471 Qud
1335 2433 1348 2459 ,θ
1362 2422 1446 2474 quia
1458 2423 1600 2473 pulcher
1615 2423 1693 2466 erit,
1699 2421 1805 2471 poscet
1814 2419 1889 2470 fine
1905 2432 2044 2457 munere
2060 2417 2190 2454 nollem
2204 2425 2221 2455 ἓ

1172 2475 1356 2519 Quamvis
1385 2475 1421 2511 δε
1450 2475 1596 2524 vulgata
1625 2473 1743 2522 potest
1769 2472 1867 2509 stare.
1894 2468 2016 2524 transit
2044 2468 2144 2505 enim
2161 2467 2220 2515 ‘ad

1170 2520 1269 2562 aliud
1292 2534 1499 2562 amatorum
1522 2536 1635 2573 genus
1651 2551 1660 2566 ,
1682 2530 1789 2560 antea
1809 2521 1853 2559 de
1874 2519 2056 2557 nobilibus
2071 2526 2218 2574 egerat,

1171 2587 1271 2613 nunc
1298 2575 1344 2612 ad
1370 2587 1458 2619 eos,
1485 2576 1549 2623 qui
1579 2575 1699 2611 forma
1722 2572 1786 2610 fibi
1813 2572 1977 2620 placent,
2005 2571 2044 2607 ὃς
2068 2569 2156 2606 ideo
2180 2569 2218 2607 se

1171 2626 1246 2663 fine
1267 2638 1421 2663 munere
1440 2625 1585 2663 admitti
1603 2624 1735 2661 debere
1754 2621 1995 2660 contendunt.
2024 2621 2124 2657 hunc
2144 2620 2221 2657 irn-

1167 2677 1343 2726 pudicum
1378 2677 1474 2725 prius
1512 2676 1556 2713 ab
1592 2683 1756 2712 amatore
1788 2673 1853 2710 suo
1885 2671 2018 2709 debere
2048 2671 2216 2727 auferre,

1166 2728 1269 2778 quod
1290 2730 1430 2765 amicae
1455 2727 1589 2765 deinde
1617 2726 1698 2763 suae
1728 2725 1811 2769 det,
1839 2730 1981 2771 monet.
2008 2722 2128 2759 forma
2149 2720 2216 2769 ipsi

1166 2780 1208 2818 fit
1235 2781 1329 2818 utilis
1357 2779 1454 2828 apud
1479 2787 1685 2815 amatorem
1709 2804 1718 2820 ‚
1756 2788 1834 2813 non
1864 2773 1961 2823 apud
1987 2781 2037 2810 te.
2078 2772 2124 2809 de
2151 2772 2215 2809 illo

1169 2831 1295 2879 Qud?
1323 2830 1426 2880 quod
1450 2830 1578 2867 millies
1598 2828 1782 2872 occurrit,
1802 2826 1877 2865 vid.
1906 2824 1952 2863 ad
1978 2825 2126 2862 Petron.
2154 2822 2212 2860 26,

1170 2882 1437 2919 Burmannus.

1223 2944 1282 2979 70.
1312 2938 1365 2968 Ne
1375 2931 1542 2979 fugiant,
1563 2938 1673 2980 captos
1689 2927 1816 2978 legibus
1835 2940 1895 2965 ure
1914 2924 2024 2975 tui5.]
2052 2923 2211 2961 Videtur

1165 2983 1433 3021 rescribendum
1449 2996 1457 3019 :

1221 3040 1274 3071 Ne
1294 3034 1405 3083 fugiat
1422 3062 1431 3077 ,
1459 3042 1596 3082 captum
1616 3030 1740 3080 legibus
1762 3044 1821 3066 ure
1833 3027 1920 3078 fiiis.
2136 3073 2142 3078 .

1169 3077 1360 3135 Superiora
1384 3093 1495 3134 agunt
1525 3084 1569 3121 de
1597 3084 1751 3132 pulchro
1782 3090 1968 3118 amatore:
1996 3086 2071 3125 quo
2095 3080 2206 3109 etlam

1166 3138 1259 3174 haec
1282 3136 1362 3174 sunt
1382 3135 1582 3173 referenda.
1600 3135 1674 3181 suis
1695 3131 1831 3182 legibus.
1858 3139 1897 3169 ut
1919 3129 1986 3176 Ep.
2006 3137 2038 3163 v.
2065 3135 2146 3173 134.

1219 3193 1265 3223 Et
1278 3198 1412 3237 poteras
1421 3186 1508 3235 falli
1527 3185 1650 3235 legibus
1671 3185 1734 3234 ipse
1756 3184 1838 3220 tuis.

1168 3238 1276 3287 Epist.
1295 3250 1349 3275 vx.
1377 3251 1454 3287 ¹54·

1383 3296 1480 3336 Leges
1492 3287 1633 3337 sanciat
1652 3284 1715 3369 ipge
1725 3283 1823 3329 suas·

1718 3344 1738 3368 z
1775 3342 1796 3367 1,

1229 3319 1239 3329 ν

2090 3323 2225 3372 Valet,
