2553 3676
258 191 318 255 ,28
751 184 811 238 P.
885 180 1299 249 oV1D11

1372 179 1899 236 NASONIS

549 278 644 336 Est
669 276 868 353 aliquid
894 278 1093 332 collum
1116 277 1279 331 solitis
1303 273 1532 347 tetigisse
1557 277 1795 342 lacertis,

624 351 1029 422 Praesentisque
1054 349 1241 403 oculos
1267 346 1598 403 admonuisse
1621 349 1712 403 sui.
1824 414 1827 417 ¹

551 425 632 480 Sis
656 424 783 478 licet
807 423 1053 486 immiti8‚
1091 420 1394 495 Mati-isque
1417 421 1654 476 ferocior
1679 421 1866 483 undis;

624 495 702 551 Ut
729 509 963 559 taceam,
1001 495 1230 550 lacrimis
1256 494 1627 549 comminuere
1651 495 1797 548 meis,

413 587 507 640 135
548 571 708 626 Nunc
733 586 954 643 quoque
981 568 1085 639 (fic
1111 585 1298 622 omnes
1322 567 1514 621 Peleus
1544 580 1696 638 pater
1722 567 1939 639 impleat
1964 583 2157 632 annm,

631 642 717 697 Sic
743 656 827 697 eat
851 641 1091 714 auspiciis
1114 640 1350 713 Pyrrhus
1376 640 1432 694 in
1454 657 1597 693 arma
1622 639 1759 708 tuis)

557 716 789 787 Respice
813 714 1092 769 sollicitam
1117 712 1386 775 Briseida,
1423 711 1578 766 fortis
1602 710 1847 776 Achille;

632 789 751 843 Ncc
777 787 1021 843 miseram
1044 787 1186 840 lenta
1210 785 1415 839 ferreus
1438 802 1535 838 ure
1559 802 1724 838 mora.

560 863 675 915 Aut
693 902 707 925 ,
746 860 784 915 fi
807 861 985 915 versus
1011 877 1161 914 amor
1186 870 1307 913 tuus
1333 857 1409 912 est
1431 858 1486 911 in
1509 856 1685 911 taedia
1709 858 1902 921 nostri;

421 952 521 1003 140
634 934 815 1006 Quam
840 933 947 989 sine
972 946 1027 987 te
1053 933 1202 1004 cogis
1227 932 1411 986 vivere
1427 971 1441 995 ‚
1481 947 1619 1002 coge
1643 932 1798 986 mori.

564 1006 750 1080 thue
775 1007 936 1071 faciS‚
970 1023 1147 1078 coges.
1187 1004 1314 1059 abiit
1341 1021 1644 1078 corpusque
1672 1005 1945 1079 colorque.

640 1080 869 1136 Sustinet
898 1080 1004 1135 hoc
1029 1080 1234 1134 animae
1249 1078 1373 1152 spes
1397 1091 1578 1133 tamen
1602 1094 1706 1131 una
1730 1078 1825 1132 tui.

276 1289 375 1338 apud
397 1288 564 1326 Servium
585 1286 630 1324 ad
653 1288 820 1336 virgam
844 1286 1004 1326 Aeneid.
1022 1286 1107 1335 605.
1128 1290 1328 1322 Amentum

278 1340 322 1387 est
340 1340 474 1385 lorum,
501 1353 565 1390 quo
585 1338 699 1374 media
722 1338 819 1385 hasta
843 1337 996 1374 libratur
1016 1350 1059 1377 ω’
1072 1337 1220 1386 jacitur.
1247 1337 1329 1374 vul-

278 1402 328 1439 go
353 1390 494 1439 ligatur.
522 1391 733 1427 Hfistqu.
760 1388 848 1427 Vid.
870 1389 1073 1438 Optimum
1093 1387 1330 1425 Drakenbor-

280 1441 385 1489 giuin
413 1441 458 1479 ad
490 1441 549 1478 Sil.
584 1454 613 1478 1.
645 1452 723 1490 351.
750 1441 789 1478 &
817 1452 909 1479 xxxi.
942 1440 1022 1489 165.
1055 1440 1094 1477 &
1129 1439 1264 1477 Schult.
1285 1438 1331 1476 ad

283 1492 439 1541 Quinc‘t.
460 1492 565 1529 Decl.
587 1505 615 1529 1.
642 1504 698 1530 io.

339 1554 420 1592 132.
448 1541 706 1592 Praesentesque
725 1542 833 1579 oculos
851 1541 1060 1591 admonuiffie
1074 1539 1195 1590 finu.]
1227 1546 1334 1577 Prae-

276 1592 450 1643 sentifique
467 1595 673 1631 Puteancus
695 1605 780 1631 cum
802 1594 876 1630 aliis
901 1592 1097 1630 nonnullis,
1135 1591 1241 1628 Idem
1269 1590 1336 1627 ad-

284 1643 445 1692 monuiffie
455 1644 575 1692 finum
589 1671 599 1687 ‚
629 1646 668 1681 ὃς
686 1644 788 1692 supra
810 1643 1030 1691 adscriptum
1053 1671 1063 1686 ,
1101 1640 1159 1678 vel
1173 1641 1248 1689 suis
1265 1653 1333 1689 pro

284 1694 422 1731 diversa
443 1694 618 1731 lectione.
637 1693 878 1744 praesentique
888 1691 987 1742 finus
1006 1704 1099 1730 unus
1121 1691 1337 1729 Vaticanus.

284 1753 356 1782 tres
375 1745 459 1789 alii,
484 1743 726 1793 praesentique
734 1742 829 1793 finu.
856 1745 955 1793 prior
980 1743 1227 1781 Scriverianus
1255 1742 1335 1780 satis

288 1796 480 1845 antiquus:

341 1844 599 1895 Praesentisque
615 1844 719 1881 oculis
737 1843 948 1893 admonuisse
959 1843 1071 1895 sinus.

290 1896 399 1946 Lego
420 1897 576 1934 minima
595 1896 824 1934 mutatione:

343 1947 598 1997 Praesentisque
613 1947 717 1984 oculis
736 1944 945 1996 admonuiffi
959 1946 1030 1996 fici.

290 1999 371 2036 Vel*
385 1998 451 2034 mei
464 2013 474 2040 ;
487 2010 572 2035 nain
587 1997 838 2048 praesentisque
858 1997 942 2034 meis
960 2005 1035 2035 erat
1051 1998 1090 2035 in
1101 1995 1216 2034 altero
1225 1995 1340 2033 Men-

291 2050 443 2087 teliano.
461 2048 520 2086 sed
536 2049 633 2098 prius‘
653 2048 803 2097 praestat
816 2062 824 2085 z
837 2059 924 2085 nam
936 2048 1031 2098 ⁴meis
1049 2048 1221 2096 sequitur.
1240 2045 1341 2082 Oculi

292 2109 418 2138 autem
442 2101 530 2149 fient
556 2100 594 2136 in
622 2113 737 2137 amore
751 2099 873 2143 duces,
904 2105 943 2136 ut
961 2099 1082 2148 inquit
1099 2098 1182 2141 ille,
1211 2097 1341 2147 quibus

293 2160 458 2190 amantes
487 2151 674 2200 capiantur
708 2150 937 2198 potissimum
977 2161 1020 2187 ac
1051 2149 1250 2187 trahantur.
1306 2147 1342 2184 Si

294 2203 378 2252 quis
394 2202 569 2239 Puteanei
588 2201 723 2239 codicis
739 2209 866 2239 tamen
878 2210 989 2250 atque
1004 2200 1162 2239 aliorum
1180 2198 1341 2248 plurium

296 2253 454 2302 vestigiis
476 2252 657 2290 insistens:

350 2303 607 2354 Praesentisque
626 2302 733 2340 oculos
749 2302 958 2353 admonuiffim
967 2301 1048 2352 sui,

299 2354 582 2403 praeferendum
618 2353 819 2392 contendat
838 2382 849 2398 ‚
891 2354 944 2392 nil
974 2364 1178 2402 repugnem
1203 2380 1213 2397 ,
1253 2351 1343 2390 dum

299 2405 488 2454 ¹vulgatam
508 2405 710 2443 leffioncm
724 2433 733 2449 ,
750 2413 788 2442 ut
809 2405 1038 2448 inurbanam,
1053 2415 1203 2441 mecum
1216 2403 1346 2441 adver-

299 2455 406 2494 setur.
433 2455 642 2504 admonuisse
656 2455 714 2505 sui
727 2484 737 2500 ‚
756 2464 796 2492 ut
817 2456 852 2493 in
875 2456 1098 2504 Fragmento
1120 2454 1345 2493 Halieutici:

353 2506 496 2555 Accepit
515 2507 668 2543 mundus
685 2506 811 2555 legem,>
839 2506 935 2544 dedit
950 2504 1107 2543 omnibus
1125 2518 1251 2552 arma,

356 2557 623 2607 Admonuitque
632 2557 701 2606 sui.

305 2607 465 2655 Epistola
486 2608 663 2646 Ariadnes
679 2622 702 2649 ε,

360 2659 592 2709 Candidaque
610 2658 751 2708 imposui
760 2659 922 2708 fiammae
942 2658 1123 2697 velamina
1140 2657 1281 2708 virgae,'

410 2708 541 2744 Scilicet
558 2709 675 2745 oblitos
691 2710 917 2747 admonitura
937 2710 1016 2747 mei.

308 2760 415 2798 Plura
436 2759 481 2796 ad
503 2760 604 2796 Statii
623 2760 733 2798 Silvas
761 2762 932 2799 Gronov.
948 2761 1131 2799 Diatribes
1152 2772 1230 2808 cap.
1250 2771 1354 2797 xiix.

311 2810 337 2847 fi
369 2821 460 2893 νει-(ί)
492 2810 687 2848 retineatur
705 2811 799 2859 suis,
828 2811 947 2860 potest
981 2811 1143 2850 illustrari
1172 2823 1217 2849 ex
1245 2810 1356 2860 Epist.

313 2873 386 2898 xxx.
416 2872 472 2909 3).

364 2910 594 2958 Abstulerant
613 2911 700 2947 oculi
719 2911 856 2950 lumina
873 2913 1067 2960 nostratui.

311 2961 361 3000 Et
380 2962 446 3009 Ep.
464 2974 582 2999 xviii.
609 2962 664 2999 18.

369 3018 519 3061 Sumque
536 3023 609 3048 tl-:os
630 3012 737 3048 oculos
754 3012 856 3063 usque
865 3013 984 3062 secuta
1001 3013 1096 3050 meis.

316 3063 421 3112 Eleg.
441 3063 477 3099 in
499 3063 670 3100 Drusum.
694 3075 775 3111 394.
1031 3113 1038 3120 .

730 3120 799 3150 Nec
815 3127 944 3151 cernere
961 3124 1039 3150 natt

422 3163 602 3200 Semineces
621 3164 728 3200 oculos
737 3164 926 3212 sustinuere
943 3166 1009 3201 tui.

319 3214 365 3251 Si
397 3216 501 3252 eriori
523 3215 626 3252 versu
648 3215 797 3252 vocibus
815 3215 1031 3264 transpolitis
1044 3215 1160 3265 scripti
1179 3215 1358 3266 plerique,

312 3267 364 3306 col
381 3265 566 3315 umfhlitis
587 3266 721 3316 tetigiſje
738 3265 886 3307 lacertis.
915 3267 1124 3306 Heinsius.

2300 1150 2428 1225 Qua

1439 1286 1520 1335 136.
1556 1290 1626 1322 Eat
1657 1285 1814 1336 auspiciis
1839 1286 1996 1336 Pyrrhus
2019 1286 2067 1323 ad
2099 1299 2200 1323 arma
2230 1286 2346 1337 tuis.]
2389 1294 2432 1325 In

1383 1349 1485 1373 arma
1515 1337 1660 1375 codices
1685 1339 1861 1387 plerique.
1898 1339 1937 1375 ὃς
1966 1338 2049 1375 sane
2079 1338 2115 1375 id
2144 1338 2355 1386 elegantius.
2382 1338 2431 1377 fic

1383 1388 1434 1424 ire
1450 1388 1489 1424 in
1507 1387 1630 1436 hostem
1645 1417 1655 1434 ‚
1672 1388 1712 1425 in
1729 1398 1883 1438 pugnam
1898 1416 1908 1431 ‚
1931 1389 2097 1425 concitare
2118 1388 2156 1424 in
2175 1402 2277 1424 arma
2292 1417 2301 1432 ,
2321 1403 2432 1435 ruere,

1375 1438 1490 1485 ferri,
1518 1439 1676 1485 mittere,
1705 1441 1824 1476 venire
1841 1468 1851 1485 ,
1888 1439 1984 1476 trahi
2011 1440 2050 1477 in
2078 1452 2204 1485 arma,
2234 1441 2273 1477 &
2291 1440 2433 1480 similia.

1387 1490 1519 1527 Statius
1538 1490 1661 1528 Theb.
1683 1503 1774 1528 vixi.

1441 1547 1537 1578 Imus
1556 1542 1596 1578 in
1612 1555 1714 1578 arma
1730 1542 1861 1592 palam.

1389 1591 1524 1630 Noster
1543 1594 1676 1630 Amor.
1692 1592 1754 1630 lib.
1779 1606 1808 1630 1.
1831 1592 1885 1629 El.
1907 1606 1962 1631 ix.
1981 1604 2039 1643 35.

1444 1643 1567 1677 Hector
1583 1641 1626 1677 ab
1649 1642 1914 1679 Andromaches
1932 1643 2157 1692 complexibus
2174 1643 2248 1681 ibat
2265 1643 2304 1680 in
2321 1657 2436 1683 arma,

1392 1692 1424 1727 T
1428 1692 1444 1728 ὂ
1462 1692 1500 1728 in
1521 1692 1622 1729 enim
1644 1692 1762 1730 infesti
1780 1693 1895 1730 animi
1922 1693 2226 1743 significationem
2249 1695 2436 1735 interdum

1392 1754 1478 1790 prae
1495 1742 1530 1778 se
1552 1744 1633 1779 fert.
1660 1743 1795 1780 Noster
1814 1745 1927 1780 infra:

1445 1789 1544 1840 Ensis
1562 1792 1602 1828 in
1622 1792 1774 1830 Atridae
1786 1796 1902 1842 pec‘Zus
1920 1794 2035 1831 iturus
2053 1805 2140 1834 erat.

1395 1840 1445 1880 Et
1465 1854 1528 1879 111.
1546 1843 1626 1880 Art.
1643 1843 1726 1889 428.

1447 1896 1496 1929 Et
1512 1893 1621 1938 Jovis
1637 1893 1675 1929 in
1692 1893 1826 1932 multas
1843 1894 1985 1932 devolat
2004 1896 2076 1933 ales
2091 1911 2187 1936 aves.

1396 1943 1554 1981 Remed.
1573 1944 1707 1982 Amor.
1726 1945 1809 1982 282.
1831 1957 1875 1983 ex
1896 1947 2012 1984 veteri
2031 1948 2182 1986 codice:

1402 2029 1405 2032 .
1449 2000 1530 2031 Non
1545 1994 1677 2044 aliquis
1688 1996 1793 2044 fiicios
1814 1996 1941 2044 Rhesus
1960 1998 1999 2034 in
2017 2011 2120 2034 arma
2143 2009 2258 2037 vocat.

1395 2045 1606 2082 Attonitum
1633 2046 1760 2095 vulgus
1788 2047 1828 2083 in
1856 2060 1959 2083 arma
1986 2048 2071 2085 ruit.
2098 2049 2261 2088 Fast.v1.
2283 2050 2367 2101 598.
2395 2056 2441 2093 ei

1395 2097 1553 2146 antiquis
1572 2096 1679 2134 libris.
1699 2097 2009 2147 &Virg.xr.886.
2021 2105 2129 2150 Inque
2147 2113 2249 2138 arma
2267 2113 2445 2142 ruentum.

1398 2146 1446 2185 fic
1468 2147 1560 2184 verti
1577 2146 1615 2184 in
1634 2146 1788 2199 aliquem
1807 2148 1939 2187 infesto
1958 2150 2099 2188 animo.
2126 2150 2171 2189 de
2194 2164 2271 2202 quo
2295 2154 2388 2193 Met.
2413 2167 2447 2195 1.

1399 2199 1447 2236 fic
1467 2200 1534 2247 Ep.
1559 2211 1590 2236 1.

1455 2256 1494 2286 In
1513 2259 1545 2285 te
1558 2248 1731 2299 fingebam
1750 2250 1919 2288 violentos
1940 2257 2044 2290 Troas
2062 2252 2183 2292 ituros.

1399 2300 1506 2349 Virg.
1524 2313 1580 2338 xx.
1599 2313 1680 2348 514.

1451 2358 1517 2388 Per
1536 2351 1665 2401 deserta
1678 2352 1759 2402 jugo
1769 2352 1935 2402 superans
1949 2354 2124 2391 adventat
2144 2354 2182 2392 in
2202 2357 2333 2396 urbem.

1399 2404 1455 2441 Ut
1476 2415 1520 2440 ex
1541 2404 1687 2452 optimo
1717 2404 1798 2440 MS.
1818 2404 1891 2453 legi
1912 2404 2020 2443 debet
2043 2435 2052 2450 ,
2092 2406 2129 2444 id
2154 2407 2202 2445 est
2232 2409 2367 2447 infestis
2393 2412 2451 2448 ar0'

1402 2455 1471 2494 mis
1500 2452 1599 2492 recia
1629 2454 1675 2492 acl
1703 2454 1831 2493 urbem
1851 2456 2064 2495 contendit:
2093 2459 2331 2507 cogitandum
2356 2472 2453 2510 quo-

1407 2518 1481 2557 que
1499 2504 1545 2543 de
1563 2505 1724 2543 leffione
1745 2506 1805 2543 lib.
1823 2519 1857 2544 x.
1880 2519 1916 2544 v.
1933 2520 2017 2556 455.
2045 2509 2279 2547 Meditantem
2292 2511 2451 2561 praelia,

1409 2558 1473 2596 ubi
1491 2556 1704 2594 vetustiores
1727 2557 1834 2594 MSS.
1852 2558 2081 2596 meditantem
2099 2559 2138 2596 in
2160 2561 2293 2610 praelia
2311 2590 2321 2607 ,
2355 2574 2451 2611 quae

1408 2608 1520 2646 leffio
1543 2609 1702 2645 omnino
1719 2620 1806 2645 vera
1828 2608 1889 2646 est.
1910 2608 1958 2647 sic
1988 2610 2046 2647 lib.
2067 2624 2114 2648 11.
2143 2623 2178 2649 v.
2202 2624 2283 2661 347.
2310 2612 2453 2648 Audere

1408 2660 1449 2696 in
1459 2657 1594 2708 praelia
1613 2658 1715 2696 dixit.
1738 2659 1895 2696 Martial.
1914 2673 1984 2696 xrs.
2007 2662 2074 2708 Ep.
2095 2663 2154 2699 61.
2180 2668 2221 2698 In
2242 2667 2369 2698 Tauros
2392 2663 2454 2698 Li-

1410 2709 1484 2759 byci
1493 2711 1659 2756 fremunt
1678 2709 1797 2747 leones.
1824 2709 1872 2747 fic
1892 2709 1940 2746 ire
1967 2710 2005 2746 in
2033 2711 2114 2760 leges
2127 2739 2138 2756 ,
2165 2720 2205 2750 ut
2223 2714 2361 2759 primus
2384 2713 2454 2751 do-

1413 2761 1487 2798 cuit
1505 2760 1677 2798 Gronov.
1693 2760 1816 2798 noster
1833 2761 1947 2799 Diatr.
1965 2761 2053 2800 Stat.
2071 2767 2101 2800 c.
2128 2775 2192 2801 111.
2214 2762 2262 2802 fic
2284 2764 2387 2813 Vir-g.
2407 2776 2455 2803 11.

1413 2810 1574 2849 Aene'id.
1594 2811 1680 2857 408.
2200 2827 2204 2831 ·

1465 2867 1511 2898 Et
1523 2862 1591 2910 sese
1610 2861 1765 2898 medium
1780 2861 1896 2911 injecit
1906 2863 2083 2912 periturus
2099 2863 2138 2900 in
2155 2863 2292 2912 hostem.

1415 2913 1470 2949 Ut
1491 2913 1561 2960 legi
1582 2924 1627 2949 ex
1648 2913 1755 2950 MSS.
1776 2912 1896 2951 debet.
1919 2914 1958 2950 &
1979 2914 2066 2952 ibid.
2089 2927 2129 2962 51
2143 2927 2170 2952 r.

1468 2969 1525 3000 Ac
1544 2962 1658 3011 densos
1667 2965 1787 3010 fertur
1802 2964 1991 3000 moriturus
2009 2964 2047 3000 in
2065 2964 2177 3012 hostes.

1416 3014 1493 3051 Ubi
1515 3014 1651 3051 Pierius
1668 3015 1716 3060 ad
1737 3013 1838 3061 hostes
1866 3014 1995 3062 probat
2009 3044 2018 3059 ‚
2037 3016 2172 3054 insulse.
2203 3018 2242 3055 &
2268 3019 2355 3057 hinc
2374 3020 2456 3058 illae

1416 3075 1529 3102 voces
1545 3064 1717 3100 incurrere
1736 3065 1831 3112 apud
1853 3065 1954 3113 Virg.
1968 3079 2019 3103 xi.
2043 3066 2125 3115 834.
2145 3080 2189 3105 ex
2210 3070 2315 3107 MSS.
2335 3071 2460 3117 inferre

1415 3114 1476 3152 lib.
1498 3127 1550 3151 ix.
1575 3125 1630 3163 53.
1658 3115 1761 3164 quod
1792 3116 1830 3153 ὃ(
1861 3117 1956 3153 male
1984 3117 2055 3154 illic
2078 3127 2233 3157 mutant.
2261 3121 2298 3157 &
2317 3121 2377 3159 lib.
2403 3136 2459 3160 x1.

1419 3175 1503 3210 742.
1544 3166 1623 3202 imo
1658 3166 1791 3203 Cicero
1826 3167 1914 3204 dicit
1941 3167 2108 3205 invadere
2135 3170 2173 3206 in
2203 3169 2355 3218 aliquem
2378 3200 2388 3216 ‚
2418 3174 2459 3210 &

1417 3214 1547 3264 Philip.
1562 3227 1633 3253 vn.
1646 3217 1830 3254 Imminere
1848 3219 1886 3254 in
1896 3220 2085 3265 fortunam
2101 3220 2244 3256 alterius
2256 3249 2266 3265 ,
2278 3222 2315 3258 δὲ
2330 3222 2460 3271 Philip.

1417 3277 1469 3305 xl.
1497 3279 1527 3306 c.
1557 3279 1590 3307 1.
1619 3267 1788 3306 Minitari
1817 3269 1857 3307 in
1880 3268 2004 3319 hostem
2024 3270 2199 3321 fhpplicia.
2227 3279 2268 3310 ut
2293 3272 2343 3310 ibi
2376 3274 2460 3312 MS.

2321 3322 2459 3365 Ferrari
