2553 3676
341 216 719 277 ARTIS
789 205 1551 268 AMATORIAE
1625 234 1792 274 LIB.
1868 218 1906 278 Ῐ.

2126 237 2224 287 555

378 310 540 366 Ultor
563 306 735 367 adest3
771 302 1066 376 primisque
1085 300 1289 356 ducem
1313 306 1598 375 profitetur
1619 308 1677 363 in
1702 312 1882 368 armisz

452 383 703 451 Bellaque
729 393 839 430 non
865 391 1034 447 puero
1060 372 1245 427 trafftat
1270 379 1477 445 agenda
1500 397 1649 451 puer.

378 453 586 512 Parcite
611 449 834 512 nataleS‚
873 447 1080 510 timidi,
1116 464 1398 502 numerare
1420 449 1692 510 Deorum:

442 523 754 578 *Caesaribus
777 522 941 576 virtus
969 520 1198 592 contigit
1225 533 1349 576 ante
1374 520 1538 577 diem.

234 597 331 666 185
367 597 647 668 Ingenium
670 595 900 650 coeleste
924 595 1023 649 suis
1047 593 1285 648 velocius
1308 595 1455 650 annis

445 669 657 740 Surgit;
699 668 756 722 δε
783 669 1004 740 ignavae
1028 668 1131 723 fert
1154 667 1290 721 male
1310 668 1507 722 damna
1530 686 1730 723 morae.

368 741 568 797 Parvus
597 754 738 805 erat,
778 741 1125 813 manibusque
1152 739 1289 794 duos
1315 741 1635 814 Tirynthius
1658 758 1858 813 angues

440 813 658 869 Preffit:
701 815 756 868 δε
783 815 840 868 in
867 814 1017 869 cunis
1043 814 1146 884 jam
1161 812 1300 882 Jove
1325 814 1518 885 dignus
1543 828 1670 869 erat.

363 887 523 942 Nunc
547 904 767 969 quoque
790 888 884 960 qui
907 904 1040 959 puer
1065 903 1149 949 eS‚
1189 898 1415 958 quantus
1441 900 1586 951 tum,
1624 886 1867 951 Bacche,
1903 886 2071 955 fuisti„

225 972 325 1027 190

436 959 582 1013 Cum
607 973 785 1014 timuit
812 960 1017 1033 thyrsos
1044 958 1192 1013 India
1219 957 1354 1013 vista
1376 962 1522 1013 tuos!

364 1032 630 1104 Auspiciis
651 1033 946 1105 animisque
970 1032 1159 1104 patriS,
1196 1048 1359 1104 puer,
1396 1050 1539 1087 arma
1562 1032 1832 1088 movebis:

438 1104 510 1161 Et
537 1106 718 1162 vinces
743 1105 931 1162 animis
955 1105 1303 1179 auspiciisque
1326 1106 1503 1179 patriS.

10 1301 14 1366 ι
66 1324 112 1365 &
132 1325 248 1366 Poe'ta
265 1327 327 1366 hic
343 1326 455 1366 facit:
477 1326 701 1377 fratremque
712 1323 876 1363 Lucium
892 1323 930 1362 in
948 1332 1121 1374 apparatu

11 1377 14 1391 ⁸
72 1377 231 1416 Parthici
260 1379 345 1417 belli
372 1379 459 1416 dicit
478 1376 632 1416 amififfe
653 1391 662 1414 ι
702 1376 806 1426 quod
828 1375 946 1425 ipsum
966 1387 1120 1425 quoque

0 1458 2 1464 ,
71 1428 265 1468 nobiscum
294 1430 485 1468 consentit.
512 1428 598 1467 vide
625 1427 917 1466 commentaria.
940 1428 1118 1466 Μγεηῐ..

0 1512 2 1521 ,
72 1478 162 1517 Vid.
197 1480 254 1520 Cl.
292 1480 467 1519 Maffonii
506 1481 622 1518 vitain
666 1479 799 1518 Ovidii
838 1477 884 1516 ad
920 1480 966 1515 A.
1002 1480 1048 1516 U.
1075 1480 1119 1517 C.

0 1544 15 1575 si
73 1535 228 1570 DCCLII.
263 1534 295 1574 §.
326 1545 359 1582 3.
387 1533 425 1570 &
449 1531 572 1570 Noris.
596 1530 643 1570 ad
668 1530 876 1579 Cenotaph.
895 1529 1019 1568 Pisana
1032 1528 1119 1569 Diff.

10 1594 15 1625 -1
72 1594 121 1623 11.
139 1594 220 1631 pag.
244 1583 323 1629 187.
345 1584 384 1621 &
402 1583 502 1632 seqq.

127 1644 209 1680 179.
236 1632 347 1681 Craffi
359 1634 503 1683 gandete
524 1632 689 1683 sepulti.]
719 1631 937 1670 Videndum
956 1643 1001 1670 an
1023 1633 1119 1670 veri·

12 1671 15 1725 i
71 1684 139 1722 tati
162 1686 385 1730 conveniat,
413 1686 451 1722 ὃς
474 1696 519 1722 an
541 1696 620 1721 non
644 1683 780 1728 Craffi,
809 1695 828 1719 a
848 1684 983 1721 Parthis
1004 1683 1118 1729 caefi,

11 1732 16 1803 l
69 1734 262 1783 ¹sepulchro
291 1737 482 1774 caruerint.
510 1744 608 1772 certe
637 1735 761 1772 Valer.
786 1735 888 1770 Max.
917 1746 946 1771 1.
975 1746 1028 1770 vr.
1062 1747 1118 1772 11.

14 1814 16 1822 ,
71 1790 201 1834 Corpus
213 1786 428 1834 imperatoris
440 1786 532 1823 inter
544 1785 754 1835 promiscuas
770 1785 984 1821 cadaverum
994 1784 1120 1831 strues,

67 1837 197 1874 avium
219 1838 448 1887 ferarumque
483 1836 675 1873 laniatibus
708 1835 886 1884 objeffium.
919 1835 1046 1873 Senec.
1073 1849 1118 1875 Π.

72 1887 204 1925 Contr.
234 1902 285 1926 ix.
314 1894 365 1925 Tu
396 1888 533 1937 Crasse,
561 1888 621 1937 qui
651 1900 743 1923 nunc
769 1887 862 1935 apud
886 1886 1034 1922 Parthos
1053 1901 1118 1936 eges

65 1937 240 1989 sepulchro
261 1952 404 1990 quoque.
424 1939 529 1977 &ita
555 1937 680 1975 umbra
706 1937 824 1974 inulta
846 1950 960 1974 errare
988 1937 1119 1977 dicitur

16 1988 17 2039 l
72 1990 214 2029 Lucan.
233 2003 262 2029 1.
286 2002 339 2028 ii.
359 1990 463 2040 quod
487 1989 751 2037 insepultorum
773 1989 833 2026 est.
860 1988 925 2025 nili
948 2001 1036 2038 ergo
1058 2001 1119 2027 ca-

16 2054 17 2077 :
70 2042 214 2090 piamus
227 2070 236 2084 ,
264 2041 344 2079 illos
364 2053 383 2079 a
403 2041 540 2078 Parthis
558 2040 719 2088 abjectos
735 2067 744 2083 ,
765 2052 864 2077 nunc
885 2049 988 2077 metu
1008 2040 1114 2086 belli,

69 2104 92 2130 a
115 2093 266 2130 Caesare
285 2093 419 2140 parati,
446 2092 648 2140 sepulturae
678 2091 764 2139 fingi
790 2090 1009 2135 tradendos,
1038 2092 1114 2128 col-

17 2162 19 2183 ς
71 2142 175 2181 lectis
203 2155 332 2181 eorum
368 2144 526 2192 reliquiis
547 2170 557 2186 ‚
593 2154 670 2179 non
710 2142 822 2179 video
860 2153 932 2190 qua
970 2142 1113 2180 ratione

16 2194 19 2244 ξ
70 2193 234 2231 Ovidius
264 2194 412 2231 defendi
439 2191 563 2241 puiset.
592 2192 681 2230 nihil
700 2201 826 2230 tamen
848 2193 988 2230 variant
1011 2193 1114 2231 codi-

18 2248 19 2286 1
70 2255 131 2282 ces
145 2272 153 2286 ,
167 2244 231 2282 nisi
251 2244 352 2293 quod
375 2245 413 2282 in
435 2243 683 2281 Lincolniensi
709 2244 756 2280 est
770 2272 779 2288 ,
794 2242 996 2291 sepulchra,
1010 2244 1113 2293 quod

18 2293 21 2333 i
66 2295 206 2333 eodem
231 2296 332 2333 redit.
359 2296 454 2332 forte
469 2323 479 2339 ‚
508 2292 620 2340 Crassi
638 2295 786 2343 gandete
806 2294 856 2330 bis
877 2293 955 2331 ulti.
984 2303 1023 2333 ut
1042 2297 1114 2343 pri-

18 2353 23 2516 ι
70 2357 176 2386 mum
197 2358 216 2384 a
239 2346 419 2384 Ventidio
433 2375 442 2390 ‚
456 2347 519 2395 qui
542 2345 660 2382 clades
682 2346 804 2383 intulit
823 2345 961 2383 Parthis
976 2374 986 2389 ,
1013 2358 1114 2384 nunc

66 2397 114 2435 ab
136 2397 299 2445 Augusto
319 2397 519 2434 vindistam
539 2397 696 2434 sumtam
715 2396 865 2434 indicet.
893 2397 930 2433 ὅ(
947 2397 996 2434 ita
1014 2397 1113 2435 recte

68 2446 210 2490 subdit,
239 2446 329 2483 ultor
355 2447 456 2494 adest.
483 2446 578 2482 ultus
610 2459 699 2484 vero
727 2447 862 2495 passive
888 2446 961 2484 dici
984 2447 1114 2487 docuit

20 2517 23 2546 ς
71 2496 244 2535 Heinsius
264 2497 308 2534 ad
332 2509 401 2534 vii.
421 2498 514 2534 Met.
538 2508 570 2544 3.
594 2498 632 2533 &
652 2497 744 2545 supr.
764 2497 874 2545 Epist.
891 2509 984 2535 vni.
1007 2511 1089 2537 120.

22 2547 23 2574 l
68 2576 70 2578 v
124 2546 355 2596 Qodsesub
375 2547 509 2584 tumulo
520 2546 664 2593 fhrtiter
685 2547 762 2583 ulta
774 2548 906 2595 jacent.

22 2601 23 2615 ¹
70 2600 150 2648 Qui
166 2599 390 2636 locusetiam
413 2599 486 2636 huc
514 2598 633 2635 facere
653 2597 1109 2649 potest2sed&vulgatam

69 2650 138 2688 hac
157 2650 273 2698 specie
295 2649 492 2694 defendas,
520 2647 545 2685 fi
570 2648 718 2698 ftpultos
740 2648 904 2694 Crassos,
933 2651 972 2688 ὅ(
995 2651 1109 2701 sepid-

65 2700 152 2739 chra
184 2698 388 2738 ‹rafforum
422 2700 538 2749 capias
561 2727 571 2743 ‚
614 2711 682 2748 pro
713 2712 956 2751 quocumque
990 2703 1108 2742 modo

63 2752 225 2800 reliquiis
254 2751 400 2800 abjeffis
428 2753 465 2789 in
489 2751 575 2788 loco
591 2779 601 2796 ,
627 2750 688 2789 ubi
712 2751 804 2789 caesi
827 2753 984 2790 fuerunt.
1013 2766 1108 2803 quo-

66 2803 187 2841 modo
216 2803 253 2838 &
278 2803 483 2850 Propertius
510 2802 572 2839 lib.
599 2814 652 2839 iv.
676 2803 776 2852 Eleg.
798 2803 834 2842 6.
859 2802 954 2850 basta
975 2816 1107 2843 eorum

65 2861 198 2893 vocat.
222 2864 315 2900 quae
334 2865 411 2890 non
437 2853 599 2901 legitima
621 2853 868 2902 intelligenda.
894 2856 985 2892 haec
1006 2857 1106 2895 enim

68 2916 168 2942 nunc
196 2902 346 2939 demum
378 2904 645 2953 consequentur
664 2932 675 2948 ,
714 2906 858 2952 expiata
887 2917 951 2952 per
979 2906 1109 2945 Caesa-

66 2967 145 2994 1em
168 2954 225 2991 illa
245 2953 365 2995 clade;
392 2954 494 2991 &ita
517 2954 682 2992 manibus
702 2955 858 3003 placatis.
878 2955 1010 2995 BURM.

124 3005 203 3043 181.
233 3004 425 3051 Primisque
450 3004 567 3039 ducem
590 3005 771 3053 profitetur
795 3007 834 3043 in
860 3007 1003 3058 annis.]
1031 3013 1108 3046 Ar-

66 3056 132 3094 mis
153 3056 211 3093 sex
231 3055 321 3092 libri.
350 3065 434 3090 nam
454 3053 555 3089 annis
569 3066 666 3092 -mox
684 3056 739 3099 fis.
763 3057 842 3106 185.
858 3058 1030 3107 sequitur.
1057 3060 1105 3098 sic

61 3108 125 3146 lib.
146 3118 234 3144 viii.
258 3106 412 3141 Metam.
436 3114 519 3152 313.

122 3186 210 3192 ,ψ
229 3161 274 3192 Et
288 3155 410 3205 primis
433 3155 627 3190 etiamnum
646 3155 762 3203 Nestor
780 3157 819 3194 in
838 3160 961 3199 armis.

68 3209 121 3247 Ut
142 3208 293 3258 quidem
325 3206 396 3243 illic
425 3205 632 3253 complures
651 3207 883 3247 membranae
906 3223 949 3248 ex
972 3212 1104 3251 melio-

71 3260 163 3299 ribus
206 3259 297 3294 ‘lius
314 3256 374 3294 lib.
394 3267 427 3292 v.
452 3256 534 3304 580.
832 3266 835 3268 ’

119 3317 192 3350 Nec
213 3311 328 3348 minus
342 3307 564 3347 Herminium
573 3306 700 3359 primis
715 3307 898 3348 obtruncat
915 3310 954 3349 in
971 3312 1094 3353 armis.

2083 1179 2225 1241 Tale

1175 1322 1416 1375 intelligenda
1431 1332 1560 1365 autem
1573 1327 1670 1365 haee
1690 1326 1737 1366 de
1757 1326 1852 1376 Cajo
1871 1326 2024 1366 Caesare
2040 1326 2228 1380 Agrippae

1175 1375 1252 1414 filio
1277 1405 1287 1421 ,
1326 1379 1391 1427 qui
1428 1377 1473 1415 ab
1515 1378 1682 1428 Augusto
1718 1377 1912 1427 adoptatus
1944 1380 2224 1428 expeditionem

1174 1427 1378 1465 Parthicam
1400 1427 1564 1478 suscepit.
1593 1430 1689 1467 Rem
1715 1438 1860 1467 narrant
1892 1430 1968 1468 Dio
1992 1432 2029 1468 &
2050 1431 2225 1471 Patercu-

1172 1477 1239 1517 lus.
1266 1479 1340 1517 Adi
1366 1480 1484 1518 Notas
1511 1481 1573 1519 lib.
1600 1491 1689 1518 viii.
1718 1481 1813 1518 Met.
1832 1480 1885 1524 ills.
1909 1492 1990 1530 313·
2012 1482 2225 1523 HEINSIUS·

1174 1529 1236 1566 Ab
1263 1530 1367 1567 annis
1394 1531 1565 1569 Francof.
1596 1544 1683 1570 cum
1714 1531 1857 1569 duobus
1890 1532 1968 1570 aliis
1996 1533 2034 1569 ὃ(
2056 1532 2224 1573 editione

1174 1592 1248 1618 una
1278 1581 1404 1619 veteri.
1442 1581 1486 1618 ab
1514 1582 1625 1619 armis
1654 1594 1748 1621 unus
1785 1582 1915 1620 codex.
1955 1583 2103 1620 confusa
2132 1597 2222 1623 vero

1173 1644 1278 1668 arma
1305 1633 1343 1669 &
1365 1645 1473 1669 annos
1501 1633 1574 1671 vid.
1604 1633 1652 1671 ad
1679 1632 1788 1682 Epist.
1823 1646 1854 1671 Ι.
1886 1645 1966 1681 105..
1995 1634 2106 1669 vilior
2132 1635 2224 1685 adest

1174 1682 1287 1720 etiam
1307 1683 1496 1721 Bernenfis
1517 1685 1553 1721 ἃ
1572 1685 1738 1733 quinque
1758 1685 1828 1721 alii.
1853 1683 2117 1721 flammans.

1229 1733 1311 1782 183.
1339 1735 1476 1771 Parcite
1492 1734 1657 1784 natales]
1679 1735 1893 1783 Magistrum
1914 1735 2113 1783 exquisitae
2132 1736 2223 1775 adii-

1172 1784 1318 1823 lationis
1346 1784 1472 1822 habuit
1501 1785 1600 1823 Naso
1635 1786 1861 1823 Ciceronem
1893 1786 2048 1834 Philipp.
2075 1798 2112 1823 v.
2144 1799 2224 1837 cap.

1178 1847 1235 1882 17.
1266 1841 1307 1873 C.
1336 1836 1465 1884 Caesar
1492 1836 1632 1874 ineunte
1657 1846 1771 1873 aetate
1803 1836 1943 1881 docuit,
1969 1835 2013 1872 ab
2044 1837 2225 1875 excellenti

1170 1886 1371 1937 eximiaque
1397 1887 1532 1924 virtute
1555 1886 1758 1937 progreffum
1786 1887 1915 1923 aetatis
1943 1886 2127 1935 exspecfiari
2155 1902 2225 1926 nom

1174 1947 1330 1987 oportere.
1369 1938 1407 1975 &
1433 1950 1528 1988 quae
1560 1938 1610 1976 ibi
1637 1939 1750 1987 plura.
1789 1938 1849 1976 sed
1879 1949 2034 1987 uterque
2069 1940 2223 1987 gratiam

1173 2001 1251 2025 non
1274 1988 1351 2026 satis
1373 1988 1522 2037 dignam
1550 1989 1594 2027 ab
1624 1989 1792 2038 Augusto
1815 1989 2028 2026 retulerunt.
2058 1990 2219 2028 Ovidius

1173 2051 1263 2077 vero
1286 2068 1295 2083 ‚
1335 2039 1425 2077 dum
1456 2041 1550 2088 Cajo
1579 2039 1743 2078 adulatur
1767 2067 1778 2083 ‚
1814 2038 1879 2088 ipsi
1911 2040 2022 2077 etiam
2051 2040 2219 2089 Augusto

1172 2089 1354 2128 blanditur
1376 2092 1413 2128 ὃς
1433 2090 1620 2129 universae
1639 2091 1716 2140 ejus
1735 2090 1894 2128 familiae
1907 2119 1917 2134 ‚
1946 2090 2102 2128 adderis:

1224 2140 1429 2190 Caesaribus
1447 2142 1564 2178 virtus
1585 2142 1725 2190 contigit
1743 2151 1826 2178 ante
1844 2142 1948 2178 diem.

1169 2191 1230 2229 Ad
1251 2200 1432 2229 maturam
1454 2194 1531 2241 ejus
1560 2194 1734 2231 virtutem
1764 2192 1959 2230 militarem
1974 2221 1983 2236 ‚
2011 2204 2122 2242 quam
2143 2191 2222 2230 bel-'

1166 2242 1299 2292 lojam
1323 2244 1549 2287 Mutinensi,
1580 2246 1618 2282 δε
1640 2244 1872 2293 sequentibus
1903 2243 2082 2292 prodidit,
2113 2243 2218 2280 adlu-

1168 2293 1267 2331 dens.
1304 2293 1419 2331 fimile
1445 2295 1490 2332 de
1522 2296 1799 2343 Parthenopaeo
1819 2323 1829 2340 ‚
1855 2295 1916 2332 sed
1946 2295 2004 2332 cui
2038 2292 2144 2330 cruda
2175 2294 2216 2332 δε

1169 2345 1297 2383 festina
1319 2346 1429 2383 virtus
1449 2347 1564 2384 exitio
1586 2347 1669 2390 fuit,
1691 2346 1822 2383 Statius
1840 2346 1900 2383 lib.
1921 2358 1973 2382 ix.
1998 2344 2073 2381 Th.
2095 2343 2178 2387 718.

1220 2397 1352 2433 Scilicet
1371 2397 1552 2445 angustum
1567 2425 1576 2440 ,
1598 2396 1815 2446 jamdudum
1835 2394 2033 2444 urgentibus
2058 2394 2164 2431 annis
2176 2420 2190 2440 ,

1222 2447 1446 2486 Maenalium
1464 2448 1529 2486 tibi
1541 2457 1653 2498 parve
1675 2461 1806 2484 nemus.
1827 2459 1898 2486 (fc.

1170 2503 1367 2536 Numerare
1402 2512 1492 2538 vero
1529 2512 1637 2535 annos
1661 2526 1673 2542 ,
1708 2498 1891 2546 eleganter
1917 2494 2069 2533 dietum..
2105 2495 2214 2539 Silius

1166 2549 1227 2587 lib.
1248 2563 1309 2588 xv,
1334 2561 1416 2599 137.

1220 2605 1266 2636 Et
1292 2610 1455 2637 numerat
1473 2601 1586 2646 favor
1611 2598 1741 2636 anxius
1767 2611 1886 2636 annos.

1163 2649 1431 2689 BURMANNU&

1219 2702 1299 2748 187.
1327 2709 1469 2740 Parvus
1497 2710 1573 2738 erat
1593 2729 1604 2745 ‚
1638 2700 1867 2751 manibusque
1896 2700 1979 2737 duos
2007 2698 2213 2749 Tirynthius

1163 2766 1290 2802 angues
1311 2751 1464 2803 Preffit.]
1495 2754 1553 2791 Sic
1570 2753 1769 2801 legendum
1792 2764 1836 2789 ex
1854 2751 1914 2789 lib.
1933 2751 2116 2789 Vaticano
2132 2780 2142 2795 ,
2171 2752 2210 2789 ὅς

1162 2807 1317 2843 ratione.
1345 2804 1445 2843 Vide
1470 2815 1566 2854 quae
1592 2804 1720 2842 notavi
1740 2803 1778 2841 in
1799 2802 1908 2851 Epist.
1928 2802 1974 2840 ad
1993 2803 2210 2841 Herculem.

1165 2856 1379 2894 Cromnos.

1218 2907 1300 2956 189.
1324 2909 1492 2956 Qtantus
1503 2916 1580 2943 tum
1594 2934 1603 2949 ,
1616 2904 1775 2955 Baccha]
1790 2904 1897 2942 Haec
1918 2903 1967 2941 est
1990 2916 2075 2942 vera
2095 2903 2206 2941 lecito

1162 2969 1209 2995 ex
1229 2958 1366 2995 eodem
1389 2959 1494 2996 libro.
1518 2958 1632 2995 Ionii.

1218 3022 1299 3058 191.
1329 3009 1500 3057 Auspiciis
1524 3008 1695 3058 annisque
1722 3006 1836 3063 patris
1858 3016 1943 3056 puer
1968 3018 2069 3042 arma
2089 3015 2204 3039 move«

1157 3059 1235 3104 bis,
1265 3064 1311 3095 Et
1333 3072 1450 3096 vinces
1470 3060 1595 3101 annis,
1622 3059 1843 3108 auspiciisque
1859 3057 2013 3112 patris]
2040 3052 2203 3101 Quidam

1159 3110 1308 3159 legunt,
1336 3111 1474 3147 animis.
1513 3110 1625 3158 magis
1651 3111 1769 3158 placet
1799 3114 1918 3144 Annis
1946 3107 2014 3153 legi
2034 3131 2044 3146 ‚
2071 3102 2202 3160 quibus

1161 3161 1431 3199 moderandum
1466 3159 1536 3199 effe
1569 3161 1705 3209 puerile
1735 3155 2035 3208 ingeniuniqvult
2062 3154 2201 3207 Poeta,

1161 3219 1223 3249 aut
1262 3213 1301 3248 in
1336 3212 1464 3259 puerili
1501 3220 1618 3248 aetate
1654 3209 1862 3257 spei-andam
1896 3205 1962 3242 este
1994 3202 2204 3241 victoriam.

1162 3263 1355 3298 MERULA.
1385 3262 1502 3299 Iidem
1523 3262 1583 3298 lib.
1607 3260 1716 3302 vere,
1743 3257 1891 3294 animis:
1922 3253 1979 3290 Est
1999 3254 2204 3309 autemuA-

1163 3311 1358 3364 postrophe
1386 3312 1431 3353 ad
1463 3310 1756 3396 Gemmixicum'
1786 3307 1843 3342 vel
1872 3305 1992 3354 potius
2018 3303 2062 3342 ad
2087 3303 2205 3360 Tibe-

1667 3369 1685 3396 a
1702 3369 1721 3395 a
1742 3368 1762 3394 a
1796 3367 1819 3394 ι
2083 3366 2180 3395 rium
2196 3369 2211 3400 ς,
