<?xml version="1.0" encoding="UTF-8"?>
<!DOCTYPE html PUBLIC "-//W3C//DTD XHTML 1.0 Transitional//EN"
    "http://www.w3.org/TR/xhtml1/DTD/xhtml1-transitional.dtd">
<html xmlns="http://www.w3.org/1999/xhtml" xml:lang="en" lang="en">
 <head>
  <title>
</title>
<meta http-equiv="Content-Type" content="text/html;charset=utf-8" />
  <meta name='ocr-system' content='tesseract 3.04.00' />
  <meta name='ocr-capabilities' content='ocr_page ocr_carea ocr_par ocr_line ocrx_word'/>
</head>
<body>
  <div class='ocr_page' id='page_1' title='image "./publiiovidiinaso01ovid_0118.png"; bbox 0 0 2553 3676; ppageno 0'>
   <div class='ocr_carea' id='block_1_1' title="bbox 724 200 1276 264">
    <p class='ocr_par' dir='ltr' id='par_1_1' title="bbox 724 200 1276 264">
     <span class='ocr_line' id='line_1_1' title="bbox 724 200 1276 264; baseline -0.011 0"><span class='ocrx_word' id='word_1_1' title='bbox 724 207 784 264; x_wconf 88' lang='lat' dir='ltr'><strong>P.</strong></span> <span class='ocrx_word' id='word_1_2' title='bbox 858 200 1276 261; x_wconf 90' lang='lat' dir='ltr'>OVIDII</span> 
     </span>
    </p>
   </div>
   <div class='ocr_carea' id='block_1_2' title="bbox 230 235 298 289">
    <p class='ocr_par' dir='ltr' id='par_1_2' title="bbox 230 235 298 289">
     <span class='ocr_line' id='line_1_2' title="bbox 230 235 298 289; baseline 0 -19"><span class='ocrx_word' id='word_1_3' title='bbox 230 235 298 289; x_wconf 73' lang='lat'><strong>90</strong></span> 
     </span>
    </p>
   </div>
   <div class='ocr_carea' id='block_1_3' title="bbox 1348 199 1874 261">
    <p class='ocr_par' dir='ltr' id='par_1_3' title="bbox 1348 199 1874 261">
     <span class='ocr_line' id='line_1_3' title="bbox 1348 199 1874 261; baseline 0.01 -5"><span class='ocrx_word' id='word_1_4' title='bbox 1348 199 1874 261; x_wconf 90' lang='lat' dir='ltr'>NASONIS</span> 
     </span>
    </p>
   </div>
   <div class='ocr_carea' id='block_1_4' title="bbox 460 293 2179 650">
    <p class='ocr_par' dir='ltr' id='par_1_4' title="bbox 460 293 2179 650">
     <span class='ocr_line' id='line_1_4' title="bbox 460 293 2179 371; baseline 0 -20"><span class='ocrx_word' id='word_1_5' title='bbox 460 317 487 366; x_wconf 82' lang='grc' dir='ltr'><em>ς</em></span> <span class='ocrx_word' id='word_1_6' title='bbox 529 293 638 351; x_wconf 84' lang='lat' dir='ltr'><strong>Sed</strong></span> <span class='ocrx_word' id='word_1_7' title='bbox 664 295 855 350; x_wconf 83' lang='lat' dir='ltr'><strong>merita</strong></span> <span class='ocrx_word' id='word_1_8' title='bbox 880 293 934 348; x_wconf 70' lang='grc' dir='ltr'><strong>ἅτ</strong></span> <span class='ocrx_word' id='word_1_9' title='bbox 958 293 1180 357; x_wconf 79' lang='lat' dir='ltr'><strong>samam,</strong></span> <span class='ocrx_word' id='word_1_10' title='bbox 1218 309 1521 367; x_wconf 80' lang='lat' dir='ltr'>corpusque</span> <span class='ocrx_word' id='word_1_11' title='bbox 1545 293 1892 368; x_wconf 88' lang='lat' dir='ltr'><strong>animumque</strong></span> <span class='ocrx_word' id='word_1_12' title='bbox 1916 293 2179 371; x_wconf 88' lang='lat' dir='ltr'><strong>pudicum</strong></span> 
     </span>
     <span class='ocr_line' id='line_1_5' title="bbox 603 366 2006 439; baseline 0.001 -18"><span class='ocrx_word' id='word_1_13' title='bbox 603 366 748 421; x_wconf 90' lang='lat' dir='ltr'><strong>Cum</strong></span> <span class='ocrx_word' id='word_1_14' title='bbox 769 369 905 422; x_wconf 89' lang='lat' dir='ltr'><strong>male</strong></span> <span class='ocrx_word' id='word_1_15' title='bbox 929 366 1289 439; x_wconf 78' lang='lat' dir='ltr'><strong>perdiderim,</strong></span> <span class='ocrx_word' id='word_1_16' title='bbox 1327 366 1558 439; x_wconf 81' lang='lat' dir='ltr'><strong>perdere</strong></span> <span class='ocrx_word' id='word_1_17' title='bbox 1583 366 1745 421; x_wconf 82' lang='lat' dir='ltr'><strong>verba</strong></span> <span class='ocrx_word' id='word_1_18' title='bbox 1774 369 1892 423; x_wconf 79' lang='lat' dir='ltr'><strong>leve</strong></span> <span class='ocrx_word' id='word_1_19' title='bbox 1918 369 2006 422; x_wconf 80' lang='lat' dir='ltr'><strong>est.</strong></span> 
     </span>
     <span class='ocr_line' id='line_1_6' title="bbox 536 439 2066 512; baseline -0.001 -16"><span class='ocrx_word' id='word_1_20' title='bbox 536 441 733 496; x_wconf 79' lang='lat' dir='ltr'><strong>Certus</strong></span> <span class='ocrx_word' id='word_1_21' title='bbox 757 458 812 494; x_wconf 84' lang='lat' dir='ltr'><strong>es</strong></span> <span class='ocrx_word' id='word_1_22' title='bbox 836 440 913 494; x_wconf 89' lang='lat' dir='ltr'><strong>ire</strong></span> <span class='ocrx_word' id='word_1_23' title='bbox 941 454 1146 504; x_wconf 86' lang='lat' dir='ltr'><strong>tamen,</strong></span> <span class='ocrx_word' id='word_1_24' title='bbox 1183 439 1536 512; x_wconf 81' lang='lat' dir='ltr'><strong>miseramque</strong></span> <span class='ocrx_word' id='word_1_25' title='bbox 1561 439 1864 512; x_wconf 84' lang='lat' dir='ltr'><strong>relinquere</strong></span> <span class='ocrx_word' id='word_1_26' title='bbox 1889 441 2066 496; x_wconf 88' lang='lat' dir='ltr'><strong>Dido:</strong></span> 
     </span>
     <span class='ocr_line' id='line_1_7' title="bbox 613 511 1797 585; baseline 0.001 -20"><span class='ocrx_word' id='word_1_27' title='bbox 613 515 798 585; x_wconf 84' lang='lat' dir='ltr'><strong>Atque</strong></span> <span class='ocrx_word' id='word_1_28' title='bbox 822 512 972 567; x_wconf 81' lang='lat' dir='ltr'><strong>‘idem</strong></span> <span class='ocrx_word' id='word_1_29' title='bbox 995 514 1145 568; x_wconf 86' lang='lat' dir='ltr'><strong>venti</strong></span> <span class='ocrx_word' id='word_1_30' title='bbox 1167 513 1283 567; x_wconf 82' lang='lat' dir='ltr'><strong>vela</strong></span> <span class='ocrx_word' id='word_1_31' title='bbox 1306 511 1582 583; x_wconf 85' lang='lat' dir='ltr'><strong>fidemque</strong></span> <span class='ocrx_word' id='word_1_32' title='bbox 1606 511 1797 566; x_wconf 88' lang='lat' dir='ltr'><strong>ferent.</strong></span> 
     </span>
     <span class='ocr_line' id='line_1_8' title="bbox 537 582 1942 650; baseline 0.001 -10"><span class='ocrx_word' id='word_1_33' title='bbox 537 585 732 640; x_wconf 80' lang='lat' dir='ltr'><strong>Certus</strong></span> <span class='ocrx_word' id='word_1_34' title='bbox 756 603 836 650; x_wconf 81' lang='lat' dir='ltr'><strong>e3‚</strong></span> <span class='ocrx_word' id='word_1_35' title='bbox 874 587 1089 650; x_wconf 84' lang='lat' dir='ltr'><strong>Aenea,</strong></span> <span class='ocrx_word' id='word_1_36' title='bbox 1128 602 1254 639; x_wconf 87' lang='lat' dir='ltr'><strong>curn</strong></span> <span class='ocrx_word' id='word_1_37' title='bbox 1277 582 1502 637; x_wconf 89' lang='lat' dir='ltr'><strong>foedere</strong></span> <span class='ocrx_word' id='word_1_38' title='bbox 1527 583 1731 638; x_wconf 84' lang='lat' dir='ltr'><strong>solvere</strong></span> <span class='ocrx_word' id='word_1_39' title='bbox 1757 602 1942 642; x_wconf 80' lang='lat' dir='ltr'><strong>naves:</strong></span> 
     </span>
    </p>
   </div>
   <div class='ocr_carea' id='block_1_5' title="bbox 435 677 498 712">
    <p class='ocr_par' dir='ltr' id='par_1_5' title="bbox 435 677 498 712">
     <span class='ocr_line' id='line_1_9' title="bbox 435 677 498 712; baseline 0 0"><span class='ocrx_word' id='word_1_40' title='bbox 435 677 498 712; x_wconf 86' lang='lat'><strong>10</strong></span> 
     </span>
    </p>
   </div>
   <div class='ocr_carea' id='block_1_6' title="bbox 247 859 1332 2322">
    <p class='ocr_par' dir='ltr' id='par_1_6' title="bbox 247 859 1300 1064">
     <span class='ocr_line' id='line_1_10' title="bbox 247 859 1299 911; baseline -0.002 -11"><span class='ocrx_word' id='word_1_41' title='bbox 247 862 429 908; x_wconf 79' lang='lat' dir='ltr'><strong>libidines,</strong></span> <span class='ocrx_word' id='word_1_42' title='bbox 458 870 502 903; x_wconf 54' lang='grc' dir='ltr'><strong>(ς’</strong></span> <span class='ocrx_word' id='word_1_43' title='bbox 521 862 659 911; x_wconf 81' lang='lat' dir='ltr'><strong>ferinas</strong></span> <span class='ocrx_word' id='word_1_44' title='bbox 687 860 881 911; x_wconf 76' lang='lat' dir='ltr'><strong>voluptates</strong></span> <span class='ocrx_word' id='word_1_45' title='bbox 906 859 1030 911; x_wconf 75' lang='lat' dir='ltr'><strong>averfiz</strong></span> <span class='ocrx_word' id='word_1_46' title='bbox 1061 866 1184 899; x_wconf 77' lang='lat' dir='ltr'><strong>Venere</strong></span> <span class='ocrx_word' id='word_1_47' title='bbox 1201 860 1299 899; x_wconf 82' lang='lat' dir='ltr'><strong>invi-</strong></span> 
     </span>
     <span class='ocr_line' id='line_1_11' title="bbox 251 911 1300 964; baseline 0 -13"><span class='ocrx_word' id='word_1_48' title='bbox 251 924 307 951; x_wconf 76' lang='lat' dir='ltr'><strong>tat</strong></span> <span class='ocrx_word' id='word_1_49' title='bbox 327 913 374 951; x_wconf 83' lang='lat' dir='ltr'><strong>ad</strong></span> <span class='ocrx_word' id='word_1_50' title='bbox 393 914 530 964; x_wconf 77' lang='lat' dir='ltr'><strong>nuptias</strong></span> <span class='ocrx_word' id='word_1_51' title='bbox 544 916 640 959; x_wconf 82' lang='lat' dir='ltr'><strong>,hoc</strong></span> <span class='ocrx_word' id='word_1_52' title='bbox 658 913 706 950; x_wconf 89' lang='lat' dir='ltr'><strong>est</strong></span> <span class='ocrx_word' id='word_1_53' title='bbox 726 912 875 950; x_wconf 86' lang='lat' dir='ltr'><strong>Venere</strong></span> <span class='ocrx_word' id='word_1_54' title='bbox 892 925 971 950; x_wconf 89' lang='lat' dir='ltr'><strong>non</strong></span> <span class='ocrx_word' id='word_1_55' title='bbox 993 911 1168 952; x_wconf 85' lang='lat' dir='ltr'><strong>audiente</strong></span> <span class='ocrx_word' id='word_1_56' title='bbox 1180 928 1189 957; x_wconf 87' lang='lat'>;</span> <span class='ocrx_word' id='word_1_57' title='bbox 1205 925 1300 963; x_wconf 85' lang='lat' dir='ltr'><strong>quae</strong></span> 
     </span>
     <span class='ocr_line' id='line_1_12' title="bbox 254 963 1300 1015; baseline 0.003 -16"><span class='ocrx_word' id='word_1_58' title='bbox 254 966 292 999; x_wconf 71' lang='grc' dir='ltr'><strong>δε</strong></span> <span class='ocrx_word' id='word_1_59' title='bbox 326 965 399 1002; x_wconf 89' lang='lat' dir='ltr'><strong>illic</strong></span> <span class='ocrx_word' id='word_1_60' title='bbox 430 977 515 1002; x_wconf 79' lang='lat' dir='ltr'><strong>vera</strong></span> <span class='ocrx_word' id='word_1_61' title='bbox 545 965 592 1002; x_wconf 88' lang='lat' dir='ltr'><strong>est</strong></span> <span class='ocrx_word' id='word_1_62' title='bbox 625 965 806 1013; x_wconf 82' lang='lat' dir='ltr'><strong>scriptura.</strong></span> <span class='ocrx_word' id='word_1_63' title='bbox 843 963 893 1002; x_wconf 88' lang='lat' dir='ltr'><strong>fic</strong></span> <span class='ocrx_word' id='word_1_64' title='bbox 921 964 1018 1014; x_wconf 71' lang='lat' dir='ltr'><strong>verfh</strong></span> <span class='ocrx_word' id='word_1_65' title='bbox 1046 963 1208 1014; x_wconf 81' lang='lat' dir='ltr'><strong>Apolline</strong></span> <span class='ocrx_word' id='word_1_66' title='bbox 1233 977 1300 1015; x_wconf 89' lang='lat' dir='ltr'><strong>pro</strong></span> 
     </span>
     <span class='ocr_line' id='line_1_13' title="bbox 250 1015 848 1064; baseline 0 -12"><span class='ocrx_word' id='word_1_67' title='bbox 250 1015 374 1063; x_wconf 82' lang='lat' dir='ltr'><strong>averso</strong></span> <span class='ocrx_word' id='word_1_68' title='bbox 395 1016 525 1053; x_wconf 80' lang='lat' dir='ltr'><strong>Statius</strong></span> <span class='ocrx_word' id='word_1_69' title='bbox 545 1015 696 1064; x_wconf 86' lang='lat' dir='ltr'><strong>Epiced.</strong></span> <span class='ocrx_word' id='word_1_70' title='bbox 718 1016 848 1052; x_wconf 78' lang='lat' dir='ltr'><strong>Patris:</strong></span> 
     </span>
    </p>

    <p class='ocr_par' dir='ltr' id='par_1_7' title="bbox 306 1063 1238 1118">
     <span class='ocr_line' id='line_1_14' title="bbox 306 1063 1238 1118; baseline 0.002 -17"><span class='ocrx_word' id='word_1_71' title='bbox 306 1066 398 1115; x_wconf 56' lang='lat' dir='ltr'><strong>{Mis</strong></span> <span class='ocrx_word' id='word_1_72' title='bbox 407 1065 517 1113; x_wconf 87' lang='lat' dir='ltr'><strong>sterili</strong></span> <span class='ocrx_word' id='word_1_73' title='bbox 536 1080 611 1102; x_wconf 87' lang='lat' dir='ltr'><strong>mea</strong></span> <span class='ocrx_word' id='word_1_74' title='bbox 632 1066 732 1102; x_wconf 89' lang='lat' dir='ltr'><strong>corda</strong></span> <span class='ocrx_word' id='word_1_75' title='bbox 744 1063 839 1115; x_wconf 77' lang='lat' dir='ltr'><strong>situ,</strong></span> <span class='ocrx_word' id='word_1_76' title='bbox 869 1066 946 1118; x_wconf 86' lang='lat' dir='ltr'><strong>quis</strong></span> <span class='ocrx_word' id='word_1_77' title='bbox 963 1065 1126 1116; x_wconf 83' lang='lat' dir='ltr'><strong>Apolline</strong></span> <span class='ocrx_word' id='word_1_78' title='bbox 1143 1065 1238 1116; x_wconf 70' lang='lat' dir='ltr'><strong>verfi’</strong></span> 
     </span>
    </p>

    <p class='ocr_par' dir='ltr' id='par_1_8' title="bbox 253 1116 1309 1318">
     <span class='ocr_line' id='line_1_15' title="bbox 305 1116 1145 1167; baseline 0.004 -15"><span class='ocrx_word' id='word_1_79' title='bbox 305 1116 447 1165; x_wconf 80' lang='lat' dir='ltr'><strong>Frigida</strong></span> <span class='ocrx_word' id='word_1_80' title='bbox 467 1117 659 1154; x_wconf 88' lang='lat' dir='ltr'><strong>damnatae</strong></span> <span class='ocrx_word' id='word_1_81' title='bbox 673 1117 862 1167; x_wconf 80' lang='lat' dir='ltr'><strong>praeduxit</strong></span> <span class='ocrx_word' id='word_1_82' title='bbox 880 1117 1002 1155; x_wconf 86' lang='lat' dir='ltr'><strong>nubila</strong></span> <span class='ocrx_word' id='word_1_83' title='bbox 1024 1118 1145 1155; x_wconf 83' lang='lat' dir='ltr'><strong>menti.</strong></span> 
     </span>
     <span class='ocr_line' id='line_1_16' title="bbox 253 1167 1308 1219; baseline -0.001 -13"><span class='ocrx_word' id='word_1_84' title='bbox 253 1167 449 1216; x_wconf 72' lang='lat' dir='ltr'><strong>Perperum</strong></span> <span class='ocrx_word' id='word_1_85' title='bbox 473 1169 547 1206; x_wconf 88' lang='lat' dir='ltr'><strong>illic</strong></span> <span class='ocrx_word' id='word_1_86' title='bbox 573 1168 705 1217; x_wconf 80' lang='lat' dir='ltr'><strong>legitur</strong></span> <span class='ocrx_word' id='word_1_87' title='bbox 737 1167 897 1217; x_wconf 83' lang='lat' dir='ltr'><strong>Apolline</strong></span> <span class='ocrx_word' id='word_1_88' title='bbox 922 1170 1052 1218; x_wconf 77' lang='lat' dir='ltr'><strong>merso,</strong></span> <span class='ocrx_word' id='word_1_89' title='bbox 1082 1170 1120 1206; x_wconf 69' lang='grc' dir='ltr'>δί</span> <span class='ocrx_word' id='word_1_90' title='bbox 1138 1167 1308 1219; x_wconf 80' lang='lat' dir='ltr'><strong>produxit</strong></span> 
     </span>
     <span class='ocr_line' id='line_1_17' title="bbox 257 1217 1309 1266; baseline 0.004 -12"><span class='ocrx_word' id='word_1_91' title='bbox 257 1218 389 1255; x_wconf 41' lang='lat' dir='ltr'><strong>nubila.</strong></span> <span class='ocrx_word' id='word_1_92' title='bbox 419 1219 505 1256; x_wconf 88' lang='lat' dir='ltr'><strong>hinc</strong></span> <span class='ocrx_word' id='word_1_93' title='bbox 530 1219 642 1256; x_wconf 85' lang='lat' dir='ltr'><strong>etiam</strong></span> <span class='ocrx_word' id='word_1_94' title='bbox 668 1217 758 1256; x_wconf 87' lang='lat' dir='ltr'><strong>illud</strong></span> <span class='ocrx_word' id='word_1_95' title='bbox 784 1218 934 1257; x_wconf 73' lang='lat' dir='ltr'><strong>Boethii</strong></span> <span class='ocrx_word' id='word_1_96' title='bbox 951 1219 998 1258; x_wconf 92' lang='lat' dir='ltr'><strong>de</strong></span> <span class='ocrx_word' id='word_1_97' title='bbox 1016 1228 1163 1266; x_wconf 90' lang='lat' dir='ltr'><strong>morte,</strong></span> <span class='ocrx_word' id='word_1_98' title='bbox 1189 1220 1250 1258; x_wconf 90' lang='lat' dir='ltr'><strong>lib.</strong></span> <span class='ocrx_word' id='word_1_99' title='bbox 1277 1231 1309 1258; x_wconf 84' lang='lat'><strong>1.</strong></span> 
     </span>
     <span class='ocr_line' id='line_1_18' title="bbox 256 1269 605 1318; baseline 0 -12"><span class='ocrx_word' id='word_1_100' title='bbox 256 1269 371 1306; x_wconf 85' lang='lat' dir='ltr'><strong>Cons.</strong></span> <span class='ocrx_word' id='word_1_101' title='bbox 396 1269 605 1318; x_wconf 70' lang='lat' dir='ltr'><strong>philosoph.</strong></span> 
     </span>
    </p>

    <p class='ocr_par' dir='ltr' id='par_1_9' title="bbox 261 1318 1286 1420">
     <span class='ocr_line' id='line_1_19' title="bbox 311 1318 1175 1370; baseline 0.005 -15"><span class='ocrx_word' id='word_1_102' title='bbox 311 1318 407 1356; x_wconf 85' lang='lat' dir='ltr'><strong>Eheu</strong></span> <span class='ocrx_word' id='word_1_103' title='bbox 420 1349 429 1365; x_wconf 91' lang='lat'>,</span> <span class='ocrx_word' id='word_1_104' title='bbox 459 1333 566 1370; x_wconf 85' lang='lat' dir='ltr'><strong>quam</strong></span> <span class='ocrx_word' id='word_1_105' title='bbox 580 1319 692 1370; x_wconf 84' lang='lat' dir='ltr'><strong>surda</strong></span> <span class='ocrx_word' id='word_1_106' title='bbox 713 1318 848 1369; x_wconf 72' lang='lat' dir='ltr'><strong>miseros</strong></span> <span class='ocrx_word' id='word_1_107' title='bbox 867 1321 1046 1358; x_wconf 83' lang='lat' dir='ltr'><strong>avertitur</strong></span> <span class='ocrx_word' id='word_1_108' title='bbox 1066 1325 1175 1359; x_wconf 83' lang='lat' dir='ltr'><strong>aure!</strong></span> 
     </span>
     <span class='ocr_line' id='line_1_20' title="bbox 261 1371 1286 1420; baseline 0.003 -11"><span class='ocrx_word' id='word_1_109' title='bbox 261 1371 382 1420; x_wconf 89' lang='lat' dir='ltr'><strong>Quod</strong></span> <span class='ocrx_word' id='word_1_110' title='bbox 403 1384 447 1409; x_wconf 83' lang='lat' dir='ltr'><strong>ex</strong></span> <span class='ocrx_word' id='word_1_111' title='bbox 464 1371 527 1410; x_wconf 89' lang='lat' dir='ltr'><strong>illo</strong></span> <span class='ocrx_word' id='word_1_112' title='bbox 553 1372 655 1409; x_wconf 86' lang='lat' dir='ltr'><strong>Statii</strong></span> <span class='ocrx_word' id='word_1_113' title='bbox 676 1372 830 1409; x_wconf 76' lang='lat' dir='ltr'><strong>Glaucia</strong></span> <span class='ocrx_word' id='word_1_114' title='bbox 847 1373 1016 1410; x_wconf 90' lang='lat' dir='ltr'><strong>Melioris</strong></span> <span class='ocrx_word' id='word_1_115' title='bbox 1037 1373 1086 1410; x_wconf 90' lang='lat' dir='ltr'><strong>est</strong></span> <span class='ocrx_word' id='word_1_116' title='bbox 1103 1373 1286 1412; x_wconf 84' lang='lat' dir='ltr'><strong>imitatus:</strong></span> 
     </span>
    </p>

    <p class='ocr_par' dir='ltr' id='par_1_10' title="bbox 261 1422 1332 2322">
     <span class='ocr_line' id='line_1_21' title="bbox 313 1422 1132 1474; baseline 0.004 -17"><span class='ocrx_word' id='word_1_117' title='bbox 313 1422 488 1474; x_wconf 81' lang='lat' dir='ltr'><strong>Odistique</strong></span> <span class='ocrx_word' id='word_1_118' title='bbox 511 1422 637 1460; x_wconf 86' lang='lat' dir='ltr'><strong>Chelin</strong></span> <span class='ocrx_word' id='word_1_119' title='bbox 648 1422 826 1473; x_wconf 86' lang='lat' dir='ltr'><strong>surdaque</strong></span> <span class='ocrx_word' id='word_1_120' title='bbox 845 1423 1016 1460; x_wconf 84' lang='lat' dir='ltr'><strong>averteris</strong></span> <span class='ocrx_word' id='word_1_121' title='bbox 1036 1437 1132 1461; x_wconf 86' lang='lat' dir='ltr'><strong>aure.</strong></span> 
     </span>
     <span class='ocr_line' id='line_1_22' title="bbox 261 1473 1314 1513; baseline 0.001 -1"><span class='ocrx_word' id='word_1_122' title='bbox 261 1473 477 1512; x_wconf 66' lang='lat' dir='ltr'><strong>Heinsius.</strong></span> <span class='ocrx_word' id='word_1_123' title='bbox 507 1475 587 1512; x_wconf 86' lang='lat' dir='ltr'><strong>Nos</strong></span> <span class='ocrx_word' id='word_1_124' title='bbox 607 1482 733 1511; x_wconf 84' lang='lat' dir='ltr'><strong>tamen</strong></span> <span class='ocrx_word' id='word_1_125' title='bbox 753 1482 881 1512; x_wconf 84' lang='lat' dir='ltr'><strong>contra</strong></span> <span class='ocrx_word' id='word_1_126' title='bbox 900 1475 1011 1512; x_wconf 88' lang='lat' dir='ltr'><strong>libros</strong></span> <span class='ocrx_word' id='word_1_127' title='bbox 1030 1475 1202 1512; x_wconf 87' lang='lat' dir='ltr'><strong>meliores</strong></span> <span class='ocrx_word' id='word_1_128' title='bbox 1222 1474 1314 1513; x_wconf 87' lang='lat' dir='ltr'><strong>nihil</strong></span> 
     </span>
     <span class='ocr_line' id='line_1_23' title="bbox 264 1525 1315 1575; baseline 0.002 -14"><span class='ocrx_word' id='word_1_129' title='bbox 264 1536 464 1562; x_wconf 85' lang='lat' dir='ltr'><strong>movemus</strong></span> <span class='ocrx_word' id='word_1_130' title='bbox 483 1539 494 1568; x_wconf 84' lang='lat'>;</span> <span class='ocrx_word' id='word_1_131' title='bbox 534 1526 571 1562; x_wconf 92' lang='lat'>&amp;</span> <span class='ocrx_word' id='word_1_132' title='bbox 592 1525 768 1562; x_wconf 81' lang='lat' dir='ltr'><strong>movimus</strong></span> <span class='ocrx_word' id='word_1_133' title='bbox 790 1526 1009 1563; x_wconf 86' lang='lat' dir='ltr'><strong>retinuimus</strong></span> <span class='ocrx_word' id='word_1_134' title='bbox 1024 1554 1034 1570; x_wconf 92' lang='lat'>,</span> <span class='ocrx_word' id='word_1_135' title='bbox 1061 1525 1165 1575; x_wconf 91' lang='lat' dir='ltr'><strong>quod</strong></span> <span class='ocrx_word' id='word_1_136' title='bbox 1183 1526 1315 1564; x_wconf 86' lang='lat' dir='ltr'><strong>melius</strong></span> 
     </span>
     <span class='ocr_line' id='line_1_24' title="bbox 265 1574 1316 1626; baseline 0.001 -13"><span class='ocrx_word' id='word_1_137' title='bbox 265 1577 318 1622; x_wconf 69' lang='grc' dir='ltr'><strong>τῷ</strong></span> <span class='ocrx_word' id='word_1_138' title='bbox 337 1574 494 1626; x_wconf 84' lang='lat' dir='ltr'><strong>alloquor</strong></span> <span class='ocrx_word' id='word_1_139' title='bbox 514 1576 704 1613; x_wconf 81' lang='lat' dir='ltr'><strong>convenit.</strong></span> <span class='ocrx_word' id='word_1_140' title='bbox 734 1582 877 1613; x_wconf 80' lang='lat' dir='ltr'><strong>Movere</strong></span> <span class='ocrx_word' id='word_1_141' title='bbox 904 1577 1004 1615; x_wconf 86' lang='lat' dir='ltr'><strong>enim</strong></span> <span class='ocrx_word' id='word_1_142' title='bbox 1027 1576 1073 1614; x_wconf 81' lang='lat' dir='ltr'><strong>de</strong></span> <span class='ocrx_word' id='word_1_143' title='bbox 1093 1576 1290 1625; x_wconf 81' lang='lat' dir='ltr'><strong>scriptione</strong></span> <span class='ocrx_word' id='word_1_144' title='bbox 1304 1605 1316 1622; x_wconf 89' lang='lat'>,</span> 
     </span>
     <span class='ocr_line' id='line_1_25' title="bbox 264 1625 1319 1676; baseline 0.002 -14"><span class='ocrx_word' id='word_1_145' title='bbox 264 1625 438 1675; x_wconf 84' lang='lat' dir='ltr'><strong>epistola,</strong></span> <span class='ocrx_word' id='word_1_146' title='bbox 463 1627 501 1663; x_wconf 68' lang='grc' dir='ltr'><strong>ὃ(</strong></span> <span class='ocrx_word' id='word_1_147' title='bbox 530 1626 700 1664; x_wconf 85' lang='lat' dir='ltr'><strong>sermone</strong></span> <span class='ocrx_word' id='word_1_148' title='bbox 728 1626 827 1665; x_wconf 68' lang='lat' dir='ltr'><strong>reete</strong></span> <span class='ocrx_word' id='word_1_149' title='bbox 848 1626 990 1665; x_wconf 89' lang='lat' dir='ltr'><strong>dicitur.</strong></span> <span class='ocrx_word' id='word_1_150' title='bbox 1013 1639 1049 1664; x_wconf 90' lang='lat' dir='ltr'><strong>v.</strong></span> <span class='ocrx_word' id='word_1_151' title='bbox 1072 1627 1181 1676; x_wconf 91' lang='lat' dir='ltr'><strong>Epist.</strong></span> <span class='ocrx_word' id='word_1_152' title='bbox 1202 1640 1263 1665; x_wconf 85' lang='lat' dir='ltr'><strong>xv.</strong></span> <span class='ocrx_word' id='word_1_153' title='bbox 1283 1639 1319 1674; x_wconf 86' lang='lat'><strong>4.</strong></span> 
     </span>
     <span class='ocr_line' id='line_1_26' title="bbox 270 1676 1322 1725; baseline 0 -12"><span class='ocrx_word' id='word_1_154' title='bbox 270 1688 301 1713; x_wconf 84' lang='lat'><strong>1.</strong></span> <span class='ocrx_word' id='word_1_155' title='bbox 334 1676 413 1713; x_wconf 85' lang='lat' dir='ltr'><strong>Art.</strong></span> <span class='ocrx_word' id='word_1_156' title='bbox 443 1678 568 1714; x_wconf 81' lang='lat' dir='ltr'><strong>Amat.</strong></span> <span class='ocrx_word' id='word_1_157' title='bbox 601 1689 661 1725; x_wconf 86' lang='lat'><strong>29.</strong></span> <span class='ocrx_word' id='word_1_158' title='bbox 691 1678 729 1714; x_wconf 90' lang='lat'>&amp;</span> <span class='ocrx_word' id='word_1_159' title='bbox 756 1677 870 1715; x_wconf 86' lang='lat' dir='ltr'><strong>alibi:</strong></span> <span class='ocrx_word' id='word_1_160' title='bbox 900 1678 939 1715; x_wconf 90' lang='lat'>&amp;</span> <span class='ocrx_word' id='word_1_161' title='bbox 968 1678 1073 1715; x_wconf 86' lang='lat' dir='ltr'><strong>Deos</strong></span> <span class='ocrx_word' id='word_1_162' title='bbox 1094 1686 1172 1716; x_wconf 87' lang='lat' dir='ltr'><strong>tam</strong></span> <span class='ocrx_word' id='word_1_163' title='bbox 1190 1678 1322 1714; x_wconf 79' lang='lat' dir='ltr'><strong>adver-</strong></span> 
     </span>
     <span class='ocr_line' id='line_1_27' title="bbox 261 1726 1320 1777; baseline 0.004 -15"><span class='ocrx_word' id='word_1_164' title='bbox 261 1726 316 1777; x_wconf 83' lang='lat' dir='ltr'><strong>sos</strong></span> <span class='ocrx_word' id='word_1_165' title='bbox 332 1754 341 1769; x_wconf 91' lang='lat'>‚</span> <span class='ocrx_word' id='word_1_166' title='bbox 370 1738 483 1775; x_wconf 90' lang='lat' dir='ltr'><strong>quam</strong></span> <span class='ocrx_word' id='word_1_167' title='bbox 511 1727 646 1777; x_wconf 70' lang='lat' dir='ltr'><strong>aversos</strong></span> <span class='ocrx_word' id='word_1_168' title='bbox 677 1726 775 1764; x_wconf 62' lang='lat' dir='ltr'><strong>rede</strong></span> <span class='ocrx_word' id='word_1_169' title='bbox 806 1727 879 1765; x_wconf 91' lang='lat' dir='ltr'><strong>dici</strong></span> <span class='ocrx_word' id='word_1_170' title='bbox 899 1728 1031 1766; x_wconf 88' lang='lat' dir='ltr'><strong>scimus</strong></span> <span class='ocrx_word' id='word_1_171' title='bbox 1046 1756 1056 1772; x_wconf 94' lang='lat'><strong>,</strong></span> <span class='ocrx_word' id='word_1_172' title='bbox 1081 1729 1169 1766; x_wconf 89' lang='lat' dir='ltr'><strong>licet</strong></span> <span class='ocrx_word' id='word_1_173' title='bbox 1188 1729 1320 1766; x_wconf 85' lang='lat' dir='ltr'><strong>librarii</strong></span> 
     </span>
     <span class='ocr_line' id='line_1_28' title="bbox 268 1778 1322 1825; baseline 0.003 -12"><span class='ocrx_word' id='word_1_174' title='bbox 268 1786 449 1825; x_wconf 88' lang='lat' dir='ltr'><strong>perpetuo</strong></span> <span class='ocrx_word' id='word_1_175' title='bbox 459 1778 534 1814; x_wconf 89' lang='lat' dir='ltr'><strong>fere</strong></span> <span class='ocrx_word' id='word_1_176' title='bbox 546 1779 873 1815; x_wconf 80' lang='lat' dir='ltr'><strong>commutaverint.</strong></span> <span class='ocrx_word' id='word_1_177' title='bbox 885 1779 1184 1816; x_wconf 86' lang='lat' dir='ltr'><strong>vid.Gronov.ad</strong></span> <span class='ocrx_word' id='word_1_178' title='bbox 1193 1780 1322 1816; x_wconf 79' lang='lat' dir='ltr'><strong>Senec.</strong></span> 
     </span>
     <span class='ocr_line' id='line_1_29' title="bbox 272 1827 1324 1876; baseline 0.002 -12"><span class='ocrx_word' id='word_1_179' title='bbox 272 1827 380 1864; x_wconf 81' lang='lat' dir='ltr'><strong>Med.</strong></span> <span class='ocrx_word' id='word_1_180' title='bbox 411 1839 466 1864; x_wconf 91' lang='lat' dir='ltr'><strong>1o.</strong></span> <span class='ocrx_word' id='word_1_181' title='bbox 495 1829 533 1864; x_wconf 77' lang='grc' dir='ltr'><strong>ὃ(</strong></span> <span class='ocrx_word' id='word_1_182' title='bbox 553 1829 602 1865; x_wconf 79' lang='lat' dir='ltr'><strong>ita</strong></span> <span class='ocrx_word' id='word_1_183' title='bbox 623 1827 790 1876; x_wconf 85' lang='lat' dir='ltr'><strong>adversus</strong></span> <span class='ocrx_word' id='word_1_184' title='bbox 815 1834 916 1864; x_wconf 82' lang='lat' dir='ltr'><strong>Mars</strong></span> <span class='ocrx_word' id='word_1_185' title='bbox 941 1827 1140 1867; x_wconf 83' lang='lat' dir='ltr'><strong>necessario</strong></span> <span class='ocrx_word' id='word_1_186' title='bbox 1161 1830 1324 1867; x_wconf 87' lang='lat' dir='ltr'><strong>retinen-</strong></span> 
     </span>
     <span class='ocr_line' id='line_1_30' title="bbox 272 1877 1325 1929; baseline 0.001 -15"><span class='ocrx_word' id='word_1_187' title='bbox 272 1879 339 1915; x_wconf 89' lang='lat' dir='ltr'><strong>dus</strong></span> <span class='ocrx_word' id='word_1_188' title='bbox 359 1878 398 1915; x_wconf 87' lang='lat' dir='ltr'><strong>in</strong></span> <span class='ocrx_word' id='word_1_189' title='bbox 417 1878 479 1915; x_wconf 88' lang='lat' dir='ltr'><strong>lib.</strong></span> <span class='ocrx_word' id='word_1_190' title='bbox 507 1891 538 1914; x_wconf 87' lang='lat'><strong>1.</strong></span> <span class='ocrx_word' id='word_1_191' title='bbox 554 1877 643 1915; x_wconf 87' lang='lat' dir='ltr'><strong>Fast.</strong></span> <span class='ocrx_word' id='word_1_192' title='bbox 663 1879 722 1915; x_wconf 87' lang='lat'><strong>60.</strong></span> <span class='ocrx_word' id='word_1_193' title='bbox 752 1879 837 1927; x_wconf 81' lang='lat' dir='ltr'><strong>quia</strong></span> <span class='ocrx_word' id='word_1_194' title='bbox 857 1877 957 1916; x_wconf 88' lang='lat' dir='ltr'><strong>idem</strong></span> <span class='ocrx_word' id='word_1_195' title='bbox 983 1888 1090 1917; x_wconf 84' lang='lat' dir='ltr'><strong>notat</strong></span> <span class='ocrx_word' id='word_1_196' title='bbox 1107 1909 1117 1925; x_wconf 91' lang='lat'>‚</span> <span class='ocrx_word' id='word_1_197' title='bbox 1137 1879 1241 1929; x_wconf 89' lang='lat' dir='ltr'><strong>quod</strong></span> <span class='ocrx_word' id='word_1_198' title='bbox 1260 1879 1325 1915; x_wconf 86' lang='lat' dir='ltr'><strong>ad-</strong></span> 
     </span>
     <span class='ocr_line' id='line_1_31' title="bbox 272 1927 1325 1979; baseline 0.004 -14"><span class='ocrx_word' id='word_1_199' title='bbox 272 1927 375 1978; x_wconf 80' lang='lat' dir='ltr'><strong>versa</strong></span> <span class='ocrx_word' id='word_1_200' title='bbox 385 1927 511 1977; x_wconf 83' lang='lat' dir='ltr'><strong>praelii</strong></span> <span class='ocrx_word' id='word_1_201' title='bbox 521 1929 673 1975; x_wconf 86' lang='lat' dir='ltr'><strong>fortuna</strong></span> <span class='ocrx_word' id='word_1_202' title='bbox 686 1957 695 1973; x_wconf 95' lang='lat'>‚</span> <span class='ocrx_word' id='word_1_203' title='bbox 719 1941 831 1978; x_wconf 80' lang='lat' dir='ltr'><strong>quam</strong></span> <span class='ocrx_word' id='word_1_204' title='bbox 852 1929 1014 1979; x_wconf 83' lang='lat' dir='ltr'><strong>aversam</strong></span> <span class='ocrx_word' id='word_1_205' title='bbox 1035 1930 1108 1969; x_wconf 84' lang='lat' dir='ltr'><strong>dici</strong></span> <span class='ocrx_word' id='word_1_206' title='bbox 1129 1929 1229 1979; x_wconf 85' lang='lat' dir='ltr'><strong>poffe</strong></span> <span class='ocrx_word' id='word_1_207' title='bbox 1247 1943 1325 1969; x_wconf 86' lang='lat' dir='ltr'><strong>non</strong></span> 
     </span>
     <span class='ocr_line' id='line_1_32' title="bbox 275 1976 1326 2029; baseline 0.005 -14"><span class='ocrx_word' id='word_1_208' title='bbox 275 1987 381 2028; x_wconf 89' lang='lat' dir='ltr'><strong>puto.</strong></span> <span class='ocrx_word' id='word_1_209' title='bbox 427 1976 557 2028; x_wconf 77' lang='lat' dir='ltr'><strong>Aversi</strong></span> <span class='ocrx_word' id='word_1_210' title='bbox 584 1991 673 2017; x_wconf 87' lang='lat' dir='ltr'><strong>vero</strong></span> <span class='ocrx_word' id='word_1_211' title='bbox 703 1981 848 2029; x_wconf 75' lang='lat' dir='ltr'><strong>proprie</strong></span> <span class='ocrx_word' id='word_1_212' title='bbox 880 1980 961 2026; x_wconf 89' lang='lat' dir='ltr'><strong>dii,</strong></span> <span class='ocrx_word' id='word_1_213' title='bbox 1006 1980 1033 2019; x_wconf 91' lang='lat' dir='ltr'><strong>fi</strong></span> <span class='ocrx_word' id='word_1_214' title='bbox 1072 1982 1251 2020; x_wconf 83' lang='lat' dir='ltr'><strong>excedere</strong></span> <span class='ocrx_word' id='word_1_215' title='bbox 1281 1994 1326 2020; x_wconf 86' lang='lat' dir='ltr'><strong>ex</strong></span> 
     </span>
     <span class='ocr_line' id='line_1_33' title="bbox 276 2029 1329 2079; baseline 0.003 -12"><span class='ocrx_word' id='word_1_216' title='bbox 276 2030 439 2079; x_wconf 82' lang='lat' dir='ltr'><strong>templis,</strong></span> <span class='ocrx_word' id='word_1_217' title='bbox 451 2029 643 2068; x_wconf 84' lang='lat' dir='ltr'><strong>destituere</strong></span> <span class='ocrx_word' id='word_1_218' title='bbox 655 2031 751 2074; x_wconf 84' lang='lat' dir='ltr'><strong>loca,</strong></span> <span class='ocrx_word' id='word_1_219' title='bbox 763 2040 826 2069; x_wconf 87' lang='lat' dir='ltr'><strong>aut</strong></span> <span class='ocrx_word' id='word_1_220' title='bbox 841 2032 1029 2077; x_wconf 84' lang='lat' dir='ltr'><strong>homines,</strong></span> <span class='ocrx_word' id='word_1_221' title='bbox 1042 2041 1127 2071; x_wconf 89' lang='lat' dir='ltr'><strong>ante</strong></span> <span class='ocrx_word' id='word_1_222' title='bbox 1139 2040 1259 2071; x_wconf 82' lang='lat' dir='ltr'><strong>amata</strong></span> <span class='ocrx_word' id='word_1_223' title='bbox 1271 2034 1329 2070; x_wconf 89' lang='lat' dir='ltr'><strong>in-</strong></span> 
     </span>
     <span class='ocr_line' id='line_1_34' title="bbox 279 2079 1328 2131; baseline 0.001 -13"><span class='ocrx_word' id='word_1_224' title='bbox 279 2080 477 2119; x_wconf 85' lang='lat' dir='ltr'><strong>ducuntur.</strong></span> <span class='ocrx_word' id='word_1_225' title='bbox 524 2079 699 2131; x_wconf 77' lang='lat' dir='ltr'><strong>Adversi,</strong></span> <span class='ocrx_word' id='word_1_226' title='bbox 725 2082 787 2119; x_wconf 91' lang='lat' dir='ltr'><strong>ubi</strong></span> <span class='ocrx_word' id='word_1_227' title='bbox 821 2083 971 2122; x_wconf 85' lang='lat' dir='ltr'><strong>inimica</strong></span> <span class='ocrx_word' id='word_1_228' title='bbox 1006 2092 1159 2128; x_wconf 89' lang='lat' dir='ltr'><strong>mente,</strong></span> <span class='ocrx_word' id='word_1_229' title='bbox 1186 2084 1328 2131; x_wconf 85' lang='lat' dir='ltr'><strong>iniqui,</strong></span> 
     </span>
     <span class='ocr_line' id='line_1_35' title="bbox 278 2132 1330 2182; baseline -0.001 -12"><span class='ocrx_word' id='word_1_230' title='bbox 278 2132 361 2170; x_wconf 87' lang='lat' dir='ltr'><strong>irati</strong></span> <span class='ocrx_word' id='word_1_231' title='bbox 384 2160 393 2176; x_wconf 90' lang='lat'>‚</span> <span class='ocrx_word' id='word_1_232' title='bbox 423 2133 594 2171; x_wconf 79' lang='lat' dir='ltr'><strong>contrarii</strong></span> <span class='ocrx_word' id='word_1_233' title='bbox 620 2132 712 2170; x_wconf 87' lang='lat' dir='ltr'><strong>sunt.</strong></span> <span class='ocrx_word' id='word_1_234' title='bbox 740 2133 856 2171; x_wconf 88' lang='lat' dir='ltr'><strong>sensus</strong></span> <span class='ocrx_word' id='word_1_235' title='bbox 885 2146 977 2172; x_wconf 90' lang='lat' dir='ltr'><strong>vero</strong></span> <span class='ocrx_word' id='word_1_236' title='bbox 1010 2135 1087 2178; x_wconf 85' lang='lat' dir='ltr'><strong>est;</strong></span> <span class='ocrx_word' id='word_1_237' title='bbox 1117 2132 1330 2182; x_wconf 85' lang='lat' dir='ltr'><strong>Scripfimus</strong></span> 
     </span>
     <span class='ocr_line' id='line_1_36' title="bbox 281 2183 1331 2234; baseline 0.001 -15"><span class='ocrx_word' id='word_1_238' title='bbox 281 2194 370 2231; x_wconf 85' lang='lat' dir='ltr'><strong>ergo</strong></span> <span class='ocrx_word' id='word_1_239' title='bbox 404 2183 498 2220; x_wconf 86' lang='lat' dir='ltr'><strong>hanc</strong></span> <span class='ocrx_word' id='word_1_240' title='bbox 526 2183 727 2232; x_wconf 75' lang='lat' dir='ltr'><strong>Epistolam</strong></span> <span class='ocrx_word' id='word_1_241' title='bbox 760 2196 837 2222; x_wconf 89' lang='lat' dir='ltr'><strong>non</strong></span> <span class='ocrx_word' id='word_1_242' title='bbox 868 2196 911 2222; x_wconf 79' lang='lat' dir='ltr'><strong>ea</strong></span> <span class='ocrx_word' id='word_1_243' title='bbox 939 2185 1024 2233; x_wconf 88' lang='lat' dir='ltr'><strong>spe,</strong></span> <span class='ocrx_word' id='word_1_244' title='bbox 1051 2183 1150 2234; x_wconf 80' lang='lat' dir='ltr'><strong>quasi</strong></span> <span class='ocrx_word' id='word_1_245' title='bbox 1177 2192 1219 2221; x_wconf 86' lang='lat' dir='ltr'><strong>tu</strong></span> <span class='ocrx_word' id='word_1_246' title='bbox 1247 2195 1331 2221; x_wconf 88' lang='lat' dir='ltr'><strong>mo-</strong></span> 
     </span>
     <span class='ocr_line' id='line_1_37' title="bbox 281 2232 1332 2322; baseline 0.003 -52"><span class='ocrx_word' id='word_1_247' title='bbox 281 2234 362 2322; x_wconf 49' lang='lat' dir='ltr'><strong>{eri</strong></span> <span class='ocrx_word' id='word_1_248' title='bbox 396 2232 512 2282; x_wconf 89' lang='lat' dir='ltr'><strong>posses</strong></span> <span class='ocrx_word' id='word_1_249' title='bbox 536 2262 547 2279; x_wconf 95' lang='lat'>,</span> <span class='ocrx_word' id='word_1_250' title='bbox 591 2234 653 2272; x_wconf 88' lang='lat' dir='ltr'><strong>sed</strong></span> <span class='ocrx_word' id='word_1_251' title='bbox 696 2235 782 2284; x_wconf 85' lang='lat' dir='ltr'><strong>quia</strong></span> <span class='ocrx_word' id='word_1_252' title='bbox 817 2236 902 2272; x_wconf 83' lang='lat' dir='ltr'><strong>leve</strong></span> <span class='ocrx_word' id='word_1_253' title='bbox 937 2235 987 2273; x_wconf 89' lang='lat' dir='ltr'><strong>est</strong></span> <span class='ocrx_word' id='word_1_254' title='bbox 1025 2236 1135 2272; x_wconf 81' lang='lat' dir='ltr'><strong>verba</strong></span> <span class='ocrx_word' id='word_1_255' title='bbox 1169 2234 1332 2284; x_wconf 84' lang='lat' dir='ltr'><strong>perdere.</strong></span> 
     </span>
    </p>

    <p class='ocr_par' dir='ltr' id='par_1_11' title="bbox 318 2297 551 2322">
     <span class='ocr_line' id='line_1_38' title="bbox 318 2297 551 2322; baseline 0.004 -1"><span class='ocrx_word' id='word_1_256' title='bbox 318 2297 551 2322; x_wconf 57' lang='lat' dir='ltr'><strong>nunninus.</strong></span> 
     </span>
    </p>
   </div>
   <div class='ocr_carea' id='block_1_7' title="bbox 286 2335 1337 2483">
    <p class='ocr_par' dir='ltr' id='par_1_12' title="bbox 286 2335 1337 2483">
     <span class='ocr_line' id='line_1_39' title="bbox 338 2335 1336 2386; baseline 0.001 -13"><span class='ocrx_word' id='word_1_257' title='bbox 338 2347 372 2383; x_wconf 87' lang='grc' dir='ltr'><strong>ς.</strong></span> <span class='ocrx_word' id='word_1_258' title='bbox 399 2336 462 2372; x_wconf 82' lang='lat' dir='ltr'><strong>Sed</strong></span> <span class='ocrx_word' id='word_1_259' title='bbox 488 2335 605 2373; x_wconf 84' lang='lat' dir='ltr'><strong>meriti</strong></span> <span class='ocrx_word' id='word_1_260' title='bbox 623 2335 817 2386; x_wconf 68' lang='lat' dir='ltr'><strong>famam]</strong></span> <span class='ocrx_word' id='word_1_261' title='bbox 857 2336 1152 2384; x_wconf 83' lang='lat' dir='ltr'><strong>Gottorphianus</strong></span> <span class='ocrx_word' id='word_1_262' title='bbox 1187 2337 1225 2374; x_wconf 91' lang='lat'>&amp;</span> <span class='ocrx_word' id='word_1_263' title='bbox 1247 2335 1336 2374; x_wconf 83' lang='lat' dir='ltr'><strong>alter</strong></span> 
     </span>
     <span class='ocr_line' id='line_1_40' title="bbox 286 2385 1337 2432; baseline 0.003 -9"><span class='ocrx_word' id='word_1_264' title='bbox 286 2385 537 2424; x_wconf 82' lang='lat' dir='ltr'><strong>Mentelianus</strong></span> <span class='ocrx_word' id='word_1_265' title='bbox 556 2415 566 2432; x_wconf 93' lang='lat'>‚</span> <span class='ocrx_word' id='word_1_266' title='bbox 608 2388 785 2425; x_wconf 81' lang='lat' dir='ltr'><strong>meritam.</strong></span> <span class='ocrx_word' id='word_1_267' title='bbox 825 2388 931 2425; x_wconf 88' lang='lat' dir='ltr'><strong>Unus</strong></span> <span class='ocrx_word' id='word_1_268' title='bbox 966 2387 1160 2426; x_wconf 90' lang='lat' dir='ltr'><strong>Mediceus</strong></span> <span class='ocrx_word' id='word_1_269' title='bbox 1198 2387 1337 2426; x_wconf 80' lang='lat' dir='ltr'><strong>merita.</strong></span> 
     </span>
     <span class='ocr_line' id='line_1_41' title="bbox 288 2437 853 2483; baseline 0.005 -9"><span class='ocrx_word' id='word_1_270' title='bbox 288 2437 496 2475; x_wconf 83' lang='lat' dir='ltr'><strong>Puteaneus</strong></span> <span class='ocrx_word' id='word_1_271' title='bbox 509 2467 519 2483; x_wconf 95' lang='lat'>,</span> <span class='ocrx_word' id='word_1_272' title='bbox 547 2439 679 2476; x_wconf 81' lang='lat' dir='ltr'><strong>merite.</strong></span> <span class='ocrx_word' id='word_1_273' title='bbox 711 2438 853 2477; x_wconf 80' lang='lat' dir='ltr'><strong>Scribe:</strong></span> 
     </span>
    </p>
   </div>
   <div class='ocr_carea' id='block_1_8' title="bbox 344 2487 783 2536">
    <p class='ocr_par' dir='ltr' id='par_1_13' title="bbox 344 2487 783 2536">
     <span class='ocr_line' id='line_1_42' title="bbox 344 2487 783 2536; baseline 0.009 -12"><span class='ocrx_word' id='word_1_274' title='bbox 344 2487 406 2524; x_wconf 85' lang='lat' dir='ltr'><strong>Sed</strong></span> <span class='ocrx_word' id='word_1_275' title='bbox 425 2489 550 2526; x_wconf 80' lang='lat' dir='ltr'><strong>merita</strong></span> <span class='ocrx_word' id='word_1_276' title='bbox 569 2501 612 2529; x_wconf 64' lang='grc' dir='ltr'><strong>ω’</strong></span> <span class='ocrx_word' id='word_1_277' title='bbox 626 2492 783 2536; x_wconf 87' lang='lat' dir='ltr'><strong>famam.</strong></span> 
     </span>
    </p>
   </div>
   <div class='ocr_carea' id='block_1_9' title="bbox 294 2539 1356 3250">
    <p class='ocr_par' dir='ltr' id='par_1_14' title="bbox 294 2539 1343 2744">
     <span class='ocr_line' id='line_1_43' title="bbox 294 2539 1340 2591; baseline 0.003 -16"><span class='ocrx_word' id='word_1_278' title='bbox 294 2539 433 2576; x_wconf 84' lang='lat' dir='ltr'><strong>Merita</strong></span> <span class='ocrx_word' id='word_1_279' title='bbox 454 2548 566 2577; x_wconf 82' lang='lat' dir='ltr'><strong>vocat</strong></span> <span class='ocrx_word' id='word_1_280' title='bbox 586 2540 787 2586; x_wconf 84' lang='lat' dir='ltr'><strong>beneficia,</strong></span> <span class='ocrx_word' id='word_1_281' title='bbox 809 2542 955 2591; x_wconf 86' lang='lat' dir='ltr'><strong>quaein</strong></span> <span class='ocrx_word' id='word_1_282' title='bbox 978 2542 1161 2591; x_wconf 84' lang='lat' dir='ltr'><strong>ingratum</strong></span> <span class='ocrx_word' id='word_1_283' title='bbox 1183 2540 1340 2578; x_wconf 81' lang='lat' dir='ltr'><strong>Aenean</strong></span> 
     </span>
     <span class='ocr_line' id='line_1_44' title="bbox 296 2589 1343 2641; baseline 0.004 -16"><span class='ocrx_word' id='word_1_284' title='bbox 296 2590 513 2628; x_wconf 69' lang='lat' dir='ltr'><strong>contulerat.</strong></span> <span class='ocrx_word' id='word_1_285' title='bbox 541 2589 589 2627; x_wconf 86' lang='lat' dir='ltr'><strong>fic</strong></span> <span class='ocrx_word' id='word_1_286' title='bbox 610 2591 752 2630; x_wconf 90' lang='lat' dir='ltr'><strong>Auson.</strong></span> <span class='ocrx_word' id='word_1_287' title='bbox 780 2593 1023 2641; x_wconf 85' lang='lat' dir='ltr'><strong>parentalibus</strong></span> <span class='ocrx_word' id='word_1_288' title='bbox 1037 2621 1048 2637; x_wconf 94' lang='lat'>‚</span> <span class='ocrx_word' id='word_1_289' title='bbox 1070 2593 1196 2630; x_wconf 86' lang='lat' dir='ltr'><strong>merita</strong></span> <span class='ocrx_word' id='word_1_290' title='bbox 1216 2604 1260 2633; x_wconf 65' lang='grc' dir='ltr'><strong>ω’</strong></span> <span class='ocrx_word' id='word_1_291' title='bbox 1278 2593 1343 2639; x_wconf 81' lang='lat' dir='ltr'><strong>sa-</strong></span> 
     </span>
     <span class='ocr_line' id='line_1_45' title="bbox 298 2642 1106 2693; baseline 0.006 -17"><span class='ocrx_word' id='word_1_292' title='bbox 298 2652 396 2676; x_wconf 80' lang='lat' dir='ltr'><strong>mam</strong></span> <span class='ocrx_word' id='word_1_293' title='bbox 416 2642 620 2691; x_wconf 83' lang='lat' dir='ltr'><strong>conjunxit.</strong></span> <span class='ocrx_word' id='word_1_294' title='bbox 644 2642 772 2680; x_wconf 89' lang='lat' dir='ltr'><strong>Senec.</strong></span> <span class='ocrx_word' id='word_1_295' title='bbox 795 2644 908 2681; x_wconf 88' lang='lat' dir='ltr'><strong>Herc.</strong></span> <span class='ocrx_word' id='word_1_296' title='bbox 931 2645 1000 2681; x_wconf 89' lang='lat' dir='ltr'><strong>fur.</strong></span> <span class='ocrx_word' id='word_1_297' title='bbox 1021 2656 1106 2693; x_wconf 78' lang='lat'><strong>259.</strong></span> 
     </span>
     <span class='ocr_line' id='line_1_46' title="bbox 683 2692 1163 2744; baseline 0.002 -14"><span class='ocrx_word' id='word_1_298' title='bbox 683 2696 821 2730; x_wconf 61' lang='lat' dir='ltr'><strong>Gunela</strong></span> <span class='ocrx_word' id='word_1_299' title='bbox 835 2695 915 2744; x_wconf 87' lang='lat' dir='ltr'><strong>jam</strong></span> <span class='ocrx_word' id='word_1_300' title='bbox 931 2692 1034 2744; x_wconf 78' lang='lat' dir='ltr'><strong>amisi</strong></span> <span class='ocrx_word' id='word_1_301' title='bbox 1050 2695 1137 2731; x_wconf 81' lang='lat' dir='ltr'><strong>bona</strong></span> <span class='ocrx_word' id='word_1_302' title='bbox 1151 2723 1163 2740; x_wconf 92' lang='lat'>‚</span> 
     </span>
    </p>

    <p class='ocr_par' dir='ltr' id='par_1_15' title="bbox 301 2745 1347 2841">
     <span class='ocr_line' id='line_1_47' title="bbox 354 2745 1347 2796; baseline 0.008 -21"><span class='ocrx_word' id='word_1_303' title='bbox 354 2746 511 2777; x_wconf 78' lang='lat' dir='ltr'><strong>Mentem</strong></span> <span class='ocrx_word' id='word_1_304' title='bbox 523 2770 532 2785; x_wconf 81' lang='lat'>,</span> <span class='ocrx_word' id='word_1_305' title='bbox 544 2756 646 2781; x_wconf 86' lang='lat' dir='ltr'><strong>arma</strong></span> <span class='ocrx_word' id='word_1_306' title='bbox 658 2772 667 2789; x_wconf 92' lang='lat'>‚</span> <span class='ocrx_word' id='word_1_307' title='bbox 673 2745 840 2792; x_wconf 84' lang='lat' dir='ltr'><strong>famam,</strong></span> <span class='ocrx_word' id='word_1_308' title='bbox 858 2746 1031 2796; x_wconf 86' lang='lat' dir='ltr'><strong>conjugem</strong></span> <span class='ocrx_word' id='word_1_309' title='bbox 1045 2773 1055 2791; x_wconf 92' lang='lat'>,</span> <span class='ocrx_word' id='word_1_310' title='bbox 1073 2757 1172 2783; x_wconf 83' lang='lat' dir='ltr'><strong>natos</strong></span> <span class='ocrx_word' id='word_1_311' title='bbox 1185 2773 1194 2791; x_wconf 88' lang='lat'><em>,</em></span> <span class='ocrx_word' id='word_1_312' title='bbox 1208 2758 1347 2784; x_wconf 83' lang='lat' dir='ltr'><strong>manus.</strong></span> 
     </span>
     <span class='ocr_line' id='line_1_48' title="bbox 301 2790 663 2841; baseline 0.008 -11"><span class='ocrx_word' id='word_1_313' title='bbox 301 2790 462 2840; x_wconf 76' lang='lat' dir='ltr'><strong>Epistola</strong></span> <span class='ocrx_word' id='word_1_314' title='bbox 482 2793 641 2841; x_wconf 82' lang='lat' dir='ltr'><strong>Sapphus</strong></span> <span class='ocrx_word' id='word_1_315' title='bbox 657 2809 663 2832; x_wconf 93' lang='lat'>:</span> 
     </span>
    </p>

    <p class='ocr_par' dir='ltr' id='par_1_16' title="bbox 303 2844 1356 3198">
     <span class='ocr_line' id='line_1_49' title="bbox 357 2844 1173 2888; baseline 0.011 -11"><span class='ocrx_word' id='word_1_316' title='bbox 357 2846 385 2877; x_wconf 84' lang='lat' dir='ltr'><em>E</em></span> <span class='ocrx_word' id='word_1_317' title='bbox 389 2852 402 2877; x_wconf 80' lang='lat' dir='ltr'><em>t</em></span> <span class='ocrx_word' id='word_1_318' title='bbox 414 2844 532 2888; x_wconf 73' lang='lat' dir='ltr'><strong>forma</strong></span> <span class='ocrx_word' id='word_1_319' title='bbox 551 2856 594 2883; x_wconf 64' lang='grc' dir='ltr'><strong>ω’</strong></span> <span class='ocrx_word' id='word_1_320' title='bbox 612 2846 744 2883; x_wconf 87' lang='lat' dir='ltr'><strong>meritis</strong></span> <span class='ocrx_word' id='word_1_321' title='bbox 759 2858 799 2884; x_wconf 80' lang='lat' dir='ltr'><strong>tu</strong></span> <span class='ocrx_word' id='word_1_322' title='bbox 816 2847 905 2885; x_wconf 84' lang='lat' dir='ltr'><strong>mihi</strong></span> <span class='ocrx_word' id='word_1_323' title='bbox 924 2847 1077 2885; x_wconf 80' lang='lat' dir='ltr'><strong>Phoebus</strong></span> <span class='ocrx_word' id='word_1_324' title='bbox 1097 2849 1173 2887; x_wconf 82' lang='lat' dir='ltr'><strong>eris.</strong></span> 
     </span>
     <span class='ocr_line' id='line_1_50' title="bbox 303 2892 1352 2950; baseline 0.01 -23"><span class='ocrx_word' id='word_1_325' title='bbox 303 2892 383 2929; x_wconf 87' lang='lat' dir='ltr'><strong>Ubi</strong></span> <span class='ocrx_word' id='word_1_326' title='bbox 404 2904 448 2948; x_wconf 49' lang='lat' dir='ltr'><strong>co}</strong></span> <span class='ocrx_word' id='word_1_327' title='bbox 466 2895 603 2939; x_wconf 81' lang='lat' dir='ltr'><strong>formae</strong></span> <span class='ocrx_word' id='word_1_328' title='bbox 626 2898 758 2934; x_wconf 85' lang='lat' dir='ltr'><strong>meritis</strong></span> <span class='ocrx_word' id='word_1_329' title='bbox 781 2899 942 2937; x_wconf 87' lang='lat' dir='ltr'><strong>similiter</strong></span> <span class='ocrx_word' id='word_1_330' title='bbox 967 2900 1165 2948; x_wconf 84' lang='lat' dir='ltr'><strong>legebatur.</strong></span> <span class='ocrx_word' id='word_1_331' title='bbox 1193 2912 1266 2950; x_wconf 76' lang='lat' dir='ltr'><strong>qua</strong></span> <span class='ocrx_word' id='word_1_332' title='bbox 1286 2899 1352 2938; x_wconf 89' lang='lat' dir='ltr'><strong>eli-</strong></span> 
     </span>
     <span class='ocr_line' id='line_1_51' title="bbox 308 2943 1352 2999; baseline 0.009 -19"><span class='ocrx_word' id='word_1_333' title='bbox 308 2943 410 2981; x_wconf 80' lang='lat' dir='ltr'><strong>sione</strong></span> <span class='ocrx_word' id='word_1_334' title='bbox 427 2944 612 2982; x_wconf 66' lang='lat' dir='ltr'><strong>literarum</strong></span> <span class='ocrx_word' id='word_1_335' title='bbox 640 2946 742 2996; x_wconf 77' lang='lat' dir='ltr'><strong>saepe</strong></span> <span class='ocrx_word' id='word_1_336' title='bbox 763 2959 967 2998; x_wconf 84' lang='lat' dir='ltr'><strong>peccatum.</strong></span> <span class='ocrx_word' id='word_1_337' title='bbox 996 2951 1043 2988; x_wconf 87' lang='lat' dir='ltr'><strong>fic</strong></span> <span class='ocrx_word' id='word_1_338' title='bbox 1063 2952 1156 2988; x_wconf 81' lang='lat' dir='ltr'><strong>infra</strong></span> <span class='ocrx_word' id='word_1_339' title='bbox 1174 2952 1243 2988; x_wconf 82' lang='lat' dir='ltr'><strong>liae</strong></span> <span class='ocrx_word' id='word_1_340' title='bbox 1263 2951 1352 2999; x_wconf 83' lang='lat' dir='ltr'><strong>Epi-</strong></span> 
     </span>
     <span class='ocr_line' id='line_1_52' title="bbox 310 2994 1353 3049; baseline 0.005 -17"><span class='ocrx_word' id='word_1_341' title='bbox 310 2994 398 3032; x_wconf 75' lang='lat' dir='ltr'><strong>stola</strong></span> <span class='ocrx_word' id='word_1_342' title='bbox 413 3023 422 3039; x_wconf 88' lang='lat'>‚</span> <span class='ocrx_word' id='word_1_343' title='bbox 435 3004 594 3045; x_wconf 77' lang='lat' dir='ltr'><strong>temperet</strong></span> <span class='ocrx_word' id='word_1_344' title='bbox 614 2998 713 3044; x_wconf 86' lang='lat' dir='ltr'><strong>usum</strong></span> <span class='ocrx_word' id='word_1_345' title='bbox 729 3011 816 3046; x_wconf 83' lang='lat' dir='ltr'><strong>,pro</strong></span> <span class='ocrx_word' id='word_1_346' title='bbox 837 3010 981 3049; x_wconf 84' lang='lat' dir='ltr'><strong>tempore</strong></span> <span class='ocrx_word' id='word_1_347' title='bbox 1000 3013 1043 3039; x_wconf 71' lang='lat'><strong>(9¹</strong></span> <span class='ocrx_word' id='word_1_348' title='bbox 1063 3002 1138 3049; x_wconf 86' lang='lat' dir='ltr'><strong>usu.</strong></span> <span class='ocrx_word' id='word_1_349' title='bbox 1150 3002 1209 3039; x_wconf 86' lang='lat' dir='ltr'><strong>lib.</strong></span> <span class='ocrx_word' id='word_1_350' title='bbox 1228 3014 1258 3038; x_wconf 82' lang='lat' dir='ltr'><strong>r.</strong></span> <span class='ocrx_word' id='word_1_351' title='bbox 1274 3003 1353 3038; x_wconf 84' lang='lat' dir='ltr'><strong>Art.</strong></span> 
     </span>
     <span class='ocr_line' id='line_1_53' title="bbox 311 3046 1353 3099; baseline 0.003 -16"><span class='ocrx_word' id='word_1_352' title='bbox 311 3046 400 3083; x_wconf 84' lang='lat' dir='ltr'><strong>Am.</strong></span> <span class='ocrx_word' id='word_1_353' title='bbox 439 3057 544 3095; x_wconf 80' lang='lat'><strong>1397.</strong></span> <span class='ocrx_word' id='word_1_354' title='bbox 573 3049 759 3084; x_wconf 78' lang='lat' dir='ltr'><strong>Communi</strong></span> <span class='ocrx_word' id='word_1_355' title='bbox 788 3049 892 3084; x_wconf 82' lang='lat' dir='ltr'><strong>noxia</strong></span> <span class='ocrx_word' id='word_1_356' title='bbox 923 3050 1036 3098; x_wconf 80' lang='lat' dir='ltr'><strong>culpae</strong></span> <span class='ocrx_word' id='word_1_357' title='bbox 1055 3079 1065 3094; x_wconf 96' lang='lat'>,</span> <span class='ocrx_word' id='word_1_358' title='bbox 1103 3063 1169 3099; x_wconf 87' lang='lat' dir='ltr'><strong>pro</strong></span> <span class='ocrx_word' id='word_1_359' title='bbox 1195 3051 1353 3087; x_wconf 79' lang='lat' dir='ltr'><strong>obnoxia.</strong></span> 
     </span>
     <span class='ocr_line' id='line_1_54' title="bbox 313 3095 1356 3151; baseline 0.005 -19"><span class='ocrx_word' id='word_1_360' title='bbox 313 3095 566 3134; x_wconf 84' lang='lat' dir='ltr'><strong>Medicamine</strong></span> <span class='ocrx_word' id='word_1_361' title='bbox 590 3097 710 3135; x_wconf 80' lang='lat' dir='ltr'><strong>Faciei</strong></span> <span class='ocrx_word' id='word_1_362' title='bbox 726 3128 734 3141; x_wconf 93' lang='lat'>‚</span> <span class='ocrx_word' id='word_1_363' title='bbox 756 3099 891 3135; x_wconf 79' lang='lat' dir='ltr'><strong>Addite</strong></span> <span class='ocrx_word' id='word_1_364' title='bbox 911 3100 951 3134; x_wconf 82' lang='lat' dir='ltr'><strong>de</strong></span> <span class='ocrx_word' id='word_1_365' title='bbox 971 3100 1132 3149; x_wconf 85' lang='lat' dir='ltr'><strong>querulo,</strong></span> <span class='ocrx_word' id='word_1_366' title='bbox 1150 3114 1215 3150; x_wconf 85' lang='lat' dir='ltr'><strong>pro</strong></span> <span class='ocrx_word' id='word_1_367' title='bbox 1228 3102 1356 3151; x_wconf 72' lang='lat' dir='ltr'><strong>Adji&#39;ce</strong></span> 
     </span>
     <span class='ocr_line' id='line_1_55' title="bbox 314 3147 1271 3198; baseline 0.01 -16"><span class='ocrx_word' id='word_1_368' title='bbox 314 3158 359 3186; x_wconf 56' lang='grc' dir='ltr'><strong>(γ</strong></span> <span class='ocrx_word' id='word_1_369' title='bbox 374 3147 391 3183; x_wconf 71' lang='grc' dir='ltr'><strong>ἒ</strong></span> <span class='ocrx_word' id='word_1_370' title='bbox 409 3147 559 3197; x_wconf 86' lang='lat' dir='ltr'><strong>querulo.</strong></span> <span class='ocrx_word' id='word_1_371' title='bbox 584 3148 680 3197; x_wconf 86' lang='lat' dir='ltr'><strong>apud</strong></span> <span class='ocrx_word' id='word_1_372' title='bbox 700 3150 931 3198; x_wconf 80' lang='lat' dir='ltr'><strong>Propertium</strong></span> <span class='ocrx_word' id='word_1_373' title='bbox 950 3150 1009 3187; x_wconf 89' lang='lat' dir='ltr'><strong>lib.</strong></span> <span class='ocrx_word' id='word_1_374' title='bbox 1030 3163 1082 3187; x_wconf 81' lang='lat' dir='ltr'><strong>xv.</strong></span> <span class='ocrx_word' id='word_1_375' title='bbox 1104 3151 1160 3189; x_wconf 83' lang='lat' dir='ltr'><strong>El.</strong></span> <span class='ocrx_word' id='word_1_376' title='bbox 1182 3163 1271 3192; x_wconf 81' lang='lat' dir='ltr'><strong>vm.</strong></span> 
     </span>
    </p>

    <p class='ocr_par' dir='ltr' id='par_1_17' title="bbox 365 3199 1166 3250">
     <span class='ocr_line' id='line_1_56' title="bbox 365 3199 1166 3250; baseline 0.005 -16"><span class='ocrx_word' id='word_1_377' title='bbox 365 3203 489 3248; x_wconf 82' lang='lat' dir='ltr'><strong>Atque</strong></span> <span class='ocrx_word' id='word_1_378' title='bbox 510 3199 561 3235; x_wconf 85' lang='lat' dir='ltr'><strong>ita</strong></span> <span class='ocrx_word' id='word_1_379' title='bbox 581 3210 716 3236; x_wconf 88' lang='lat' dir='ltr'><strong>mutato</strong></span> <span class='ocrx_word' id='word_1_380' title='bbox 730 3209 790 3249; x_wconf 89' lang='lat' dir='ltr'><strong>per</strong></span> <span class='ocrx_word' id='word_1_381' title='bbox 801 3199 939 3250; x_wconf 80' lang='lat' dir='ltr'><strong>fingula</strong></span> <span class='ocrx_word' id='word_1_382' title='bbox 958 3200 1068 3250; x_wconf 79' lang='lat' dir='ltr'><strong>pallia</strong></span> <span class='ocrx_word' id='word_1_383' title='bbox 1086 3200 1166 3238; x_wconf 68' lang='lat' dir='ltr'><strong>lec‘lo</strong></span> 
     </span>
    </p>
   </div>
   <div class='ocr_carea' id='block_1_10' title="bbox 319 3249 1171 3352">
    <p class='ocr_par' dir='ltr' id='par_1_18' title="bbox 319 3249 1171 3352">
     <span class='ocr_line' id='line_1_57' title="bbox 420 3249 1171 3299; baseline 0.008 -13"><span class='ocrx_word' id='word_1_384' title='bbox 420 3249 604 3299; x_wconf 84' lang='lat' dir='ltr'><strong>Respondi,</strong></span> <span class='ocrx_word' id='word_1_385' title='bbox 632 3262 674 3289; x_wconf 71' lang='grc'><strong>(9·</strong></span> <span class='ocrx_word' id='word_1_386' title='bbox 694 3261 761 3287; x_wconf 81' lang='lat' dir='ltr'><strong>roto</strong></span> <span class='ocrx_word' id='word_1_387' title='bbox 776 3252 950 3299; x_wconf 78' lang='lat' dir='ltr'><strong>solvimus</strong></span> <span class='ocrx_word' id='word_1_388' title='bbox 967 3265 1071 3291; x_wconf 87' lang='lat' dir='ltr'><strong>arma</strong></span> <span class='ocrx_word' id='word_1_389' title='bbox 1085 3263 1171 3294; x_wconf 85' lang='lat' dir='ltr'><strong>toro.</strong></span> 
     </span>
     <span class='ocr_line' id='line_1_58' title="bbox 319 3298 1169 3352; baseline 0.004 -13"><span class='ocrx_word' id='word_1_390' title='bbox 319 3298 417 3339; x_wconf 81' lang='lat' dir='ltr'><strong>Cum</strong></span> <span class='ocrx_word' id='word_1_391' title='bbox 436 3301 693 3351; x_wconf 80' lang='lat' dir='ltr'><strong>reponendum</strong></span> <span class='ocrx_word' id='word_1_392' title='bbox 717 3301 906 3352; x_wconf 19' lang='lat' dir='ltr'><strong>videaturzb</strong></span> <span class='ocrx_word' id='word_1_393' title='bbox 1160 3302 1169 3306; x_wconf 80' lang='grc'><em>“</em></span> 
     </span>
    </p>
   </div>
   <div class='ocr_carea' id='block_1_11' title="bbox 611 655 1877 733">
    <p class='ocr_par' dir='ltr' id='par_1_19' title="bbox 611 655 1877 733">
     <span class='ocr_line' id='line_1_59' title="bbox 611 655 1877 733; baseline 0.002 -21"><span class='ocrx_word' id='word_1_394' title='bbox 611 658 874 733; x_wconf 85' lang='lat' dir='ltr'><strong>Quaeque</strong></span> <span class='ocrx_word' id='word_1_395' title='bbox 900 659 991 714; x_wconf 91' lang='lat' dir='ltr'><strong>ubi</strong></span> <span class='ocrx_word' id='word_1_396' title='bbox 1020 659 1117 714; x_wconf 86' lang='lat' dir='ltr'><strong>sint</strong></span> <span class='ocrx_word' id='word_1_397' title='bbox 1142 656 1337 722; x_wconf 84' lang='lat' dir='ltr'><strong>nescis,</strong></span> <span class='ocrx_word' id='word_1_398' title='bbox 1375 655 1501 711; x_wconf 82' lang='lat' dir='ltr'><strong>Itala</strong></span> <span class='ocrx_word' id='word_1_399' title='bbox 1526 673 1690 729; x_wconf 88' lang='lat' dir='ltr'><strong>regna</strong></span> <span class='ocrx_word' id='word_1_400' title='bbox 1713 656 1877 731; x_wconf 91' lang='lat' dir='ltr'><strong>sequi.</strong></span> 
     </span>
    </p>
   </div>
   <div class='ocr_carea' id='block_1_12' title="bbox 2285 730 2404 788">
    <p class='ocr_par' dir='ltr' id='par_1_20' title="bbox 2285 730 2404 788">
     <span class='ocr_line' id='line_1_60' title="bbox 2285 730 2404 788; baseline -0.017 0"><span class='ocrx_word' id='word_1_401' title='bbox 2285 730 2404 788; x_wconf 86' lang='lat' dir='ltr'><strong>Nec</strong></span> 
     </span>
    </p>
   </div>
   <div class='ocr_carea' id='block_1_13' title="bbox 1404 858 2167 910">
    <p class='ocr_par' dir='ltr' id='par_1_21' title="bbox 1404 858 2167 910">
     <span class='ocr_line' id='line_1_61' title="bbox 1404 858 2167 910; baseline 0.008 -15"><span class='ocrx_word' id='word_1_402' title='bbox 1404 863 1452 896; x_wconf 84' lang='lat' dir='ltr'><strong>Et</strong></span> <span class='ocrx_word' id='word_1_403' title='bbox 1464 858 1598 910; x_wconf 80' lang='lat' dir='ltr'><strong>sponda</strong></span> <span class='ocrx_word' id='word_1_404' title='bbox 1614 862 1658 901; x_wconf 57' lang='grc' dir='ltr'><strong>φ’</strong></span> <span class='ocrx_word' id='word_1_405' title='bbox 1676 869 1745 899; x_wconf 84' lang='lat' dir='ltr'><strong>toto</strong></span> <span class='ocrx_word' id='word_1_406' title='bbox 1764 860 1941 900; x_wconf 82' lang='lat' dir='ltr'><strong>movimus</strong></span> <span class='ocrx_word' id='word_1_407' title='bbox 1961 874 2064 901; x_wconf 87' lang='lat' dir='ltr'><strong>arma</strong></span> <span class='ocrx_word' id='word_1_408' title='bbox 2085 872 2167 901; x_wconf 88' lang='lat' dir='ltr'><strong>toro.</strong></span> 
     </span>
    </p>
   </div>
   <div class='ocr_carea' id='block_1_14' title="bbox 1355 911 2424 1577">
    <p class='ocr_par' dir='ltr' id='par_1_22' title="bbox 1355 911 2409 1052">
     <span class='ocr_line' id='line_1_62' title="bbox 1355 911 2409 963; baseline 0 -14"><span class='ocrx_word' id='word_1_409' title='bbox 1355 911 1456 949; x_wconf 84' lang='lat' dir='ltr'><strong>Nam</strong></span> <span class='ocrx_word' id='word_1_410' title='bbox 1488 911 1640 961; x_wconf 82' lang='lat' dir='ltr'><strong>respondi</strong></span> <span class='ocrx_word' id='word_1_411' title='bbox 1668 913 1728 952; x_wconf 90' lang='lat' dir='ltr'><strong>hic</strong></span> <span class='ocrx_word' id='word_1_412' title='bbox 1756 922 1896 963; x_wconf 84' lang='lat' dir='ltr'><strong>praeter</strong></span> <span class='ocrx_word' id='word_1_413' title='bbox 1924 926 2004 952; x_wconf 88' lang='lat' dir='ltr'><strong>rem</strong></span> <span class='ocrx_word' id='word_1_414' title='bbox 2034 914 2107 960; x_wconf 92' lang='lat' dir='ltr'><strong>est,</strong></span> <span class='ocrx_word' id='word_1_415' title='bbox 2135 916 2174 952; x_wconf 86' lang='lat'>&amp;</span> <span class='ocrx_word' id='word_1_416' title='bbox 2196 912 2275 963; x_wconf 84' lang='lat' dir='ltr'><strong>jam</strong></span> <span class='ocrx_word' id='word_1_417' title='bbox 2295 912 2409 961; x_wconf 87' lang='lat' dir='ltr'><strong>paulo</strong></span> 
     </span>
     <span class='ocr_line' id='line_1_63' title="bbox 1357 960 2408 1012; baseline 0.001 -12"><span class='ocrx_word' id='word_1_418' title='bbox 1357 971 1443 1001; x_wconf 89' lang='lat' dir='ltr'><strong>ante</strong></span> <span class='ocrx_word' id='word_1_419' title='bbox 1470 960 1717 1012; x_wconf 77' lang='lat' dir='ltr'><strong>praecesserat.</strong></span> <span class='ocrx_word' id='word_1_420' title='bbox 1743 964 1846 1003; x_wconf 88' lang='lat' dir='ltr'><strong>idem</strong></span> <span class='ocrx_word' id='word_1_421' title='bbox 1872 966 1995 1005; x_wconf 82' lang='lat' dir='ltr'><strong>innuit</strong></span> <span class='ocrx_word' id='word_1_422' title='bbox 2021 966 2155 1005; x_wconf 85' lang='lat' dir='ltr'><strong>Noster</strong></span> <span class='ocrx_word' id='word_1_423' title='bbox 2182 964 2293 1010; x_wconf 84' lang='lat' dir='ltr'><strong>alibi,</strong></span> <span class='ocrx_word' id='word_1_424' title='bbox 2322 974 2408 1002; x_wconf 86' lang='lat' dir='ltr'><strong>cum</strong></span> 
     </span>
     <span class='ocr_line' id='line_1_64' title="bbox 1361 1023 1441 1052; baseline 0 0"><span class='ocrx_word' id='word_1_425' title='bbox 1361 1023 1411 1052; x_wconf 87' lang='lat' dir='ltr'><strong>ait</strong></span> <span class='ocrx_word' id='word_1_426' title='bbox 1432 1027 1441 1052; x_wconf 72' lang='grc' dir='ltr'>ε</span> 
     </span>
    </p>

    <p class='ocr_par' dir='ltr' id='par_1_23' title="bbox 1362 1064 2420 1475">
     <span class='ocr_line' id='line_1_65' title="bbox 1413 1064 2141 1117; baseline 0.005 -15"><span class='ocrx_word' id='word_1_427' title='bbox 1413 1065 1612 1117; x_wconf 83' lang='lat' dir='ltr'><strong>Spondaque</strong></span> <span class='ocrx_word' id='word_1_428' title='bbox 1630 1064 1766 1116; x_wconf 73' lang='lat' dir='ltr'><strong>lascivoi</strong></span> <span class='ocrx_word' id='word_1_429' title='bbox 1783 1067 1977 1106; x_wconf 84' lang='lat' dir='ltr'><strong>mobilitate</strong></span> <span class='ocrx_word' id='word_1_430' title='bbox 1999 1078 2141 1106; x_wconf 81' lang='lat' dir='ltr'><strong>tremat.</strong></span> 
     </span>
     <span class='ocr_line' id='line_1_66' title="bbox 1362 1116 2414 1170; baseline 0 -16"><span class='ocrx_word' id='word_1_431' title='bbox 1362 1117 1505 1155; x_wconf 86' lang='lat' dir='ltr'><strong>Mirum</strong></span> <span class='ocrx_word' id='word_1_432' title='bbox 1538 1129 1627 1167; x_wconf 87' lang='lat' dir='ltr'><strong>quas</strong></span> <span class='ocrx_word' id='word_1_433' title='bbox 1650 1119 1771 1157; x_wconf 84' lang='lat' dir='ltr'><strong>turbas</strong></span> <span class='ocrx_word' id='word_1_434' title='bbox 1797 1119 1901 1170; x_wconf 84' lang='lat' dir='ltr'><strong>saepe</strong></span> <span class='ocrx_word' id='word_1_435' title='bbox 1932 1120 2073 1158; x_wconf 84' lang='lat' dir='ltr'><strong>dederit</strong></span> <span class='ocrx_word' id='word_1_436' title='bbox 2100 1118 2162 1157; x_wconf 86' lang='lat' dir='ltr'><strong>ista</strong></span> <span class='ocrx_word' id='word_1_437' title='bbox 2179 1116 2414 1156; x_wconf 84' lang='lat' dir='ltr'><strong>librariorum</strong></span> 
     </span>
     <span class='ocr_line' id='line_1_67' title="bbox 1362 1168 2417 1220; baseline -0.001 -14"><span class='ocrx_word' id='word_1_438' title='bbox 1362 1168 1650 1217; x_wconf 86' lang='lat' dir='ltr'><strong>supinitas,dum</strong></span> <span class='ocrx_word' id='word_1_439' title='bbox 1663 1171 1890 1220; x_wconf 85' lang='lat' dir='ltr'><strong>compendio</strong></span> <span class='ocrx_word' id='word_1_440' title='bbox 1911 1171 2003 1210; x_wconf 90' lang='lat' dir='ltr'><strong>lucri</strong></span> <span class='ocrx_word' id='word_1_441' title='bbox 2023 1169 2205 1209; x_wconf 84' lang='lat' dir='ltr'><strong>studentes</strong></span> <span class='ocrx_word' id='word_1_442' title='bbox 2226 1180 2269 1206; x_wconf 87' lang='lat' dir='ltr'><strong>ac</strong></span> <span class='ocrx_word' id='word_1_443' title='bbox 2289 1168 2417 1217; x_wconf 87' lang='lat' dir='ltr'><strong>proin-</strong></span> 
     </span>
     <span class='ocr_line' id='line_1_68' title="bbox 1364 1218 2417 1275; baseline -0.002 -18"><span class='ocrx_word' id='word_1_444' title='bbox 1364 1219 1410 1257; x_wconf 90' lang='lat' dir='ltr'><strong>de</strong></span> <span class='ocrx_word' id='word_1_445' title='bbox 1431 1228 1573 1268; x_wconf 85' lang='lat' dir='ltr'><strong>praeter</strong></span> <span class='ocrx_word' id='word_1_446' title='bbox 1595 1232 1757 1270; x_wconf 89' lang='lat' dir='ltr'><strong>aequum</strong></span> <span class='ocrx_word' id='word_1_447' title='bbox 1781 1223 1988 1260; x_wconf 86' lang='lat' dir='ltr'><strong>festinantes</strong></span> <span class='ocrx_word' id='word_1_448' title='bbox 2009 1234 2077 1272; x_wconf 91' lang='lat' dir='ltr'><strong>pro</strong></span> <span class='ocrx_word' id='word_1_449' title='bbox 2100 1220 2237 1259; x_wconf 87' lang='lat' dir='ltr'><strong>duabus</strong></span> <span class='ocrx_word' id='word_1_450' title='bbox 2262 1218 2417 1275; x_wconf 73' lang='lat' dir='ltr'><strong>vocibus</strong></span> 
     </span>
     <span class='ocr_line' id='line_1_69' title="bbox 1363 1268 2419 1325; baseline -0.002 -17"><span class='ocrx_word' id='word_1_451' title='bbox 1363 1282 1494 1319; x_wconf 84' lang='lat' dir='ltr'><strong>parum</strong></span> <span class='ocrx_word' id='word_1_452' title='bbox 1512 1272 1607 1308; x_wconf 87' lang='lat' dir='ltr'><strong>inter</strong></span> <span class='ocrx_word' id='word_1_453' title='bbox 1634 1271 1668 1308; x_wconf 93' lang='lat' dir='ltr'><strong>se</strong></span> <span class='ocrx_word' id='word_1_454' title='bbox 1688 1272 1988 1322; x_wconf 85' lang='lat' dir='ltr'><strong>discrepantibus,</strong></span> <span class='ocrx_word' id='word_1_455' title='bbox 2017 1285 2059 1311; x_wconf 84' lang='lat' dir='ltr'><strong>ac</strong></span> <span class='ocrx_word' id='word_1_456' title='bbox 2081 1272 2297 1322; x_wconf 74' lang='lat' dir='ltr'><strong>syllabarum</strong></span> <span class='ocrx_word' id='word_1_457' title='bbox 2316 1268 2419 1325; x_wconf 70' lang='lat' dir='ltr'><strong>suni·</strong></span> 
     </span>
     <span class='ocr_line' id='line_1_70' title="bbox 1364 1319 2420 1372; baseline -0.002 -14"><span class='ocrx_word' id='word_1_458' title='bbox 1364 1321 1459 1359; x_wconf 89' lang='lat' dir='ltr'><strong>lium</strong></span> <span class='ocrx_word' id='word_1_459' title='bbox 1481 1322 1705 1370; x_wconf 78' lang='lat' dir='ltr'><strong>cognatione</strong></span> <span class='ocrx_word' id='word_1_460' title='bbox 1715 1324 1854 1372; x_wconf 70' lang='lat' dir='ltr'><strong>juneas</strong></span> <span class='ocrx_word' id='word_1_461' title='bbox 1869 1353 1879 1370; x_wconf 93' lang='lat'><strong><em>‚</em></strong></span> <span class='ocrx_word' id='word_1_462' title='bbox 1892 1337 2005 1363; x_wconf 84' lang='lat' dir='ltr'><strong>unam</strong></span> <span class='ocrx_word' id='word_1_463' title='bbox 2026 1323 2131 1362; x_wconf 88' lang='lat' dir='ltr'><strong>nobis</strong></span> <span class='ocrx_word' id='word_1_464' title='bbox 2151 1333 2289 1360; x_wconf 91' lang='lat' dir='ltr'><strong>vocem</strong></span> <span class='ocrx_word' id='word_1_465' title='bbox 2313 1319 2420 1357; x_wconf 85' lang='lat' dir='ltr'><strong>exhi·</strong></span> 
     </span>
     <span class='ocr_line' id='line_1_71' title="bbox 1367 1371 2418 1425; baseline -0.002 -15"><span class='ocrx_word' id='word_1_466' title='bbox 1367 1371 1491 1411; x_wconf 87' lang='lat' dir='ltr'><strong>buere.</strong></span> <span class='ocrx_word' id='word_1_467' title='bbox 1518 1372 1633 1422; x_wconf 87' lang='lat' dir='ltr'><strong>Apud</strong></span> <span class='ocrx_word' id='word_1_468' title='bbox 1649 1375 1861 1413; x_wconf 80' lang='lat' dir='ltr'><strong>Ausonium</strong></span> <span class='ocrx_word' id='word_1_469' title='bbox 1879 1378 1918 1413; x_wconf 91' lang='lat' dir='ltr'><strong>in</strong></span> <span class='ocrx_word' id='word_1_470' title='bbox 1939 1375 2167 1425; x_wconf 86' lang='lat' dir='ltr'><strong>Sapientibus</strong></span> <span class='ocrx_word' id='word_1_471' title='bbox 2189 1373 2234 1411; x_wconf 92' lang='lat' dir='ltr'><strong>de</strong></span> <span class='ocrx_word' id='word_1_472' title='bbox 2255 1371 2394 1410; x_wconf 89' lang='lat' dir='ltr'><strong>Solone</strong></span> <span class='ocrx_word' id='word_1_473' title='bbox 2405 1382 2418 1417; x_wconf 59' lang='grc' dir='ltr'><strong>ἱ</strong></span> 
     </span>
     <span class='ocr_line' id='line_1_72' title="bbox 1661 1424 2217 1475; baseline -0.002 -13"><span class='ocrx_word' id='word_1_474' title='bbox 1661 1424 1799 1462; x_wconf 87' lang='lat' dir='ltr'><strong>Bellum</strong></span> <span class='ocrx_word' id='word_1_475' title='bbox 1821 1425 1880 1463; x_wconf 83' lang='lat' dir='ltr'><strong>ille</strong></span> <span class='ocrx_word' id='word_1_476' title='bbox 1897 1427 1936 1463; x_wconf 86' lang='lat' dir='ltr'><strong>in</strong></span> <span class='ocrx_word' id='word_1_477' title='bbox 1955 1426 2075 1475; x_wconf 82' lang='lat' dir='ltr'><strong>Persas</strong></span> <span class='ocrx_word' id='word_1_478' title='bbox 2087 1433 2194 1474; x_wconf 86' lang='lat' dir='ltr'><strong>parat</strong></span> <span class='ocrx_word' id='word_1_479' title='bbox 2205 1452 2217 1470; x_wconf 84' lang='lat'>‚</span> 
     </span>
    </p>

    <p class='ocr_par' dir='ltr' id='par_1_24' title="bbox 1371 1475 2424 1577">
     <span class='ocr_line' id='line_1_73' title="bbox 1421 1475 2193 1525; baseline 0 -14"><span class='ocrx_word' id='word_1_480' title='bbox 1421 1475 1596 1522; x_wconf 65' lang='lat' dir='ltr'><strong>Profefflus</strong></span> <span class='ocrx_word' id='word_1_481' title='bbox 1612 1504 1622 1520; x_wconf 89' lang='lat'><em>‚</em></span> <span class='ocrx_word' id='word_1_482' title='bbox 1650 1487 1694 1515; x_wconf 69' lang='grc' dir='ltr'><strong>(φ</strong></span> <span class='ocrx_word' id='word_1_483' title='bbox 1712 1476 1868 1513; x_wconf 70' lang='grc' dir='ltr'><strong>(ἰευὶἑῗιις</strong></span> <span class='ocrx_word' id='word_1_484' title='bbox 1890 1489 1934 1517; x_wconf 72' lang='lat'><strong>&lt;5⁵</strong></span> <span class='ocrx_word' id='word_1_485' title='bbox 1953 1478 2021 1525; x_wconf 84' lang='lat' dir='ltr'><strong>regi</strong></span> <span class='ocrx_word' id='word_1_486' title='bbox 2043 1475 2193 1512; x_wconf 82' lang='lat' dir='ltr'><strong>deditus.</strong></span> 
     </span>
     <span class='ocr_line' id='line_1_74' title="bbox 1371 1522 2424 1577; baseline -0.001 -14"><span class='ocrx_word' id='word_1_487' title='bbox 1371 1524 1426 1563; x_wconf 89' lang='lat' dir='ltr'><strong>Ita</strong></span> <span class='ocrx_word' id='word_1_488' title='bbox 1441 1525 1575 1575; x_wconf 88' lang='lat' dir='ltr'><strong>legitur</strong></span> <span class='ocrx_word' id='word_1_489' title='bbox 1590 1527 1626 1564; x_wconf 91' lang='lat' dir='ltr'><strong>in</strong></span> <span class='ocrx_word' id='word_1_490' title='bbox 1649 1526 1871 1566; x_wconf 85' lang='lat' dir='ltr'><strong>editionibus</strong></span> <span class='ocrx_word' id='word_1_491' title='bbox 1892 1528 2010 1577; x_wconf 85' lang='lat' dir='ltr'><strong>priscis</strong></span> <span class='ocrx_word' id='word_1_492' title='bbox 2025 1556 2035 1572; x_wconf 96' lang='lat'>,</span> <span class='ocrx_word' id='word_1_493' title='bbox 2054 1526 2280 1565; x_wconf 77' lang='lat' dir='ltr'><strong>claudicante</strong></span> <span class='ocrx_word' id='word_1_494' title='bbox 2299 1522 2424 1569; x_wconf 59' lang='lat' dir='ltr'><strong>versug</strong></span> 
     </span>
    </p>
   </div>
   <div class='ocr_carea' id='block_1_15' title="bbox 1373 1574 2425 1675">
    <p class='ocr_par' dir='ltr' id='par_1_25' title="bbox 1373 1574 2425 1675">
     <span class='ocr_line' id='line_1_75' title="bbox 1373 1574 2425 1628; baseline 0.002 -16"><span class='ocrx_word' id='word_1_495' title='bbox 1373 1587 1459 1613; x_wconf 87' lang='lat' dir='ltr'><strong>cum</strong></span> <span class='ocrx_word' id='word_1_496' title='bbox 1478 1588 1525 1613; x_wconf 87' lang='lat' dir='ltr'><strong>ex</strong></span> <span class='ocrx_word' id='word_1_497' title='bbox 1545 1578 1696 1624; x_wconf 86' lang='lat' dir='ltr'><strong>optimis</strong></span> <span class='ocrx_word' id='word_1_498' title='bbox 1710 1605 1721 1623; x_wconf 93' lang='lat'>,</span> <span class='ocrx_word' id='word_1_499' title='bbox 1748 1579 1879 1628; x_wconf 88' lang='lat' dir='ltr'><strong>quibus</strong></span> <span class='ocrx_word' id='word_1_500' title='bbox 1905 1579 1986 1617; x_wconf 89' lang='lat' dir='ltr'><strong>usus</strong></span> <span class='ocrx_word' id='word_1_501' title='bbox 2005 1578 2084 1616; x_wconf 86' lang='lat' dir='ltr'><strong>sum</strong></span> <span class='ocrx_word' id='word_1_502' title='bbox 2099 1605 2110 1624; x_wconf 89' lang='lat'>‚</span> <span class='ocrx_word' id='word_1_503' title='bbox 2130 1576 2354 1615; x_wconf 83' lang='lat' dir='ltr'><strong>membranis</strong></span> <span class='ocrx_word' id='word_1_504' title='bbox 2380 1574 2425 1618; x_wconf 73' lang='lat' dir='ltr'><strong>fit</strong></span> 
     </span>
     <span class='ocr_line' id='line_1_76' title="bbox 1373 1625 1653 1675; baseline 0.004 -12"><span class='ocrx_word' id='word_1_505' title='bbox 1373 1625 1653 1675; x_wconf 85' lang='lat' dir='ltr'><strong>refingendum:</strong></span> 
     </span>
    </p>
   </div>
   <div class='ocr_carea' id='block_1_16' title="bbox 1553 1437 1650 1446">
    <p class='ocr_par' dir='ltr' id='par_1_26' title="bbox 1553 1437 1650 1446">
     <span class='ocr_line' id='line_1_77' title="bbox 1553 1437 1650 1446; baseline 0 0"><span class='ocrx_word' id='word_1_506' title='bbox 1553 1437 1650 1446; x_wconf 95' lang='lat' dir='ltr'><strong> </strong></span> 
     </span>
    </p>
   </div>
   <div class='ocr_carea' id='block_1_17' title="bbox 1555 1695 1658 1704">
    <p class='ocr_par' dir='ltr' id='par_1_27' title="bbox 1555 1695 1658 1704">
     <span class='ocr_line' id='line_1_78' title="bbox 1555 1695 1658 1704; baseline 0 0"><span class='ocrx_word' id='word_1_507' title='bbox 1555 1695 1658 1704; x_wconf 95' lang='lat' dir='ltr'><strong> </strong></span> 
     </span>
    </p>
   </div>
   <div class='ocr_carea' id='block_1_18' title="bbox 1429 1677 2245 1778">
    <p class='ocr_par' dir='ltr' id='par_1_28' title="bbox 1429 1677 2245 1778">
     <span class='ocr_line' id='line_1_79' title="bbox 1666 1677 2214 1727; baseline 0 -14"><span class='ocrx_word' id='word_1_508' title='bbox 1666 1677 1801 1715; x_wconf 83' lang='lat' dir='ltr'><strong>Bellum</strong></span> <span class='ocrx_word' id='word_1_509' title='bbox 1818 1678 1876 1716; x_wconf 88' lang='lat' dir='ltr'><strong>ille</strong></span> <span class='ocrx_word' id='word_1_510' title='bbox 1894 1678 1934 1715; x_wconf 82' lang='lat' dir='ltr'><strong>in</strong></span> <span class='ocrx_word' id='word_1_511' title='bbox 1952 1678 2071 1727; x_wconf 85' lang='lat' dir='ltr'><strong>Persas</strong></span> <span class='ocrx_word' id='word_1_512' title='bbox 2086 1686 2214 1727; x_wconf 84' lang='lat' dir='ltr'><strong>parat,</strong></span> 
     </span>
     <span class='ocr_line' id='line_1_80' title="bbox 1429 1727 2245 1778; baseline 0.002 -16"><span class='ocrx_word' id='word_1_513' title='bbox 1429 1727 1604 1774; x_wconf 61' lang='lat' dir='ltr'><strong>Proseblus</strong></span> <span class='ocrx_word' id='word_1_514' title='bbox 1615 1756 1625 1772; x_wconf 95' lang='lat'><strong>‚</strong></span> <span class='ocrx_word' id='word_1_515' title='bbox 1653 1728 1790 1774; x_wconf 63' lang='lat' dir='ltr'><strong>villus,</strong></span> <span class='ocrx_word' id='word_1_516' title='bbox 1818 1729 1960 1766; x_wconf 67' lang='lat' dir='ltr'><strong>vinci-‘us</strong></span> <span class='ocrx_word' id='word_1_517' title='bbox 1972 1757 1982 1774; x_wconf 93' lang='lat'>,</span> <span class='ocrx_word' id='word_1_518' title='bbox 2010 1729 2077 1778; x_wconf 88' lang='lat' dir='ltr'><strong>regi</strong></span> <span class='ocrx_word' id='word_1_519' title='bbox 2095 1729 2245 1765; x_wconf 81' lang='lat' dir='ltr'><strong>deditus.</strong></span> 
     </span>
    </p>
   </div>
   <div class='ocr_carea' id='block_1_19' title="bbox 1380 1775 2428 1828">
    <p class='ocr_par' dir='ltr' id='par_1_29' title="bbox 1380 1775 2428 1828">
     <span class='ocr_line' id='line_1_81' title="bbox 1380 1775 2428 1828; baseline -0.001 -15"><span class='ocrx_word' id='word_1_520' title='bbox 1380 1776 1451 1813; x_wconf 86' lang='lat' dir='ltr'><strong>Sed</strong></span> <span class='ocrx_word' id='word_1_521' title='bbox 1470 1777 1544 1815; x_wconf 89' lang='lat' dir='ltr'><strong>hoc</strong></span> <span class='ocrx_word' id='word_1_522' title='bbox 1562 1778 1721 1817; x_wconf 81' lang='lat' dir='ltr'><strong>Vinctus</strong></span> <span class='ocrx_word' id='word_1_523' title='bbox 1734 1780 1813 1828; x_wconf 84' lang='lat' dir='ltr'><strong>jam</strong></span> <span class='ocrx_word' id='word_1_524' title='bbox 1836 1780 1940 1817; x_wconf 87' lang='lat' dir='ltr'><strong>vidit.</strong></span> <span class='ocrx_word' id='word_1_525' title='bbox 1967 1780 2073 1817; x_wconf 88' lang='lat' dir='ltr'><strong>Alter</strong></span> <span class='ocrx_word' id='word_1_526' title='bbox 2090 1780 2192 1816; x_wconf 89' lang='lat' dir='ltr'><strong>locus</strong></span> <span class='ocrx_word' id='word_1_527' title='bbox 2213 1777 2260 1815; x_wconf 91' lang='lat' dir='ltr'><strong>est</strong></span> <span class='ocrx_word' id='word_1_528' title='bbox 2280 1775 2428 1824; x_wconf 76' lang='lat' dir='ltr'><strong>insignis</strong></span> 
     </span>
    </p>
   </div>
   <div class='ocr_carea' id='block_1_20' title="bbox 1380 1826 2430 1929">
    <p class='ocr_par' dir='ltr' id='par_1_30' title="bbox 1380 1826 2430 1929">
     <span class='ocr_line' id='line_1_82' title="bbox 1380 1826 2430 1880; baseline 0.001 -17"><span class='ocrx_word' id='word_1_529' title='bbox 1380 1826 1478 1875; x_wconf 87' lang='lat' dir='ltr'><strong>apud</strong></span> <span class='ocrx_word' id='word_1_530' title='bbox 1501 1828 1735 1867; x_wconf 82' lang='lat' dir='ltr'><strong>Marcianum</strong></span> <span class='ocrx_word' id='word_1_531' title='bbox 1755 1831 1944 1878; x_wconf 84' lang='lat' dir='ltr'><strong>Capellam</strong></span> <span class='ocrx_word' id='word_1_532' title='bbox 1959 1830 2048 1880; x_wconf 89' lang='lat' dir='ltr'><strong>‚qui</strong></span> <span class='ocrx_word' id='word_1_533' title='bbox 2065 1829 2240 1869; x_wconf 65' lang='lat' dir='ltr'><strong>haetenus</strong></span> <span class='ocrx_word' id='word_1_534' title='bbox 2260 1826 2430 1871; x_wconf 56' lang='lat' dir='ltr'><strong>animadz</strong></span> 
     </span>
     <span class='ocr_line' id='line_1_83' title="bbox 1381 1877 2000 1929; baseline 0.006 -15"><span class='ocrx_word' id='word_1_535' title='bbox 1381 1877 1502 1915; x_wconf 86' lang='lat' dir='ltr'><strong>versus</strong></span> <span class='ocrx_word' id='word_1_536' title='bbox 1523 1891 1601 1916; x_wconf 90' lang='lat' dir='ltr'><strong>non</strong></span> <span class='ocrx_word' id='word_1_537' title='bbox 1623 1880 1693 1917; x_wconf 90' lang='lat' dir='ltr'><strong>fuit</strong></span> <span class='ocrx_word' id='word_1_538' title='bbox 1707 1908 1717 1923; x_wconf 90' lang='lat'><strong>‚</strong></span> <span class='ocrx_word' id='word_1_539' title='bbox 1746 1880 1849 1929; x_wconf 92' lang='lat' dir='ltr'><strong>quod</strong></span> <span class='ocrx_word' id='word_1_540' title='bbox 1868 1880 2000 1918; x_wconf 85' lang='lat' dir='ltr'><strong>sciam:</strong></span> 
     </span>
    </p>
   </div>
   <div class='ocr_carea' id='block_1_21' title="bbox 1395 1928 2460 3356">
    <p class='ocr_par' dir='ltr' id='par_1_31' title="bbox 1436 1928 2133 1979">
     <span class='ocr_line' id='line_1_84' title="bbox 1436 1928 2133 1979; baseline 0.006 -15"><span class='ocrx_word' id='word_1_541' title='bbox 1436 1928 1592 1965; x_wconf 85' lang='lat' dir='ltr'><strong>Tandem</strong></span> <span class='ocrx_word' id='word_1_542' title='bbox 1603 1928 1749 1976; x_wconf 77' lang='lat' dir='ltr'><strong>senilem</strong></span> <span class='ocrx_word' id='word_1_543' title='bbox 1772 1931 1955 1967; x_wconf 85' lang='lat' dir='ltr'><strong>Martiane</strong></span> <span class='ocrx_word' id='word_1_544' title='bbox 1965 1930 2133 1979; x_wconf 79' lang='lat' dir='ltr'><strong>fabulam</strong></span> 
     </span>
    </p>

    <p class='ocr_par' dir='ltr' id='par_1_32' title="bbox 1435 1978 2150 2033">
     <span class='ocr_line' id='line_1_85' title="bbox 1435 1978 2150 2033; baseline 0.007 -19"><span class='ocrx_word' id='word_1_545' title='bbox 1435 1978 1594 2027; x_wconf 85' lang='lat' dir='ltr'><strong>Miscella</strong></span> <span class='ocrx_word' id='word_1_546' title='bbox 1617 1978 1697 2029; x_wconf 83' lang='lat' dir='ltr'><strong>lufit</strong></span> <span class='ocrx_word' id='word_1_547' title='bbox 1716 1995 1824 2031; x_wconf 87' lang='lat' dir='ltr'><strong>quam</strong></span> <span class='ocrx_word' id='word_1_548' title='bbox 1842 1981 1989 2019; x_wconf 85' lang='lat' dir='ltr'><strong>lucernis</strong></span> <span class='ocrx_word' id='word_1_549' title='bbox 1998 1981 2150 2033; x_wconf 83' lang='lat' dir='ltr'><strong>flamine</strong></span> 
     </span>
    </p>

    <p class='ocr_par' dir='ltr' id='par_1_33' title="bbox 1435 2030 2150 2080">
     <span class='ocr_line' id='line_1_86' title="bbox 1435 2030 2150 2080; baseline 0.007 -15"><span class='ocrx_word' id='word_1_550' title='bbox 1435 2034 1560 2078; x_wconf 72' lang='lat' dir='ltr'><strong>Satyra</strong></span> <span class='ocrx_word' id='word_1_551' title='bbox 1574 2058 1583 2075; x_wconf 92' lang='lat'>‚</span> <span class='ocrx_word' id='word_1_552' title='bbox 1611 2030 1764 2080; x_wconf 64' lang='lat' dir='ltr'><strong>Pelasgos</strong></span> <span class='ocrx_word' id='word_1_553' title='bbox 1783 2033 1869 2069; x_wconf 83' lang='lat' dir='ltr'><strong>dum</strong></span> <span class='ocrx_word' id='word_1_554' title='bbox 1890 2033 2002 2070; x_wconf 85' lang='lat' dir='ltr'><strong>docere</strong></span> <span class='ocrx_word' id='word_1_555' title='bbox 2020 2033 2150 2070; x_wconf 82' lang='lat' dir='ltr'><strong>nititur</strong></span> 
     </span>
    </p>

    <p class='ocr_par' dir='ltr' id='par_1_34' title="bbox 1437 2082 2120 2130">
     <span class='ocr_line' id='line_1_87' title="bbox 1437 2082 2120 2130; baseline 0.004 -14"><span class='ocrx_word' id='word_1_556' title='bbox 1437 2084 1546 2117; x_wconf 85' lang='lat' dir='ltr'><strong>Artes</strong></span> <span class='ocrx_word' id='word_1_557' title='bbox 1566 2083 1710 2130; x_wconf 80' lang='lat' dir='ltr'><strong>creagris</strong></span> <span class='ocrx_word' id='word_1_558' title='bbox 1727 2082 1793 2119; x_wconf 82' lang='lat' dir='ltr'><strong>vix</strong></span> <span class='ocrx_word' id='word_1_559' title='bbox 1809 2083 1941 2120; x_wconf 84' lang='lat' dir='ltr'><strong>amicas</strong></span> <span class='ocrx_word' id='word_1_560' title='bbox 1960 2084 2093 2120; x_wconf 75' lang='lat' dir='ltr'><strong>Atticis</strong></span> <span class='ocrx_word' id='word_1_561' title='bbox 2107 2099 2120 2128; x_wconf 67' lang='grc' dir='ltr'><strong><em>ς</em></strong></span> 
     </span>
    </p>

    <p class='ocr_par' dir='ltr' id='par_1_35' title="bbox 1439 2131 2079 2171">
     <span class='ocr_line' id='line_1_88' title="bbox 1439 2131 2079 2171; baseline 0.005 -4"><span class='ocrx_word' id='word_1_562' title='bbox 1439 2131 1492 2167; x_wconf 80' lang='lat' dir='ltr'><strong>Sic</strong></span> <span class='ocrx_word' id='word_1_563' title='bbox 1511 2131 1549 2167; x_wconf 88' lang='lat' dir='ltr'><strong>in</strong></span> <span class='ocrx_word' id='word_1_564' title='bbox 1567 2145 1703 2168; x_wconf 81' lang='lat' dir='ltr'><strong>novena</strong></span> <span class='ocrx_word' id='word_1_565' title='bbox 1724 2133 1850 2171; x_wconf 83' lang='lat' dir='ltr'><strong>decidit</strong></span> <span class='ocrx_word' id='word_1_566' title='bbox 1872 2134 2057 2170; x_wconf 80' lang='lat' dir='ltr'><strong>volumina</strong></span> <span class='ocrx_word' id='word_1_567' title='bbox 2069 2151 2079 2170; x_wconf 90' lang='lat'><em>:</em></span> 
     </span>
    </p>

    <p class='ocr_par' dir='ltr' id='par_1_36' title="bbox 1441 2183 2282 2235">
     <span class='ocr_line' id='line_1_89' title="bbox 1441 2183 2282 2235; baseline 0.006 -18"><span class='ocrx_word' id='word_1_568' title='bbox 1441 2188 1535 2218; x_wconf 84' lang='lat' dir='ltr'><strong>Haec</strong></span> <span class='ocrx_word' id='word_1_569' title='bbox 1551 2183 1668 2232; x_wconf 82' lang='lat' dir='ltr'><strong>quippe</strong></span> <span class='ocrx_word' id='word_1_570' title='bbox 1689 2184 1816 2234; x_wconf 79' lang='lat' dir='ltr'><strong>loquax</strong></span> <span class='ocrx_word' id='word_1_571' title='bbox 1837 2185 1935 2221; x_wconf 61' lang='lat' dir='ltr'><strong>dofe&#39;a</strong></span> <span class='ocrx_word' id='word_1_572' title='bbox 1954 2185 2099 2222; x_wconf 64' lang='lat' dir='ltr'><strong>indanis</strong></span> <span class='ocrx_word' id='word_1_573' title='bbox 2118 2194 2282 2235; x_wconf 69' lang='lat' dir='ltr'><strong>aggerans</strong></span> 
     </span>
    </p>

    <p class='ocr_par' dir='ltr' id='par_1_37' title="bbox 1441 2234 2150 2285">
     <span class='ocr_line' id='line_1_90' title="bbox 1441 2234 2150 2285; baseline 0.006 -17"><span class='ocrx_word' id='word_1_574' title='bbox 1441 2234 1573 2269; x_wconf 73' lang='lat' dir='ltr'><strong>fandis</strong></span> <span class='ocrx_word' id='word_1_575' title='bbox 1587 2235 1732 2271; x_wconf 83' lang='lat' dir='ltr'><strong>tacenda</strong></span> <span class='ocrx_word' id='word_1_576' title='bbox 1748 2235 1907 2282; x_wconf 82' lang='lat' dir='ltr'><strong>sarcinat</strong></span> <span class='ocrx_word' id='word_1_577' title='bbox 1920 2265 1930 2280; x_wconf 90' lang='lat'>‚</span> <span class='ocrx_word' id='word_1_578' title='bbox 1958 2235 2150 2285; x_wconf 78' lang='lat' dir='ltr'><strong>immiscuit</strong></span> 
     </span>
    </p>

    <p class='ocr_par' dir='ltr' id='par_1_38' title="bbox 1444 2283 2161 2337">
     <span class='ocr_line' id='line_1_91' title="bbox 1444 2283 2161 2337; baseline 0.004 -17"><span class='ocrx_word' id='word_1_579' title='bbox 1444 2283 1568 2333; x_wconf 62' lang='lat' dir='ltr'><strong>diffusas</strong></span> <span class='ocrx_word' id='word_1_580' title='bbox 1586 2290 1739 2336; x_wconf 81' lang='lat' dir='ltr'><strong>Deosque</strong></span> <span class='ocrx_word' id='word_1_581' title='bbox 1752 2315 1763 2329; x_wconf 87' lang='lat'>‚</span> <span class='ocrx_word' id='word_1_582' title='bbox 1790 2287 1987 2337; x_wconf 81' lang='lat' dir='ltr'><strong>disciplinas</strong></span> <span class='ocrx_word' id='word_1_583' title='bbox 2004 2287 2161 2336; x_wconf 70' lang='lat' dir='ltr'><strong>Cyclicas</strong></span> 
     </span>
    </p>

    <p class='ocr_par' dir='ltr' id='par_1_39' title="bbox 1395 2336 2451 2945">
     <span class='ocr_line' id='line_1_92' title="bbox 1446 2336 2171 2387; baseline 0.004 -16"><span class='ocrx_word' id='word_1_584' title='bbox 1446 2336 1588 2372; x_wconf 86' lang='lat' dir='ltr'><strong>Garrire</strong></span> <span class='ocrx_word' id='word_1_585' title='bbox 1608 2336 1726 2385; x_wconf 76' lang='lat' dir='ltr'><strong>agresti</strong></span> <span class='ocrx_word' id='word_1_586' title='bbox 1746 2338 1854 2374; x_wconf 83' lang='lat' dir='ltr'><strong>cruda</strong></span> <span class='ocrx_word' id='word_1_587' title='bbox 1862 2337 1974 2385; x_wconf 71' lang='lat' dir='ltr'><strong>finxit</strong></span> <span class='ocrx_word' id='word_1_588' title='bbox 1988 2337 2171 2387; x_wconf 83' lang='lat' dir='ltr'><strong>plasmate.</strong></span> 
     </span>
     <span class='ocr_line' id='line_1_93' title="bbox 1395 2386 2442 2439; baseline 0.004 -16"><span class='ocrx_word' id='word_1_589' title='bbox 1395 2386 1528 2424; x_wconf 85' lang='lat' dir='ltr'><strong>Versus</strong></span> <span class='ocrx_word' id='word_1_590' title='bbox 1560 2387 1642 2425; x_wconf 89' lang='lat' dir='ltr'><strong>sunt</strong></span> <span class='ocrx_word' id='word_1_591' title='bbox 1664 2388 1819 2435; x_wconf 85' lang='lat' dir='ltr'><strong>Jambici</strong></span> <span class='ocrx_word' id='word_1_592' title='bbox 1843 2417 1854 2433; x_wconf 93' lang='lat'>,</span> <span class='ocrx_word' id='word_1_593' title='bbox 1890 2398 1930 2427; x_wconf 91' lang='lat' dir='ltr'><strong>ut</strong></span> <span class='ocrx_word' id='word_1_594' title='bbox 1959 2390 1998 2426; x_wconf 88' lang='lat'>&amp;</span> <span class='ocrx_word' id='word_1_595' title='bbox 2018 2389 2222 2439; x_wconf 86' lang='lat' dir='ltr'><strong>sequentes.</strong></span> <span class='ocrx_word' id='word_1_596' title='bbox 2248 2387 2365 2427; x_wconf 89' lang='lat' dir='ltr'><strong>Versu</strong></span> <span class='ocrx_word' id='word_1_597' title='bbox 2385 2392 2442 2427; x_wconf 55' lang='lat' dir='ltr'><strong>tass</strong></span> 
     </span>
     <span class='ocr_line' id='line_1_94' title="bbox 1395 2437 2444 2491; baseline 0.001 -15"><span class='ocrx_word' id='word_1_598' title='bbox 1395 2449 1485 2476; x_wconf 89' lang='lat' dir='ltr'><strong>men</strong></span> <span class='ocrx_word' id='word_1_599' title='bbox 1505 2437 1606 2476; x_wconf 84' lang='lat' dir='ltr'><strong>sexto</strong></span> <span class='ocrx_word' id='word_1_600' title='bbox 1626 2439 1725 2488; x_wconf 89' lang='lat' dir='ltr'><strong>prior</strong></span> <span class='ocrx_word' id='word_1_601' title='bbox 1744 2439 1876 2489; x_wconf 79' lang='lat' dir='ltr'><strong>syllaba</strong></span> <span class='ocrx_word' id='word_1_602' title='bbox 1894 2441 1931 2478; x_wconf 89' lang='lat' dir='ltr'><strong>in</strong></span> <span class='ocrx_word' id='word_1_603' title='bbox 1951 2439 2080 2491; x_wconf 83' lang='lat' dir='ltr'><strong>loquax</strong></span> <span class='ocrx_word' id='word_1_604' title='bbox 2098 2441 2313 2489; x_wconf 87' lang='lat' dir='ltr'><strong>producitur</strong></span> <span class='ocrx_word' id='word_1_605' title='bbox 2331 2441 2444 2477; x_wconf 88' lang='lat' dir='ltr'><strong>nimis</strong></span> 
     </span>
     <span class='ocr_line' id='line_1_95' title="bbox 1395 2489 2444 2539; baseline 0.002 -13"><span class='ocrx_word' id='word_1_606' title='bbox 1395 2501 1509 2539; x_wconf 87' lang='lat' dir='ltr'><strong>quam</strong></span> <span class='ocrx_word' id='word_1_607' title='bbox 1540 2489 1678 2528; x_wconf 88' lang='lat' dir='ltr'><strong>inscite.</strong></span> <span class='ocrx_word' id='word_1_608' title='bbox 1722 2490 1793 2529; x_wconf 89' lang='lat' dir='ltr'><strong>Sed</strong></span> <span class='ocrx_word' id='word_1_609' title='bbox 1819 2492 1893 2528; x_wconf 90' lang='lat' dir='ltr'><strong>hoc</strong></span> <span class='ocrx_word' id='word_1_610' title='bbox 1921 2491 2152 2529; x_wconf 84' lang='lat' dir='ltr'><strong>librariorum</strong></span> <span class='ocrx_word' id='word_1_611' title='bbox 2182 2500 2444 2529; x_wconf 87' lang='lat' dir='ltr'><strong>commentum</strong></span> 
     </span>
     <span class='ocr_line' id='line_1_96' title="bbox 1398 2540 2446 2580; baseline 0.001 -3"><span class='ocrx_word' id='word_1_612' title='bbox 1398 2540 1447 2577; x_wconf 86' lang='lat' dir='ltr'><strong>est</strong></span> <span class='ocrx_word' id='word_1_613' title='bbox 1478 2548 1540 2578; x_wconf 82' lang='lat' dir='ltr'><strong>aut</strong></span> <span class='ocrx_word' id='word_1_614' title='bbox 1570 2541 1782 2580; x_wconf 88' lang='lat' dir='ltr'><strong>criticorum</strong></span> <span class='ocrx_word' id='word_1_615' title='bbox 1814 2542 2167 2580; x_wconf 84' lang='lat' dir='ltr'><strong>semibarbaroruin:</strong></span> <span class='ocrx_word' id='word_1_616' title='bbox 2212 2554 2297 2580; x_wconf 89' lang='lat' dir='ltr'><strong>cum</strong></span> <span class='ocrx_word' id='word_1_617' title='bbox 2324 2541 2446 2579; x_wconf 86' lang='lat' dir='ltr'><strong>nullus</strong></span> 
     </span>
     <span class='ocr_line' id='line_1_97' title="bbox 1398 2591 2446 2643; baseline -0.002 -15"><span class='ocrx_word' id='word_1_618' title='bbox 1398 2591 1564 2629; x_wconf 84' lang='lat' dir='ltr'><strong>dubitem</strong></span> <span class='ocrx_word' id='word_1_619' title='bbox 1586 2604 1606 2629; x_wconf 87' lang='lat' dir='ltr'><strong>a</strong></span> <span class='ocrx_word' id='word_1_620' title='bbox 1630 2593 1808 2630; x_wconf 83' lang='lat' dir='ltr'><strong>Marciani</strong></span> <span class='ocrx_word' id='word_1_621' title='bbox 1828 2605 1940 2631; x_wconf 84' lang='lat' dir='ltr'><strong>manu</strong></span> <span class='ocrx_word' id='word_1_622' title='bbox 1964 2592 2058 2636; x_wconf 81' lang='lat' dir='ltr'><strong>effe,</strong></span> <span class='ocrx_word' id='word_1_623' title='bbox 2084 2601 2177 2630; x_wconf 78' lang='lat' dir='ltr'><strong>Hace</strong></span> <span class='ocrx_word' id='word_1_624' title='bbox 2209 2593 2325 2643; x_wconf 83' lang='lat' dir='ltr'><strong>quippe</strong></span> <span class='ocrx_word' id='word_1_625' title='bbox 2350 2592 2446 2627; x_wconf 50' lang='lat' dir='ltr'><strong>dicia</strong></span> 
     </span>
     <span class='ocr_line' id='line_1_98' title="bbox 1400 2633 2448 2692; baseline 0 -14"><span class='ocrx_word' id='word_1_626' title='bbox 1400 2643 1499 2679; x_wconf 59' lang='lat' dir='ltr'><strong>dona</strong></span> <span class='ocrx_word' id='word_1_627' title='bbox 1516 2642 1661 2680; x_wconf 64' lang='lat' dir='ltr'><strong>iudanis</strong></span> <span class='ocrx_word' id='word_1_628' title='bbox 1682 2657 1855 2692; x_wconf 80' lang='lat' dir='ltr'><strong>aggerans.</strong></span> <span class='ocrx_word' id='word_1_629' title='bbox 1882 2633 2002 2681; x_wconf 70' lang='lat' dir='ltr'><strong>Poss‘et</strong></span> <span class='ocrx_word' id='word_1_630' title='bbox 2029 2645 2068 2681; x_wconf 70' lang='grc' dir='ltr'><strong>ὃ(</strong></span> <span class='ocrx_word' id='word_1_631' title='bbox 2096 2644 2190 2691; x_wconf 81' lang='lat' dir='ltr'><strong>legi,</strong></span> <span class='ocrx_word' id='word_1_632' title='bbox 2218 2649 2310 2678; x_wconf 83' lang='lat' dir='ltr'><strong>Haec</strong></span> <span class='ocrx_word' id='word_1_633' title='bbox 2329 2641 2448 2691; x_wconf 78' lang='lat' dir='ltr'><strong>quippe</strong></span> 
     </span>
     <span class='ocr_line' id='line_1_99' title="bbox 1400 2692 2450 2743; baseline 0.001 -14"><span class='ocrx_word' id='word_1_634' title='bbox 1400 2693 1547 2742; x_wconf 82' lang='lat' dir='ltr'><strong>linguax</strong></span> <span class='ocrx_word' id='word_1_635' title='bbox 1564 2710 1575 2730; x_wconf 93' lang='lat'><strong>.·</strong></span> <span class='ocrx_word' id='word_1_636' title='bbox 1604 2694 1774 2743; x_wconf 80' lang='lat' dir='ltr'><strong>linguaces</strong></span> <span class='ocrx_word' id='word_1_637' title='bbox 1800 2695 1899 2732; x_wconf 89' lang='lat' dir='ltr'><strong>enim</strong></span> <span class='ocrx_word' id='word_1_638' title='bbox 1925 2707 1992 2742; x_wconf 90' lang='lat' dir='ltr'><strong>pro</strong></span> <span class='ocrx_word' id='word_1_639' title='bbox 2013 2693 2227 2742; x_wconf 84' lang='lat' dir='ltr'><strong>loquacibus</strong></span> <span class='ocrx_word' id='word_1_640' title='bbox 2247 2692 2364 2729; x_wconf 73' lang='lat' dir='ltr'><strong>dictos</strong></span> <span class='ocrx_word' id='word_1_641' title='bbox 2383 2704 2450 2730; x_wconf 84' lang='lat' dir='ltr'><strong>an-</strong></span> 
     </span>
     <span class='ocr_line' id='line_1_100' title="bbox 1400 2742 2449 2793; baseline -0.002 -11"><span class='ocrx_word' id='word_1_642' title='bbox 1400 2745 1511 2793; x_wconf 87' lang='lat' dir='ltr'><strong>tiquis</strong></span> <span class='ocrx_word' id='word_1_643' title='bbox 1524 2773 1534 2789; x_wconf 89' lang='lat'>‚</span> <span class='ocrx_word' id='word_1_644' title='bbox 1551 2745 1646 2782; x_wconf 88' lang='lat' dir='ltr'><strong>testis</strong></span> <span class='ocrx_word' id='word_1_645' title='bbox 1666 2745 1715 2783; x_wconf 83' lang='lat' dir='ltr'><strong>est</strong></span> <span class='ocrx_word' id='word_1_646' title='bbox 1734 2746 1874 2782; x_wconf 88' lang='lat' dir='ltr'><strong>Gellius</strong></span> <span class='ocrx_word' id='word_1_647' title='bbox 1885 2760 1895 2788; x_wconf 90' lang='lat'>;</span> <span class='ocrx_word' id='word_1_648' title='bbox 1914 2745 1974 2782; x_wconf 91' lang='lat' dir='ltr'><strong>sed</strong></span> <span class='ocrx_word' id='word_1_649' title='bbox 1991 2745 2144 2782; x_wconf 86' lang='lat' dir='ltr'><strong>alterum</strong></span> <span class='ocrx_word' id='word_1_650' title='bbox 2163 2742 2325 2792; x_wconf 83' lang='lat' dir='ltr'><strong>praestat.</strong></span> <span class='ocrx_word' id='word_1_651' title='bbox 2353 2743 2449 2781; x_wconf 89' lang='lat' dir='ltr'><strong>Ver-</strong></span> 
     </span>
     <span class='ocr_line' id='line_1_101' title="bbox 1403 2795 2451 2845; baseline -0.002 -13"><span class='ocrx_word' id='word_1_652' title='bbox 1403 2795 1444 2833; x_wconf 91' lang='lat' dir='ltr'><strong>su</strong></span> <span class='ocrx_word' id='word_1_653' title='bbox 1468 2796 1590 2844; x_wconf 89' lang='lat' dir='ltr'><strong>primo</strong></span> <span class='ocrx_word' id='word_1_654' title='bbox 1618 2795 1730 2832; x_wconf 81' lang='lat' dir='ltr'><strong>Habes</strong></span> <span class='ocrx_word' id='word_1_655' title='bbox 1752 2796 1897 2845; x_wconf 84' lang='lat' dir='ltr'><strong>senilem</strong></span> <span class='ocrx_word' id='word_1_656' title='bbox 1933 2807 1979 2832; x_wconf 88' lang='lat' dir='ltr'><strong>ex</strong></span> <span class='ocrx_word' id='word_1_657' title='bbox 2016 2795 2236 2832; x_wconf 77' lang='lat' dir='ltr'><strong>membranis</strong></span> <span class='ocrx_word' id='word_1_658' title='bbox 2270 2805 2451 2831; x_wconf 82' lang='lat' dir='ltr'><strong>revocan-</strong></span> 
     </span>
     <span class='ocr_line' id='line_1_102' title="bbox 1404 2843 2450 2896; baseline -0.001 -13"><span class='ocrx_word' id='word_1_659' title='bbox 1404 2845 1508 2884; x_wconf 86' lang='lat' dir='ltr'><strong>dum.</strong></span> <span class='ocrx_word' id='word_1_660' title='bbox 1549 2846 1666 2884; x_wconf 86' lang='lat' dir='ltr'><strong>Versu</strong></span> <span class='ocrx_word' id='word_1_661' title='bbox 1693 2846 1853 2885; x_wconf 87' lang='lat' dir='ltr'><strong>secundo</strong></span> <span class='ocrx_word' id='word_1_662' title='bbox 1886 2858 1953 2896; x_wconf 86' lang='lat' dir='ltr'><strong>pro</strong></span> <span class='ocrx_word' id='word_1_663' title='bbox 1977 2843 2128 2895; x_wconf 74' lang='lat' dir='ltr'><strong>flamine</strong></span> <span class='ocrx_word' id='word_1_664' title='bbox 2149 2874 2159 2890; x_wconf 94' lang='lat'>,</span> <span class='ocrx_word' id='word_1_665' title='bbox 2193 2852 2300 2883; x_wconf 87' lang='lat' dir='ltr'><strong>vetus</strong></span> <span class='ocrx_word' id='word_1_666' title='bbox 2328 2844 2450 2883; x_wconf 85' lang='lat' dir='ltr'><strong>codex</strong></span> 
     </span>
     <span class='ocr_line' id='line_1_103' title="bbox 1398 2897 1724 2945; baseline 0.006 -12"><span class='ocrx_word' id='word_1_667' title='bbox 1398 2897 1550 2945; x_wconf 86' lang='lat' dir='ltr'><strong>famine.</strong></span> <span class='ocrx_word' id='word_1_668' title='bbox 1581 2898 1724 2935; x_wconf 87' lang='lat' dir='ltr'><strong>Scribe:</strong></span> 
     </span>
    </p>

    <p class='ocr_par' dir='ltr' id='par_1_40' title="bbox 1460 2945 2232 2998">
     <span class='ocr_line' id='line_1_104' title="bbox 1460 2945 2232 2998; baseline 0.001 -14"><span class='ocrx_word' id='word_1_669' title='bbox 1460 2947 1619 2997; x_wconf 64' lang='lat' dir='ltr'><strong>Asiscella</strong></span> <span class='ocrx_word' id='word_1_670' title='bbox 1637 2946 1716 2997; x_wconf 74' lang='lat' dir='ltr'><strong>lusit</strong></span> <span class='ocrx_word' id='word_1_671' title='bbox 1737 2961 1845 2997; x_wconf 85' lang='lat' dir='ltr'><strong>quam</strong></span> <span class='ocrx_word' id='word_1_672' title='bbox 1865 2947 2021 2984; x_wconf 87' lang='lat' dir='ltr'><strong>lucernae</strong></span> <span class='ocrx_word' id='word_1_673' title='bbox 2040 2945 2232 2998; x_wconf 81' lang='lat' dir='ltr'><strong>adflamine</strong></span> 
     </span>
    </p>

    <p class='ocr_par' dir='ltr' id='par_1_41' title="bbox 1409 3005 2460 3356">
     <span class='ocr_line' id='line_1_105' title="bbox 1461 3005 1600 3037; baseline 0.014 -2"><span class='ocrx_word' id='word_1_674' title='bbox 1461 3005 1521 3036; x_wconf 82' lang='lat' dir='ltr'><strong>Sat</strong></span> <span class='ocrx_word' id='word_1_675' title='bbox 1547 3012 1600 3037; x_wconf 87' lang='lat' dir='ltr'><strong>ra.</strong></span> 
     </span>
     <span class='ocr_line' id='line_1_106' title="bbox 1409 3013 2454 3098; baseline 0.001 -12"><span class='ocrx_word' id='word_1_676' title='bbox 1409 3013 1544 3087; x_wconf 59' lang='lat' dir='ltr'><strong>Versuy</strong></span> <span class='ocrx_word' id='word_1_677' title='bbox 1555 3057 1686 3098; x_wconf 87' lang='lat' dir='ltr'><strong>quarto</strong></span> <span class='ocrx_word' id='word_1_678' title='bbox 1712 3049 1802 3087; x_wconf 88' lang='lat' dir='ltr'><strong>illud</strong></span> <span class='ocrx_word' id='word_1_679' title='bbox 1828 3049 1971 3098; x_wconf 81' lang='lat' dir='ltr'><strong>creagris</strong></span> <span class='ocrx_word' id='word_1_680' title='bbox 1996 3049 2130 3087; x_wconf 82' lang='lat' dir='ltr'><strong>Atticis</strong></span> <span class='ocrx_word' id='word_1_681' title='bbox 2159 3061 2238 3087; x_wconf 90' lang='lat' dir='ltr'><strong>non</strong></span> <span class='ocrx_word' id='word_1_682' title='bbox 2265 3048 2313 3086; x_wconf 89' lang='lat' dir='ltr'><strong>est</strong></span> <span class='ocrx_word' id='word_1_683' title='bbox 2332 3050 2454 3087; x_wconf 81' lang='lat' dir='ltr'><strong>nauci.</strong></span> 
     </span>
     <span class='ocr_line' id='line_1_107' title="bbox 1412 3098 2456 3139; baseline 0 -3"><span class='ocrx_word' id='word_1_684' title='bbox 1412 3100 1485 3137; x_wconf 86' lang='lat' dir='ltr'><strong>Sed</strong></span> <span class='ocrx_word' id='word_1_685' title='bbox 1503 3101 1541 3137; x_wconf 56' lang='grc' dir='ltr'><strong>δέ</strong></span> <span class='ocrx_word' id='word_1_686' title='bbox 1562 3098 1705 3138; x_wconf 74' lang='lat' dir='ltr'><strong>facessat</strong></span> <span class='ocrx_word' id='word_1_687' title='bbox 1725 3101 1879 3137; x_wconf 78' lang='lat' dir='ltr'><strong>Diacriis</strong></span> <span class='ocrx_word' id='word_1_688' title='bbox 1898 3103 2062 3139; x_wconf 86' lang='lat' dir='ltr'><strong>virorum</strong></span> <span class='ocrx_word' id='word_1_689' title='bbox 2086 3100 2297 3138; x_wconf 58' lang='lat' dir='ltr'><strong>donorum.</strong></span> <span class='ocrx_word' id='word_1_690' title='bbox 2321 3099 2456 3136; x_wconf 77' lang='lat' dir='ltr'><strong>Chora-</strong></span> 
     </span>
     <span class='ocr_line' id='line_1_108' title="bbox 1409 3150 2455 3201; baseline 0.002 -16"><span class='ocrx_word' id='word_1_691' title='bbox 1409 3150 1461 3199; x_wconf 82' lang='lat' dir='ltr'><strong>gis</strong></span> <span class='ocrx_word' id='word_1_692' title='bbox 1499 3150 1633 3187; x_wconf 83' lang='lat' dir='ltr'><strong>Atticis</strong></span> <span class='ocrx_word' id='word_1_693' title='bbox 1677 3152 1738 3188; x_wconf 83' lang='lat' dir='ltr'><strong>vel</strong></span> <span class='ocrx_word' id='word_1_694' title='bbox 1769 3152 1915 3188; x_wconf 85' lang='lat' dir='ltr'><strong>theatris</strong></span> <span class='ocrx_word' id='word_1_695' title='bbox 1949 3164 2104 3201; x_wconf 83' lang='lat' dir='ltr'><strong>repono.</strong></span> <span class='ocrx_word' id='word_1_696' title='bbox 2163 3150 2282 3187; x_wconf 87' lang='lat' dir='ltr'><strong>Versu</strong></span> <span class='ocrx_word' id='word_1_697' title='bbox 2319 3150 2455 3188; x_wconf 86' lang='lat' dir='ltr'><strong>ultimo</strong></span> 
     </span>
     <span class='ocr_line' id='line_1_109' title="bbox 1415 3200 2457 3252; baseline 0 -16"><span class='ocrx_word' id='word_1_698' title='bbox 1415 3202 1534 3248; x_wconf 79' lang='lat' dir='ltr'><strong>agresti</strong></span> <span class='ocrx_word' id='word_1_699' title='bbox 1557 3201 1740 3251; x_wconf 76' lang='lat' dir='ltr'><strong>phasinate</strong></span> <span class='ocrx_word' id='word_1_700' title='bbox 1763 3204 1921 3252; x_wconf 77' lang='lat' dir='ltr'><strong>corrigo.</strong></span> <span class='ocrx_word' id='word_1_701' title='bbox 1966 3204 2023 3241; x_wconf 84' lang='lat' dir='ltr'><strong>Sic</strong></span> <span class='ocrx_word' id='word_1_702' title='bbox 2054 3201 2278 3239; x_wconf 85' lang='lat' dir='ltr'><strong>comoedicum</strong></span> <span class='ocrx_word' id='word_1_703' title='bbox 2309 3200 2457 3250; x_wconf 79' lang='lat' dir='ltr'><strong>phasma</strong></span> 
     </span>
     <span class='ocr_line' id='line_1_110' title="bbox 1415 3250 2460 3304; baseline 0 -15"><span class='ocrx_word' id='word_1_704' title='bbox 1415 3252 1513 3299; x_wconf 82' lang='lat' dir='ltr'><strong>apud</strong></span> <span class='ocrx_word' id='word_1_705' title='bbox 1542 3252 1774 3301; x_wconf 76' lang='lat' dir='ltr'><strong>Fulgentium</strong></span> <span class='ocrx_word' id='word_1_706' title='bbox 1806 3255 1916 3291; x_wconf 86' lang='lat' dir='ltr'><strong>initio</strong></span> <span class='ocrx_word' id='word_1_707' title='bbox 1945 3254 2216 3304; x_wconf 82' lang='lat' dir='ltr'><strong>Mythologiae.</strong></span> <span class='ocrx_word' id='word_1_708' title='bbox 2259 3250 2460 3299; x_wconf 76' lang='lat' dir='ltr'><strong>clamosum</strong></span> 
     </span>
     <span class='ocr_line' id='line_1_111' title="bbox 1411 3301 2459 3356; baseline 0 -15"><span class='ocrx_word' id='word_1_709' title='bbox 1411 3301 1560 3356; x_wconf 76' lang='lat' dir='ltr'><strong>phasma</strong></span> <span class='ocrx_word' id='word_1_710' title='bbox 1590 3305 1783 3344; x_wconf 81' lang='lat' dir='ltr'><strong>Menandri</strong></span> <span class='ocrx_word' id='word_1_711' title='bbox 1811 3304 1910 3355; x_wconf 86' lang='lat' dir='ltr'><strong>apud</strong></span> <span class='ocrx_word' id='word_1_712' title='bbox 1948 3305 2165 3355; x_wconf 81' lang='lat' dir='ltr'><strong>Satyricuin.</strong></span> <span class='ocrx_word' id='word_1_713' title='bbox 2207 3304 2392 3350; x_wconf 73' lang='grc' dir='ltr'><strong>Φάσματκ</strong></span> <span class='ocrx_word' id='word_1_714' title='bbox 2421 3302 2459 3338; x_wconf 86' lang='lat'>&amp;</span> 
     </span>
    </p>
   </div>
   <div class='ocr_carea' id='block_1_22' title="bbox 2372 3350 2466 3401">
    <p class='ocr_par' dir='ltr' id='par_1_42' title="bbox 2372 3350 2466 3401">
     <span class='ocr_line' id='line_1_112' title="bbox 2372 3350 2466 3401; baseline 0 0"><span class='ocrx_word' id='word_1_715' title='bbox 2372 3350 2466 3401; x_wconf 65' lang='lat'><strong>4³2⁹:</strong></span> 
     </span>
    </p>
   </div>
   <div class='ocr_carea' id='block_1_23' title="bbox 2467 755 2553 3676">
    <p class='ocr_par' dir='ltr' id='par_1_43' title="bbox 2467 755 2553 3676">
     <span class='ocr_line' id='line_1_113' title="bbox 2467 755 2553 3676; baseline 0 0"><span class='ocrx_word' id='word_1_716' title='bbox 2467 755 2553 3676; x_wconf 95' lang='lat' dir='ltr'><strong> </strong></span> 
     </span>
    </p>
   </div>
  </div>
 </body>
</html>
