2553 3676
0 1582 10 1960 ·4..-‹v›s.‚.m-·ae‚-o
0 1470 6 1517 -’-

356 186 727 248 ARTIS
800 180 1565 243 AMATORIAE
1641 207 1815 244 LIB.

1892 187 2003 248 ΙΙΙ.7
2145 209 2243 259 ῖῑ9

263 297 361 349 755
400 280 574 351 Carpe
599 278 745 332 cibos
770 271 983 343 digiti83
1021 271 1095 324 est
1118 272 1373 343 quiddam
1398 277 1568 347 gestus
1596 276 1822 332 edendi:

472 352 582 406 Ora
605 368 703 404 nec
729 342 1004 401 immunda
1028 355 1141 396 tota
1163 361 1439 415 perungue
1464 367 1637 404 manu.

398 425 553 480 Neve
578 420 725 475 domi
750 415 1022 488 praesume
1047 415 1230 487 dapes:
1273 415 1328 468 &
1356 416 1560 483 desine,
1590 418 1730 477 *citra

470 495 648 565 Quam
675 490 848 560 capies
872 488 1047 560 paullo
1065 525 1078 549 ‚
1104 505 1263 560 quam
1287 501 1440 560 potes
1465 491 1595 555 effe,
1620 496 1808 550 minus,

394 563 687 623 Priamides
711 561 965 616 Helenen
988 560 1143 613 avide
1167 560 1203 613 fi
1232 559 1431 631 spefflet
1457 562 1739 627 edentem,

249 644 352 711 760

469 635 695 696 Oderit3
739 633 795 689 δε
821 634 992 695 dicat,
1021 632 1186 686 Stulta
1212 634 1389 705 rapina
1413 651 1531 688 mea
1553 635 1643 689 est.

392 709 588 781 Aptius
616 706 717 769 est,
755 707 1051 777 deceatque
1078 705 1244 776 magis
1267 719 1453 777 potare
1480 709 1692 779 puellaS.

463 781 608 835 Cum
630 779 860 835 Veneris
882 796 1052 849 puero
1076 795 1186 830 non
1212 779 1375 842 male,
1416 779 1655 845 Bacche,
1692 780 1834 836 faciS.

386 852 519 909 Hoc
546 870 792 924 quoque,
817 855 921 924 qua
943 851 1144 922 patiens
1171 863 1329 921 caput
1356 851 1461 914 est,
1495 854 1805 925 animusque
1830 855 2104 929 pedesque

459 924 746 980 Constent:
786 942 917 989 nee,
954 940 1089 995 quae
1114 921 1212 977 siut
1237 922 1472 995 singula,
1495 923 1617 980 bina
1642 927 1782 981 vide.

0 1115 21 1165 ι’]
91 1124 287 1157 ῖεεεκκκγῐ.
304 1116 343 1155 δε
361 1125 566 1155 cccxtvxxr.
581 1114 627 1153 ad
643 1115 742 1154 hunc
754 1127 842 1153 vero
855 1112 1140 1171 edendigestum

94 1170 221 1207 referri
247 1166 389 1217 possent
418 1167 476 1205 illa
504 1168 663 1204 Senecae
679 1195 688 1210 ,
711 1166 866 1214 Epistola
885 1177 921 1203 v.
949 1166 1050 1207 Erit,
1078 1178 1140 1214 qut

89 1219 220 1268 gradus
238 1227 395 1267 temperet
408 1247 417 1263 ‚
444 1230 487 1258 cy
507 1217 626 1254 buccas
649 1217 778 1253 edentis
798 1216 959 1261 observet.
985 1214 1050 1251 nisi
1072 1227 1139 1262 po-

92 1271 163 1307 tius
187 1270 235 1306 ibi
254 1269 430 1306 exciderit
449 1281 523 1305 vox
545 1269 663 1316 aliqua
678 1296 688 1312 ,
716 1267 801 1316 quia
819 1267 893 1314 agit
915 1266 960 1303 de
970 1265 1139 1302 sermone

97 1320 138 1357 &
151 1319 311 1358 clamore
326 1348 337 1364 ‚
365 1321 402 1356 ὅ(
420 1318 619 1367 legendum
649 1318 690 1355 sit
706 1345 715 1362 ‚
734 1317 854 1353 buccas
875 1329 992 1352 vocem
1010 1316 1139 1352 edentis

95 1370 256 1419 observet.
309 1370 569 1408 BURMANNus.

146 1421 230 1469 756.
258 1426 345 1457 Tota
356 1419 565 1469 perungam]
596 1420 703 1456 Tasta
715 1417 883 1456 Bernens.
897 1430 955 1454 ora
967 1425 1026 1467 per
1038 1416 1137 1456 imm.

90 1470 203 1517 Junii.
223 1484 282 1508 nec
299 1471 445 1520 indigna
466 1469 728 1508 Ambrosianus
748 1470 847 1507 alter.

146 1532 231 1571 757.
259 1528 357 1558 Neve
377 1522 470 1558 domi
482 1521 658 1570 praesume
683 1520 820 1569 dape5.]
851 1519 956 1557 Aliae
970 1546 979 1562 ‚
1008 1526 1047 1556 ut
1060 1519 1136 1556 edi-

89 1573 147 1610 tio
168 1574 403 1621 Gryphiana,
431 1572 558 1610 diu.ad
579 1583 689 1620 quarn
714 1571 869 1618 Scaliger
890 1578 1057 1613 notarat,
1077 1569 1136 1605 do-

90 1622 165 1667 mi,
205 1634 251 1660 ex
277 1624 394 1660 veteri
423 1622 562 1659 codice.
592 1621 772 1658 Palatinus
798 1620 981 1663 habebat,
1009 1620 1136 1657 minus.

90 1672 212 1721 Quod
229 1672 327 1710 haud
337 1672 448 1710 dubio
468 1700 477 1715 ,
498 1671 613 1708 nimis.
643 1678 740 1707 Neve
749 1670 852 1707 nimis
864 1670 1041 1719 praesume
1072 1670 1136 1706 da-

87 1730 158 1772 pes.
196 1723 300 1760 DAN.
330 1724 542 1760 Hfimsxus.
580 1723 706 1759 Locus
723 1721 1020 1770 perplexiffimus.
1058 1721 1136 1758 Ve-

92 1773 208 1810 tustae
231 1773 411 1810 editiones
427 1801 437 1817 ,
459 1779 558 1809 Neve
580 1773 652 1810 diu.
680 1772 910 1809 Sarravianus
942 1771 980 1807 ἃ
998 1771 1135 1818 septem

88 1824 176 1867 alii,
207 1829 305 1860 Neve
326 1823 541 1860 nimissSed
559 1835 626 1871 pro
649 1821 794 1870 vulgata
812 1822 902 1859 stant
924 1821 1135 1859 vetustiores

87 1873 181 1912 libri.
209 1875 247 1911 &
270 1873 369 1911 reete
388 1875 516 1912 omnia
536 1873 770 1916 constabunt,
798 1872 823 1909 fi
852 1883 942 1920 pro,
964 1872 1027 1919 secl
1053 1871 1135 1919 dest-

88 1936 156 1969 ne‚
184 1935 228 1964 (9⁴
247 1922 356 1972 define
376 1935 543 1973 reponas.
570 1924 607 1960 &
624 1923 790 1973 sequenti
819 1922 922 1960 versu
948 1934 1039 1970 pro,
1077 1936 1136 1958 cu-

84 1975 187 2024 pias,
217 1978 343 2024 capies,
372 1976 465 2013 utin
487 1975 608 2023 Regio
630 1974 678 2011 est
698 1975 735 2011 ὃ(
757 1973 831 2010 aliis
852 1980 1020 2021 quatuor.
1034 1973 1136 2011 Mul-

89 2025 141 2069 ti,
168 2026 296 2074 cupies;
326 2026 494 2074 proxime
519 2036 662 2062 verum.
687 2026 908 2073 praesumere.
935 2024 1132 2072 quomodo

85 2075 189 2124 apud
208 2076 367 2113 Plinium
388 2076 449 2113 lib.
477 2075 533 2123 36.
557 2087 635 2123 cap.
658 2087 713 2112 11.
749 2073 991 2122 Theophrastus
1015 2076 1133 2110 auffor

91 2125 136 2172 est
149 2153 159 2170 ,
185 2134 311 2174 potores
331 2126 370 2162 in
390 2125 574 2162 certamine
594 2124 732 2161 bibendi
744 2126 958 2173 praesumere
968 2124 1134 2170 farinam

4 2190 13 2222 s.
87 2177 171 2224 ejus.
199 2176 340 2225 Tangit
357 2178 395 2214 &
424 2176 573 2214 damnat
591 2187 736 2213 morem
755 2174 956 2223 puellarum
977 2187 1136 2224 quarun-

5 2473 15 2525 κῆ
6 2339 15 2414 -·-«
5 2288 14 2315 a
4 2226 13 2263 r«—

87 2226 174 2264 dam
189 2255 200 2272 ,
227 2239 320 2276 quae
339 2227 444 2265 domi
464 2227 739 2275 praesumebant
759 2225 892 2274 dapes,
918 2234 959 2263 ut
987 2227 1024 2262 in
1046 2237 1135 2263 con-

88 2277 195 2316 vivio
218 2276 351 2316 acibis.
364 2278 591 2315 abstinerent.
618 2277 721 2326 quod
741 2277 778 2314 ὃς
800 2287 900 2313 nunc
917 2276 1012 2324 apud
1041 2277 1137 2313 rnul-

87 2329 198 2365 tasin
225 2328 289 2366 usu
318 2328 377 2366 est.
404 2337 473 2366 tres
489 2355 499 2373 ,
520 2327 642 2377 capias.
675 2336 808 2377 capere,
837 2335 878 2364 ut
895 2326 992 2375 apud
1013 2328 1136 2365 Hora-

89 2378 185 2422 tium
205 2378 266 2414 lib.
292 2391 322 2415 1.
347 2379 417 2416 Sat.
443 2392 473 2416 1.

147 2432 227 2462 Non
249 2437 328 2463 tuus
349 2428 408 2463 hoc
427 2429 532 2476 capiet
552 2439 674 2466 venter
686 2428 785 2478 plus,
814 2442 924 2478 quam
947 2442 1052 2466 meus.

91 2475 225 2514 Noster
241 2476 301 2514 lib.
321 2489 407 2515 vrt.
427 2479 585 2515 Metam.
605 2479 689 2527 834.

142 2526 291 2576 Plusque
310 2528 420 2576 capit,
448 2542 511 2578 quo
527 2528 631 2576 plura
640 2529 745 2576 suam
765 2527 918 2564 demittit
939 2528 977 2565 in
994 2529 1132 2568 alvum.

92 2575 150 2621 Jta
169 2578 298 2614 censeo
318 2578 558 2616 scribendum.
588 2580 736 2616 Lucret.
746 2579 806 2615 lib.
819 2578 965 2628 1v.635.

147 2631 218 2663 Nec
238 2629 339 2674 refert
359 2629 544 2678 quicquam
559 2658 568 2672 ,
597 2642 662 2679 quo
681 2629 779 2665 vista
798 2638 908 2676 corpus
926 2629 1048 2665 alatur
1061 2657 1071 2673 ‚

147 2679 341 2714 Dummodo
358 2680 448 2728 quod
466 2680 577 2729 capias
590 2708 600 2724 ‚
629 2681 818 2717 comestum
837 2679 951 2717 didere
964 2678 1072 2729 possis.

66 2754 69 2756 -
93 2727 280 2776 Juvenahs
301 2729 423 2778 Satyra
448 2742 535 2768 vix.

322 2780 462 2826 Constat
483 2780 605 2818 leviori
623 2780 736 2818 bellua
748 2781 893 2830 sumptu

147 2827 328 2865 Nimirum
342 2857 353 2873 ,
373 2841 417 2869 ω’
433 2831 571 2878 capiunt
586 2832 663 2880 plus
682 2831 842 2877 intestina
863 2835 996 2869 Poetae.

90 2878 149 2926 Est
168 2890 234 2925 pro
256 2877 328 2915 edit
345 2881 440 2927 apud
463 2881 662 2930 Virgilium
683 2884 722 2919 δε
749 2883 931 2920 Gratium.
969 2883 1040 2930 effi’s
1061 2895 1128 2932 pro

90 2927 219 2966 edisses
239 2928 334 2976 apud
352 2929 434 2967 Val.
454 2932 609 2969 Maxim.
636 2933 658 2969 l.
678 2945 730 2969 xv.
750 2944 826 2980 cap.
847 2945 911 2969 111.
930 2933 991 2969 sub
1002 2932 1128 2971 finem.

93 2979 168 3026 esset
191 2990 256 3026 pro
274 2978 396 3015 ederet
417 2981 556 3029 Hygin.
579 2983 662 3021 Fab.
681 2994 762 3032 139.
788 2982 889 3029 Estur
916 2995 982 3032 pro
1009 2983 1147 3023 editur*

95 3029 187 3066 dixit
211 3029 341 3066 Noster
359 3030 465 3066 Pont.
489 3031 583 3079 1.Elt
606 3044 637 3069 1.

73 3116 75 3119 ,
142 3077 244 3124 Estur
262 3088 303 3115 ut
323 3079 453 3115 occulta
469 3079 602 3116 vitiata
621 3083 766 3120 teredine
785 3085 902 3122 navis.

15 3144 27 3162 ι.
88 3128 218 3166 Sensus
237 3128 308 3173 est,
337 3129 457 3167 desine
478 3131 683 3179 priusquam
704 3135 820 3180 capies
852 3135 961 3183 paulo
980 3136 1126 3180 minus,

14 3194 29 3202 s·
89 3190 203 3228 quam
225 3187 328 3227 potes
351 3179 594 3235 edere-Tan.
612 3181 724 3218 Faber
739 3183 799 3220 lib.
826 3197 853 3222 1.
874 3187 1006 3233 Ep.54.
1024 3186 1129 3234 paulo

15 3243 17 3248 ’
34 3259 35 3264 ,
89 3242 200 3278 quam
216 3238 307 3278 potes
327 3231 421 3280 esque
438 3244 563 3268 mmus.
600 3243 666 3279 pro
685 3231 754 3268 ede.
791 3233 860 3270 Sed
890 3237 1048 3282 proferat
1067 3248 1130 3272 ex-

92 3280 260 3331 emplum
279 3281 393 3320 velim
417 3280 476 3321 vel
506 3282 682 3329 unicum,
719 3293 795 3331 quo
823 3283 961 3333 liqueat
992 3294 1133 3337 veteres

2092 1002 2251 1058 Tur-2-

1195 1127 1228 1150 es
1246 1125 1312 1163 pro
1332 1114 1389 1151 ede
1407 1110 1543 1153 dixisse.
1593 1116 1787 1165 Perperam
1810 1117 1920 1156 etiam
1942 1118 2087 1157 Merula
2106 1118 2240 1156 lectio-2

1194 1176 1305 1210 nem,
1334 1172 1432 1202 Neve
1459 1166 1564 1203 nimis
1579 1170 1754 1216 praesume
1781 1168 1899 1217 dapes,
1925 1170 2111 1218 approbat.
2166 1169 2243 1206 Sal-

1195 1222 1271 1252 tem
1286 1243 1295 1259 ‚
1324 1216 1430 1252 nimis
1448 1216 1566 1265 dapis,
1590 1218 1672 1262 vel,
1687 1224 1765 1254 Neu
1786 1219 1937 1258 nimium
1952 1219 2128 1269 praesume
2145 1219 2242 1267 dapis

1194 1265 1400 1304 refinxiffet.
1425 1267 1638 1306 Hmusius,
1666 1269 1903 1314 Gronovius,
1931 1271 1969 1307 in
1990 1272 2088 1309 notis
2105 1270 2151 1309 ad
2175 1270 2244 1315 Lif

1195 1317 1325 1367 viilib.
1343 1329 1454 1354 xxxv.
1472 1330 1549 1367 cap.
1575 1332 1630 1356 11.
1657 1320 1795 1367 primae
1814 1319 2006 1358 editionis:

1246 1373 1346 1404 Neve
1366 1367 1459 1405 domi
1473 1372 1649 1418 praesume
1671 1369 1769 1418 dapes
1784 1397 1794 1413 ‚
1817 1381 1860 1409 (ς’
1878 1370 1987 1420 desine
2005 1371 2095 1408 citra

1296 1421 1417 1466 §Luam
1435 1419 1545 1468 cupis,
1573 1431 1616 1459 (φ
1630 1420 1747 1468 paullo
1767 1433 1874 1468 quam
1885 1430 1998 1471 potes,
2011 1421 2065 1471 effiz
2075 1422 2205 1461 minus.

1192 1467 1253 1506 Est
1272 1468 1406 1517 duplex
1424 1478 1660 1518 praeceptum
1689 1470 1734 1508 ad
1754 1471 1909 1509 eandem
1936 1484 2013 1510 rem
2034 1475 2233 1522 pertinens:

1193 1531 1264 1556 nec
1294 1521 1416 1557 venias
1440 1520 1486 1558 ad
1511 1532 1668 1558 coenam
1700 1530 1828 1558 ventre
1856 1522 1935 1571 jam
1967 1524 2078 1572 pleno
2108 1552 2119 1568 ,
2172 1537 2240 1562 ne-

1193 1581 1266 1618 que
1283 1570 1357 1607 illic
1375 1571 1533 1608 nimium
1556 1572 1721 1609 celocem
1735 1572 1885 1609 saburra.
1913 1584 2035 1622 neque
2054 1583 2138 1612 ante
2152 1587 2242 1612 coe-

1192 1632 1239 1657 na
1253 1648 1263 1664 ‚
1292 1621 1330 1657 &
1351 1620 1473 1658 desine
1494 1619 1564 1658 esse
1587 1623 1673 1659 citra
1695 1623 1818 1669 paullo
1839 1624 1958 1660 minus
1974 1652 1984 1667 ,
2012 1636 2123 1673 quam
2139 1627 2240 1673 cupis

1193 1671 1232 1707 δε
1254 1679 1368 1718 potes.
1396 1672 1459 1708 vix
1477 1680 1601 1709 tamen
1623 1673 1715 1710 mihi
1728 1673 1926 1721 persuadeo
1941 1674 2124 1712 Ovidium
2137 1688 2240 1724 prae-

1192 1719 1322 1769 cepisse
1343 1722 1468 1769 puellis
1482 1750 1490 1766 ,
1510 1735 1557 1759 ne
1575 1722 1680 1760 domi
1701 1723 1970 1771 praesumerent
1989 1725 2120 1774 dapes,
2151 1738 2240 1764 cum

1190 1771 1263 1808 hoc
1282 1772 1444 1809 maxime
1467 1773 1679 1811 monendae
1700 1773 1916 1818 videantur,
1954 1787 2002 1813 ne
2031 1788 2156 1814 earum
2180 1778 2240 1815 in-

1189 1821 1353 1870 gluviem
1377 1824 1414 1859 &
1434 1823 1554 1861 sordes
1574 1825 1612 1862 &
1632 1825 1798 1873 inopiam
1834 1825 2007 1864 viderent
2031 1835 2239 1872 amatores,

1189 1884 1283 1920 quae
1311 1871 1412 1910 nosse
1439 1876 1567 1911 omnia
1596 1874 1699 1912 saluti
1728 1875 2005 1914 adolescentulis
2035 1876 2105 1914 effe
2140 1877 2241 1915 reete

1190 1923 1508 1962 censetParmeno
1530 1925 1802 1970 Terentianus,
1828 1928 1864 1963 in
1888 1927 2060 1965 Eunuch.
2085 1927 2170 1965 Ae.
2202 1941 2240 1967 v.

1189 1973 1245 2010 Sc.
1268 1986 1301 2020 4.
1328 1986 1439 2023 quare
1457 1984 1548 2023 puto
1566 1975 1640 2012 hoc
1659 1984 1895 2024 praeceptum
1914 1978 2088 2026 respicere
2119 1979 2238 2016 famem

1186 2023 1293 2068 licas,
1312 2025 1381 2062 vvel
1399 2037 1492 2074 quae
1510 2026 1650 2063 famem
1669 2027 1825 2064 tolerare
1846 2039 1894 2065 eo
1921 2028 2033 2077 usque
2060 2040 2135 2066 non
2157 2030 2255 2077 pos-2·

1190 2073 1293 2119 sunt,
1320 2074 1409 2113 dum
1432 2076 1528 2113 cibus
1551 2076 1669 2114 illatus
1691 2076 1825 2114 decore
1847 2078 1993 2116 mensae
2007 2107 2017 2123 ,
2044 2079 2082 2116 &
2106 2081 2240 2118 convi-

1192 2136 1260 2161 vae
1281 2137 1327 2162 ex
1343 2126 1473 2163 ordine
1501 2127 1748 2164 accubuerunt
1767 2155 1777 2171 ‚
1814 2127 1875 2166 sed
1905 2138 2146 2178 praecerpunt
2173 2130 2239 2166 da·

1192 2186 1277 2223 peS‚
1305 2185 1504 2225 antequam
1533 2177 1621 2214 alius
1648 2178 1728 2226 quis
1761 2178 1861 2216 cibos
1888 2180 2058 2228 attigerit.
2110 2179 2169 2216 sed
2196 2187 2238 2216 ut

1192 2237 1324 2264 verum
1363 2228 1473 2264 fatear
1495 2255 1505 2272 ,
1557 2227 1728 2265 nondum
1768 2240 1854 2266 vera
1888 2231 2086 2267 verborum
2117 2229 2230 2266 lectio

1190 2277 1285 2365 ¹mihi
1315 2285 1472 2326 apparet.
1525 2278 1564 2315 in
1592 2278 1739 2328 reliquis
1773 2280 1972 2318 Gronovio
2005 2278 2235 2318 accederem,

1208 2335 1310 2365 orte:

1241 2397 1339 2441 Saepe
1357 2391 1451 2429 domi
1468 2392 1645 2441 praestcme
1667 2392 1766 2440 dapes
1780 2420 1789 2437 ,
1817 2403 1861 2432 υ*
1879 2392 1988 2442 desine
2005 2392 2094 2429 citra

1290 2445 1413 2491 Qum
1433 2445 1541 2492 capis,
1569 2453 1612 2482 ω’
1627 2443 1745 2492 paullo
1764 2457 1870 2492 quam
1883 2453 1971 2492 potes
1983 2443 2072 2479 adde
2083 2442 2213 2480 minus.

1188 2506 1250 2544 De
1270 2518 1366 2544 voce
1386 2507 1474 2543 citra
1493 2506 1578 2544 vide
1597 2506 1643 2544 ad
1663 2506 1815 2554 Epiced.
1834 2507 1872 2543 in
1895 2505 2054 2544 Drusum
2078 2518 2135 2553 50.
2149 2504 2238 2543 Ad··

1189 2557 1231 2592 de
1251 2557 1299 2593 est
1319 2558 1357 2594 in
1369 2557 1554 2594 Voffiana.
1573 2556 1630 2592 ede
1647 2557 1686 2593 in
1704 2556 1826 2593 tribus.
1853 2557 1957 2604 saepe
1987 2564 2096 2594 antea
2125 2555 2233 2594 domi

1191 2607 1314 2645 cibum
1336 2619 1424 2655 cape
1448 2635 1458 2651 ‚
1487 2608 1525 2644 ὅ(
1547 2618 1669 2644 coram
1699 2614 1864 2643 amatore
1883 2606 2006 2643 define
2028 2606 2136 2644 edere
2168 2619 2236 2644 an·

1187 2666 1337 2707 tequam
1356 2658 1470 2695 satura
1488 2656 1552 2701 fis,
1580 2657 1618 2694 ὃς
1637 2656 1729 2694 adde
1759 2655 1844 2694 cibis
1864 2657 2101 2706 praesumptis
2132 2657 2235 2706 paul·

1184 2709 1224 2747 10
1246 2709 1387 2752 minus,
1415 2720 1527 2757 quam
1548 2715 1663 2755 potes.
1719 2708 1983 2746 Bunmwus.

1239 2761 1322 2805 760.
1351 2758 1471 2795 Oderit
1498 2769 1542 2798 (φ
1565 2758 1691 2807 dicet.]
1721 2758 1829 2795 Dicat
1853 2759 1990 2808 Regius
2016 2758 2055 2796 &
2082 2766 2153 2797 tres
2174 2758 2235 2798 alii

1188 2821 1233 2848 ex
1254 2810 1475 2847 melioribus.
1496 2808 1638 2846 reulus.
1667 2810 1880 2846 Hmmms.

1238 2861 1319 2905 762.
1348 2865 1440 2896 Cum
1461 2859 1593 2896 Veneris
1610 2868 1710 2908 puero
1742 2872 1809 2895 non
1836 2859 1927 2896 male
1948 2859 2077 2896 Bacche
2098 2858 2231 2908 facis.]

1186 2910 1275 2947 Hoc
1294 2909 1365 2953 est,
1402 2921 1479 2947 non
1499 2909 1674 2947 inutiliter
1694 2918 1756 2947 aut
1776 2910 2084 2947 inconvenienter
2099 2911 2234 2957 junge-

1183 2961 1228 2999 ris
1251 2972 1336 2998 cum
1356 2971 1497 2997 amore.
1524 2960 1695 2998 Dicimus
1714 2960 1816 2997 enim
1832 2988 1842 3004 ‚
1871 2960 1968 2996 Facit
1989 2974 2066 2996 cum
2089 2960 2153 2994 hac
2173 2972 2232 3001 re,

1181 3023 1249 3060 pro
1270 3023 1316 3048 eo
1337 3010 1440 3059 quod
1460 3011 1529 3055 est,
1558 3011 1647 3048 utile
1665 3011 1712 3048 el't
1733 3010 1777 3047 ad
1798 3011 1892 3048 hanc
1914 3023 1991 3048 rem
2005 3038 2014 3054 ,
2044 3009 2116 3046 sive
2141 3020 2232 3055 con-5

1181 3062 1283 3100 venit
1305 3071 1391 3098 cum
1411 3061 1479 3097 hac
1497 3073 1547 3098 re.
1601 3062 1826 3101 chruus.

1233 3113 1318 3160 763.
1346 3118 1416 3149 Hoc
1445 3124 1576 3162 quoque
1606 3125 1713 3162 quam
1737 3112 1872 3160 patiens
1902 3119 2000 3159 caput
2031 3107 2096 3154 est,
2127 3106 2229 3157 effa]

1184 3162 1329 3200 Merula
1346 3163 1500 3209 exponit
1518 3162 1721 3210 ellipticos,
1748 3174 1836 3209 pro:
1874 3167 1942 3195 Hoc
1971 3171 2100 3208 quoque
2127 3158 2232 3203 vide,

1186 3225 1291 3263 quam
1309 3212 1443 3260 patiens
1459 3221 1557 3261 caput
1578 3213 1630 3260 esl.
1667 3214 1748 3259 Ego
1769 3222 1858 3247 vero
1881 3209 2004 3246 malim
2021 3221 2028 3246 :

1238 3278 1309 3326 Hqc
1328 3284 1482 3322 quoque,
1505 3271 1577 3325 qud
1589 3271 1726 3321 patiens
1744 3278 1842 3318 caput
1862 3269 1917 3318 est.

1602 3334 1796 3383 vavv3
2180 3335 2238 3383 Ut
