2553 3676
2173 204 2277 276 795

379 302 1087 399 INCERTI
1198 307 2036 395 AUCTORts

688 502 1625 564 CONSOLATto

120 763 837 912 LIVIAM
993 636 2262 926 ΑὗῡυςΤΑΜ,

166 1168 733 1277 MORTE
821 1169 1334 1271 DRUsi
1436 1168 2232 1320 NERolel

770 1333 1625 1425 FILIIEJUS,

1031 1527 1319 1579 QUIIN

217 1685 991 1772 GERMANIA
1066 1681 1576 1764 MORBO
1647 1676 2144 1764 PERIIT.
2220 1763 2224 1766 ,

531 1884 603 1940 Isa
629 1884 723 1939 diu
748 1884 905 1947 felix,
944 1894 1115 1937 mater
1139 1881 1310 1937 modo
1338 1878 1478 1935 dieta
1501 1878 1814 1944 Neronum,

585 1957 706 2028 Jam
730 1957 826 2011 tibi
850 1956 1141 2012 dimidium
1164 1955 1396 2010 nominis
1422 1953 1575 2026 hujus
1604 1952 1761 2008 abest,
2129 2019 2249 2091 jam

153 2170 158 2174 ,
1200 2119 1230 2157 ti
1258 2118 1390 2157 sumus.
1444 2116 1563 2166 Quod
1594 2116 1696 2155 enim
1731 2112 1874 2152 Ovidio
1895 2112 1994 2151 hanc
2009 2108 2177 2159 Elegiam
2196 2114 2253 2150 at-‘

96 2165 203 2208 obitu
224 2172 463 2210 Maecenatis,
516 2174 756 2222 Quamquam
781 2172 881 2209 enim
907 2172 945 2209 in
972 2171 1032 2209 illa
1051 2171 1148 2209 mol·
1202 2170 1424 2213 tribuerint,
1461 2168 1614 2206 frustrati
1640 2167 1733 2205 sunt.
1786 2164 1891 2203 Nihil
1918 2163 2018 2200 enim
2036 2161 2251 2209 diffimiliusq

96 2215 172 2272 {em
203 2223 324 2259 virum
355 2223 614 2261 Maecenatem
652 2226 689 2259 ὃ(
719 2222 959 2267 ἀίῑείηέὶυηῑ,
991 2223 1066 2270 pari
1105 2233 1147 2259 ac
1204 2222 1446 2270 Quamquam
1467 2218 1710 2262 versiculum,
1739 2216 1804 2266 qui
1820 2215 1881 2253 hic
1901 2213 2044 2264 legitur.
2061 2211 2118 2256 fis.
2136 2210 2199 2259 46.

97 2269 170 2316 lpse
200 2273 293 2311 vixit
318 2272 465 2311 licentia
480 2301 490 2318 ,
527 2274 602 2311 hoc
625 2273 674 2311 est
707 2273 811 2311 molli
834 2284 877 2311 ac
899 2271 1048 2310 remiffo
1067 2273 1146 2310 stilo
1255 2271 1380 2309 Altius
1399 2281 1443 2310 <9¹
1462 2269 1563 2307 vitiis
1580 2267 1750 2318 exseruisse
1770 2274 1883 2316 caput.

97 2321 306 2378 prosecutus
326 2325 399 2367 est;
427 2325 487 2362 hic
499 2336 590 2361 vero
612 2325 816 2372 principem
848 2324 1065 2361 Matronam
1087 2335 1147 2361 ac·
1202 2322 1374 2361 Invenias
1394 2324 1433 2360 in
1456 2321 1561 2358 Fastis
1585 2333 1615 2359 1.
1633 2331 1719 2367 299.

98 2380 280 2409 curatiore
294 2401 305 2416 ,
338 2385 381 2411 ac
411 2376 579 2423 graviore
599 2375 747 2413 dicendi
765 2387 900 2422 genere
922 2374 1144 2424 alloquitur,
1253 2373 1380 2410 Altius
1401 2371 1566 2409 humanis
1588 2369 1758 2419 exseruisse
1784 2377 1896 2418 caput.

97 2432 176 2458 non
203 2430 330 2460 tamen
359 2425 397 2460 in
428 2425 600 2462 omnibus
625 2424 676 2461 sui
707 2425 883 2463 dissimilis
911 2424 972 2463 est.
1027 2425 1146 2474 Quod
1202 2424 1273 2462 Sed
1300 2425 1391 2461 haec
1420 2435 1497 2461 non
1530 2421 1742 2464 mirabitur,
1778 2419 1843 2468 qui
1865 2417 1929 2456 scit
1951 2415 1990 2455 8:
2008 2413 2246 2455 Tibullinum·

151 2118 274 2169 Hujus
292 2119 442 2170 Elegiae
460 2120 561 2159 idem
583 2119 727 2159 Aucstor
746 2149 757 2166 ‚
783 2121 849 2170 qui
878 2120 917 2158 &
935 2120 1079 2160 alterius
1101 2119 1148 2158 de

94 2472 198 2508 enim
219 2473 279 2510 hic
299 2473 448 2522 legitur:

150 2529 230 2559 Non
251 2524 388 2573 nocuisse
409 2524 496 2570 ulli,
514 2535 558 2565 <J
570 2526 756 2571 fhrtunam
777 2524 924 2573 habuisse
944 2525 1095 2564 nocendi.

98 2573 203 2622 Quid
224 2574 322 2612 aliud
344 2575 417 2618 est,
445 2588 557 2625 quam
578 2575 615 2612 id
629 2603 639 2618 ‚
668 2576 773 2625 quod
794 2576 843 2613 ibi
860 2574 1028 2613 dixerat?

151 2625 278 2661 Omnia
299 2639 408 2676 quum
429 2626 526 2676 poffes
548 2636 647 2662 tanto
668 2637 742 2664 tam
764 2639 862 2663 carus
878 2625 1013 2671 amico,

199 2680 243 2710 Te
255 2675 359 2724 senfit
377 2690 475 2714 nemo
495 2677 574 2726 posse
591 2690 703 2714 nocere
725 2688 854 2715 tamen.

97 2723 194 2763 Item
216 2725 319 2774 quod
341 2727 401 2764 hic
422 2728 466 2766 de
484 2729 668 2766 Fortuna:

153 2774 219 2812 Illa
237 2775 326 2824 rapit
337 2778 483 2825 juvenes
496 2807 506 2823 ,
526 2777 667 2826 sustulit
689 2778 752 2816 illa
762 2779 870 2827 senes.

95 2825 201 2864 Idem
224 2827 399 2865 extulerat
419 2829 463 2866 de
482 2837 622 2866 morte:

149 2875 218 2914 Illa
240 2877 330 2925 rapit
342 2879 487 2926 juvenes
499 2879 619 2929 prima
636 2878 776 2928 florerem
789 2881 966 2928 juventae

201 2933 282 2962 Non
301 2926 406 2964 oblita
425 2940 546 2966 tamen
561 2958 571 2975 ,
598 2941 642 2969 ω’
660 2931 751 2978 rapit
768 2930 830 2966 illa
841 2930 949 2979 senes.

97 2979 339 3026 Quamquam
370 2979 430 3015 hic
458 2992 523 3027 pro
535 2980 675 3028 sustulit
703 2981 854 3030 quidam
874 2991 1016 3019 veteres
1035 2978 1140 3017 codi-

99 3040 157 3066 ces
187 3031 322 3068 habent
342 3055 351 3070 ‚
382 3028 539 3076 sustine&
588 3031 745 3068 Videtur
778 3041 901 3069 autem
940 3032 1137 3068 Neronum

98 3083 158 3120 vel
191 3082 312 3130 potius
343 3079 546 3118 Drusorum
572 3080 731 3118 familiae
749 3083 858 3119 cliens
880 3081 981 3120 fuiffe
1002 3082 1046 3118 C.
1075 3082 1141 3118 Al-

100 3133 318 3170 binovanus.
371 3132 468 3168 Nam
493 3132 532 3168 &
559 3131 586 3167 is
613 3130 773 3178 ejusdem
803 3133 912 3170 Drusi
934 3133 1142 3180 navigatio-

99 3195 187 3221 nem
208 3183 243 3219 in
268 3182 424 3219 Oceano
446 3182 606 3219 carmine
625 3181 829 3231 conscripsit
853 3212 863 3226 ,
892 3185 993 3232 cujus
1012 3182 1143 3220 hodie-

99 3246 173 3281 que
194 3234 439 3281 fragmentum
463 3232 586 3270 exstat.
639 3231 786 3270 Deinde
807 3233 950 3271 Tiberii
974 3262 984 3277 ‚
1012 3233 1142 3270 Fratris

95 3283 210 3323 :Drusi
223 3311 234 3329 ‚
261 3294 388 3322 comes
406 3284 444 3322 ὃς
461 3283 572 3322 scriba
590 3282 683 3327 fuit,
711 3290 751 3320 ut
773 3294 818 3321 ex
830 3284 992 3323 Horat-io
1010 3283 1143 3322 odora-

1199 2474 1418 2513 verficulum
1440 2474 1477 2510 in
1497 2472 1640 2510 Ovidio
1663 2469 1857 2518 repperiri:

1252 2530 1344 2561 Cum
1367 2523 1483 2560 cecidit
1496 2523 1576 2569 sato
1597 2520 1724 2567 Consul
1746 2530 1888 2569 uterque
1903 2517 1993 2568 pari.

1199 2574 1249 2612 Et
1272 2575 1386 2611 multa
1404 2573 1499 2611 talia.
1546 2574 1672 2620 Quare
1695 2582 1811 2620 quum
1839 2571 1933 2607 hanc
1953 2569 2175 2618 opinionem
2197 2578 2245 2607 ex

1196 2624 1396 2662 hominum
1408 2631 1534 2661 mente
1555 2621 1820 2664 sustulerimus,
1843 2618 2096 2669 extorquenda
2117 2620 2156 2656 δε
2174 2618 2244 2657 alia

1197 2686 1349 2723 quoque
1372 2676 1436 2719 iis,
1472 2674 1535 2722 qui
1553 2680 1681 2721 putant
1699 2672 1789 2709 haec
1806 2671 1932 2718 scripta
1951 2667 2021 2707 effe
2049 2669 2095 2707 de
2120 2677 2246 2708 morte

1197 2725 1307 2763 Drusi
1335 2725 1434 2774 ejus,
1471 2724 1534 2773 qui
1564 2724 1602 2761 in
1633 2722 1830 2760 Germania
1856 2721 1983 2768 periit,
2011 2719 2087 2757 filii*
2141 2721 2243 2758 Nam

1195 2787 1313 2825 quum
1343 2776 1451 2813 Livia
1478 2774 1655 2812 convenit
1681 2774 1718 2810 in
1744 2783 1899 2810 manum
1924 2770 2045 2808 mariti
2062 2769 2245 2819 Augusti,

1190 2834 1319 2874 erepta
1351 2826 1462 2874 priori
1493 2826 1575 2863 viro
1605 2823 1761 2861 Tiberio
1801 2822 1978 2866 Neroni,
2016 2832 2092 2858 non
2120 2820 2241 2858 multo

1195 2877 1275 2925 post
1293 2888 1380 2914 eum
1400 2877 1506 2914 enixa
1518 2875 1565 2912 est
1579 2874 1677 2924 ,jain
1702 2872 1849 2923 gravida
1869 2884 1914 2910 ex
1933 2872 2053 2920 priore
2064 2872 2144 2908 viro
2161 2898 2171 2914 ,
2191 2882 2237 2908 ex

1196 2939 1273 2976 quo
1296 2928 1334 2964 δε
1360 2936 1443 2964 ante
1467 2926 1662 2964 Tiberium
1692 2924 1889 2963 Claudium
1909 2923 2101 2960 Neronem
2124 2948 2134 2964 ,
2173 2922 2241 2968 qui

1195 2978 1318 3027 postea
1349 2989 1470 3014 rerum
1504 2977 1642 3025 potitus
1668 2975 1741 3019 est,
1778 2975 1901 3024 primo
1924 2980 2025 3021 partu
2055 2970 2240 3008 ediderat:

1194 3028 1317 3077 postea
1335 3029 1372 3066 in
1393 3028 1511 3065 domo
1533 3025 1688 3075 Augusti
1705 3026 1805 3063 hunc
1818 3024 1974 3062 Drusum
1992 3020 2243 3069 ,nullapostea

1195 3078 1332 3117 sobole.
1386 3078 1445 3116 Est
1470 3089 1558 3126 ergo
1589 3078 1616 3115 is
1646 3076 1801 3120 Drusus,
1837 3076 1944 3112 frater
1974 3070 2142 3114 Tiberii,
2172 3073 2237 3120 qui

1197 3130 1345 3178 postea,
1367 3136 1409 3167 ut
1436 3128 1533 3173 dixi,
1561 3139 1679 3165 rerum
1706 3127 1841 3176 potitus
1871 3123 1929 3160 est.
1982 3121 2016 3177 ts
2041 3133 2125 3159 cum
2158 3121 2241 3169 post

1198 3188 1337 3228 partam
1366 3179 1411 3216 de
1441 3179 1567 3217 Suevis
1599 3190 1640 3215 ac
1659 3175 1849 3215 Sicambris
1876 3172 2071 3210 weronam
2096 3172 2236 3210 Consul

1195 3229 1317 3267 absens
1334 3229 1449 3266 faetus
1472 3228 1579 3273 esset,
1608 3237 1729 3264 morte
1752 3232 1992 3273 praeventus,
2018 3234 2088 3260 nec
2106 3223 2238 3260 trium-

1197 3280 1312 3329 phum
1332 3291 1402 3319 nec
1426 3280 1612 3319 honorem
1640 3278 1730 3313 inire
1758 3275 1893 3323 potuit.
1918 3273 2003 3313 vide
2032 3273 2238 3324 Epitornen

1603 3325 1780 3366 thhh
1808 3337 1829 3363 2.
2141 3324 2244 3363 Livii-
