2553 3676
662 182 1319 245 HEROIDES.

1394 208 1425 245 E
1463 211 1506 246 P.
1581 214 1659 252 lv.

2139 206 2208 271 '53‘

372 288 448 344 Ut
476 281 644 339 tenuit
668 280 859 335 domus
882 297 984 334 una
1008 280 1172 344 duos,
1210 281 1402 335 domus
1426 300 1529 337 una
1553 287 1769 342 tenebit.

445 355 633 411 Oscula
656 360 834 425 aperta
855 352 1040 416 dabaS‚
1079 353 1254 406 oscula
1277 366 1456 425 aperta
1481 355 1641 411 dabis,

234 453 329 504 145
366 431 540 486 Tutus
567 425 667 479 eris
690 443 931 488 mecum,
969 424 1289 498 laudemque
1314 427 1590 482 merebere
1616 430 1798 502 culpa3

440 499 535 552 Tu
561 498 684 551 licet
708 498 763 550 in
785 496 922 550 leeto
946 497 1269 568 conspiciare
1292 515 1431 552 meo.

370 572 532 628 Tolle
554 587 726 622 moras
752 582 984 632 tantum,
1021 582 1408 642 properataque
1434 569 1653 624 foedera
1674 572 1850 644 junge.

442 642 553 714 Qui
577 640 707 694 mihi
730 659 871 695 nunc
896 642 1086 704 saevit,
1124 640 1192 695 fic
1220 641 1315 695 tibi
1339 656 1517 713 parcat
1539 644 1728 696 Amor.

363 717 490 771 Non
516 720 619 785 e'go
646 712 912 784 dedignor
939 713 1158 785 supplex
1182 714 1498 787 humilisque
1522 715 1742 795 precari.

228 810 324 860 150

432 786 588 841 Heu!
630 784 721 839 ubi
749 803 890 840 nunc
916 786 1098 849 fastuS‚
1137 787 1344 859 altaque
1369 787 1554 850 verba,
1589 787 1797 857 jacent?

365 860 438 916 Et
463 875 696 931 pugnare
721 857 842 921 diu,
879 876 978 911 nec
1005 876 1091 911 me
1114 858 1422 912 submittere
1450 860 1634 930 culpae

438 932 602 986 Certa
624 929 726 983 fui:
767 931 902 984 certi
926 929 963 983 fi
987 930 1119 1003 quid
1144 930 1362 984 haberet
1386 932 1576 985 Amor.

365 1003 521 1061 Vitta
544 1018 763 1074 precor,
802 1002 1131 1075 genibusque
1156 1003 1259 1056 tuis
1283 1004 1473 1073 regalia
1498 1003 1665 1056 tendo

434 1074 670 1132 Brachia.
712 1075 843 1149 quid
868 1075 1082 1140 deceat,
1119 1092 1230 1129 non
1251 1075 1400 1130 videt
1426 1075 1559 1130 ullus
1584 1091 1773 1130 amans,

70 1295 127 1326 tus
147 1298 217 1324 xxx.
240 1283 367 1323 Annal.
381 1284 458 1330 4.in
480 1281 711 1331 praecedenti
732 1279 834 1318 versu
853 1279 942 1318 illud
959 1279 1100 1328 epithe-

68 1346 135 1376 ton
158 1337 236 1373 duri
264 1331 532 1384 adprehendiffe
559 1333 717 1370 librarios
741 1338 831 1379 puto
846 1358 856 1374 ‚
883 1339 923 1368 ut
944 1331 1097 1367 obvium

71 1389 110 1427 in
134 1389 200 1425 hac
224 1398 261 1424 re
276 1414 286 1431 ,
312 1384 371 1422 sed
389 1385 449 1421 hic
466 1383 621 1420 minime
637 1379 875 1419 necessarium
890 1408 900 1424 ,
930 1392 1014 1418 curn
1035 1393 1100 1417 ne-

69 1448 142 1486 que
163 1436 283 1484 custodi
305 1434 454 1472 addatur
473 1433 673 1481 epitheton.
695 1433 732 1469 in
744 1431 843 1478 Junii
859 1430 988 1468 codice
1004 1440 1097 1469 erat:

120 1493 201 1525 Non
220 1485 284 1522 tibi
296 1494 355 1535 per
375 1482 529 1522 tenebras
545 1481 687 1519 dabitur
704 1481 885 1531 reseranda
901 1481 1025 1519 mariti

170 1537 310 1583 Janua.

67 1587 281 1637 Eleganter,
308 1594 348 1622 ut
366 1592 470 1633 puto.
488 1584 568 1621 infr.
588 1596 666 1621 xvx.
692 1595 747 1631 15.

423 1640 493 1670 Nos
512 1632 671 1669 dabimus
689 1632 778 1682 quod
792 1645 896 1670 ames.

138 1699 173 1723 v.
192 1699 277 1724 20⁷.

68 1687 202 1773 EtNon
228 1710 388 1772 dabimus
415 1743 499 1771 certe
520 1732 674 1782 fhcerum
703 1730 767 1767 tibi
794 1731 888 1766 clara
917 1732 1102 1779 fugantem

269 1785 434 1821 Lumina.
733 1781 991 1818 BuRMANNus.

121 1847 200 1883 147.
227 1842 474 1884 Properataque
489 1830 669 1879 foedera]
700 1831 742 1867 In
773 1831 984 1868 membrana
1010 1832 1102 1870 Scri·

67 1887 157 1924 verii
188 1888 226 1924 &
257 1897 340 1922 mea
365 1892 460 1927 erat,
479 1882 677 1931 fhciataque
692 1880 831 1926 foedera
846 1892 913 1928 pro
934 1882 1030 1919 varia
1048 1883 1101 1919 le-

67 1937 190 1975 <stione
204 1965 214 1981 ‚
241 1935 343 1985 quod
365 1946 441 1971 non
464 1932 513 1969 est
540 1929 857 1969 contemnendum
875 1958 885 1974 ‚
914 1930 961 1968 fic
971 1931 1102 1979 fficiare

68 1987 194 2024 cubilia
214 1987 280 2035 Ep.
299 1998 360 2022 ω.
388 1985 426 2021 &
447 1982 596 2020 similia:
627 1981 669 2018 In
689 1980 946 2018 Barbariniano
968 1983 1006 2018 &
1031 1983 1099 2020 Ba-

65 2036 203 2075 iileenfi
217 2036 343 2074 codice
365 2042 452 2079 erat,
457 2042 700 2083 properataque
711 2031 841 2080 gaudia
853 2046 865 2075 ;
877 2032 973 2069 forte
993 2032 1098 2072 bene.

69 2087 150 2125 Art.
169 2089 256 2125 Am.
274 2099 321 2124 11.
338 2085 422 2133 481.

383 2141 475 2172 Cum
495 2148 559 2184 quo
571 2133 638 2184 sua
650 2132 782 2182 gaudia
794 2134 923 2182 jungas

121 2186 260 2228 Invenit
278 2186 315 2224 in
335 2187 459 2224 media.
763 2184 971 2222 Hismsxus.

66 2238 157 2277 Non
177 2239 292 2286 placet
302 2238 445 2286 sociata.
463 2235 566 2285 quod
582 2234 741 2273 librarius
761 2233 924 2282 repetiffe
944 2246 988 2271 ex
1007 2247 1099 2273 vers.

71 2299 126 2335 17.
157 2288 309 2325 videtur.
343 2294 525 2337 Properata
559 2287 660 2323 enim
687 2285 767 2322 vult
791 2285 851 2321 Vel
871 2285 1011 2331 foedera
1038 2287 1099 2324 Vel

63 2338 191 2386 gaudia
205 2339 333 2387 jungi,
351 2339 435 2387 quia
457 2336 642 2374 metuebat
669 2335 806 2373 Thesei
830 2335 987 2372 reditum
1001 2363 1010 2380 ,
1033 2338 1098 2386 qui

65 2400 163 2426 nunc
192 2396 359 2436 ternpore
389 2388 509 2425 absens
530 2416 540 2431 ,
576 2386 891 2435 opportunitatem
921 2385 1026 2423 dabat
1053 2388 1098 2425 ad

64 2446 146 2476 tuto
165 2439 387 2476 coeundum.
414 2438 439 2475 fi
457 2438 546 2487 quid
567 2436 785 2474 mutandum
799 2436 965 2479 ,mallem
981 2437 1098 2485 spera-

66 2497 169 2538 taque
184 2489 310 2536 gaudia
321 2490 435 2537 junge.
463 2490 500 2526 in
520 2488 745 2524 Scriveriano
768 2495 842 2524 erat
862 2487 971 2533 etium
985 2514 996 2532 ‚
1010 2488 1099 2525 Tolle

66 2551 200 2582 moras,
227 2552 291 2577 oro.
319 2540 579 2576 Rumpimus.

123 2601 202 2636 150.
228 2594 302 2625 Heu
330 2589 387 2625 ubi
412 2602 502 2625 nunc
518 2587 630 2634 fastus
655 2587 796 2637 altaque
820 2586 926 2623 verba
937 2588 1093 2638 jacent.]

68 2637 130 2674 Ubi
158 2652 247 2675 nunc
265 2638 389 2689 flatnit
413 2639 586 2676 mendose
604 2638 692 2675 alter
710 2638 861 2675 Moreti.
898 2638 968 2675 Sed
983 2638 1096 2688 flatus

69 2687 161 2724 forte
179 2689 443 2737 reponendum.
463 2689 560 2725 Vide
582 2700 675 2736 quae
694 2688 821 2725 notavi
843 2687 887 2725 ad
907 2689 1038 2726 librum
1064 2702 1094 2727 1.

71 2736 166 2774 Artis
187 2739 273 2776 Am.
299 2751 380 2786 715.
407 2740 521 2776 Porro
548 2739 629 2775 libri
653 2739 821 2776 nonnulli
842 2766 852 2782 ,
890 2745 965 2774 Heu
993 2740 1092 2778 mihi.

74 2783 244 2836 Excerpta
263 2790 410 2827 Puteani
425 2818 435 2833 ,
455 2789 516 2825 Hei
538 2788 650 2824 mihi!
672 2798 711 2826 ut
729 2789 857 2836 opiner
871 2788 1090 2836 legendum:

125 2836 184 2890 Hei
200 2838 308 2874 mihi!
336 2853 441 2890 quam
449 2839 561 2886 fastus
574 2866 584 2883 ,
599 2839 742 2888 altaque
759 2837 865 2875 verba
873 2839 1005 2886 jacent.

72 2884 127 2921 Ut
145 2885 248 2932 Epist.
267 2901 335 2926 xxi.
357 2902 414 2938 53.

121 2942 239 2987 Qum
255 2943 315 2979 tibi
335 2958 422 2982 nunc
437 2946 528 2995 longe
544 2960 683 2996 regnum
702 2946 814 2983 dotale
833 2946 988 2994 Creufize.

67 2990 267 3077 &seletlizhm
285 2993 357 3030 hoc
373 2996 486 3033 modo
509 3025 519 3041 ‚
556 3007 595 3036 ut
613 2998 779 3046 vulgatae
797 2997 964 3036 leettonts
985 2999 1090 3039 vesti-

67 3051 132 3090 gns
150 3053 211 3076 mi
244 3053 365 3079 arnus:

120 3108 221 3139 Heu!
250 3103 308 3140 ubi
327 3119 416 3141 nunc
425 3093 533 3153 fastus
550 3111 690 3161 altaque
710 3111 816 3149 verba
826 3113 958 3162 jacent.

68 3163 131 3214 Ubi
148 3178 259 3212 nunc,
286 3178 327 3206 ut
348 3169 501 3218 Epistola
519 3185 589 3211 ΧΠ.
609 3188 644 3213 v.
669 3189 750 3226 103.

116 3227 219 3281 ‚Degis
234 3239 303 3282 opes
317 3231 376 3271 ubi
395 3243 511 3276 nunc?
538 3234 595 3274 ubi
613 3249 701 3278 nunc
718 3240 781 3280 tibi
797 3242 886 3293 regia
906 3243 1054 3295 conjux?

1972 1194 1975 1197 .
2012 1147 2199 1221 Depu-'

1155 1281 1365 1330 Quomodo
1386 1281 1423 1321 ὃς
1442 1282 1514 1321 illic
1530 1278 1738 1330 scripserim.
1757 1279 1852 1318 Met.
1870 1291 1962 1318 xm.

1206 1359 1302 1367 —
1316 1347 1378 1384 Ubi
1397 1361 1490 1384 nunc
1498 1345 1678 1394 facundus
1698 1343 1842 1393 Ulysses?

1155 1410 1238 1448 Val.
1256 1411 1402 1450 Flaccus
1421 1412 1481 1450 lib.
1503 1425 1556 1449 ιν.
1579 1411 1661 1459 ς69.

1209 1477 1284 1507 Heu
1299 1470 1357 1508 ubi
1374 1484 1467 1507 nunc
1483 1471 1576 1519 regni
1590 1468 1785 1520 generisque
1801 1468 1859 1507 ubi
1873 1469 1981 1519 gloria
1994 1478 2010 1508 ,Ρ

1156 1533 1258 1571 Male
1287 1535 1326 1572 in
1355 1535 1508 1585 vulgatis
1528 1535 1623 1574 libris
1654 1541 1684 1571 Ο
1714 1533 1784 1571 ubi.
1811 1533 2033 1583 Claudianus
2052 1533 2114 1572 lib.
2137 1546 2197 1572 111

1157 1584 1314 1632 Raptus:

1210 1642 1283 1670 Heu
1299 1634 1358 1671 ubi
1375 1649 1466 1672 nunc
1479 1664 1490 1680 ‚
1517 1635 1577 1672 ubi
1591 1664 1600 1680 ‚
1630 1645 1716 1671 nata
1729 1663 1739 1679 ,
1767 1634 1857 1671 mihi
1877 1644 1933 1672 es?

1156 1681 1376 1722 Petronius:
1407 1698 1484 1733 cap.
1520 1698 1599 1733 115.
1627 1684 1688 1720 Ubi
1721 1698 1812 1720 nunc
1838 1684 1901 1731 est,
1929 1684 2097 1734 inquam,
2125 1684 2199 1720 ira·

1157 1734 1285 1770 cundia
1304 1745 1367 1771 tua
1389 1745 1404 1773 ,θ
1438 1735 1497 1772 ubi
1513 1734 1712 1785 impotentia
1733 1744 1795 1770 tua
1813 1744 1827 1772 ?
1856 1735 1987 1772 Noster
2009 1736 2088 1772 Art.
2107 1736 2197 1772 Am.

1154 1783 1216 1819 lib.
1241 1796 1271 1821 1.
1293 1796 1378 1833 703.

1207 1833 1263 1870 Vis
1280 1834 1339 1871 ubi
1358 1848 1451 1871 nunc
1469 1834 1533 1872 illa
1550 1834 1618 1883 est?

1156 1882 1246 1921 Fast.
1263 1897 1329 1922 111.
1346 1885 1429 1932 484.

1156 1939 1304 2021 ΙΑἶ-Ιειι]
1332 1935 1391 1973 ubi
1407 1937 1510 1986 pae‘Za
1519 1935 1636 1983 fides?
1661 1933 1720 1973 ubi
1737 1947 1824 1987 quae
1834 1935 1957 1984 jurare
1969 1933 2098 1985 fhlebas
2110 1943 2127 1972 ?

1192 1997 1202 2021 1
1231 2014 1239 2021 .
1263 1998 1300 2023 v.

1206 2041 1306 2073 Heu!
1335 2036 1394 2074 ubi
1411 2043 1514 2075 Mars
1523 2047 1623 2088 pater
1641 2037 1684 2085 est
1695 2046 1712 2076 ἓ

1153 2083 1316 2134 Propert.
1336 2101 1389 2126 xv.
1408 2088 1509 2137 Eleg.
1532 2100 1565 2138 3.

1203 2143 1297 2173 Haec
1323 2151 1365 2174 ne
1393 2141 1526 2175 marita
1541 2138 1630 2187 fides
1650 2148 1665 2177 ,ἓ
1694 2140 1814 2189 Ραέῖαε
1834 2138 1899 2176 heu
1920 2138 1981 2187 ubi
1996 2152 2088 2176 nunc
2105 2139 2194 2177 mihi

1381 2192 1514 2226 nofies?

1254 2244 1347 2274 Cum
1365 2239 1464 2275 rudis
1481 2239 1616 2288 urgenti
1634 2239 1776 2276 brachia
1798 2239 1893 2276 vista
1912 2239 2003 2277 dedi.

1154 2288 1212 2325 Sic
1239 2288 1353 2325 scribo
1377 2302 1421 2326 ex
1451 2290 1604 2339 vestigiis
1630 2300 1798 2328 veterum
1831 2290 2014 2328 codicum.
2043 2289 2193 2337 Neap04

1151 2339 1282 2376 litanus
1305 2339 1462 2378 vetustus
1476 2370 1486 2386 ,
1501 2352 1544 2380 Ψ
1563 2350 1663 2389 parce
1680 2341 1767 2377 avia
1788 2340 1877 2376 mihi
1895 2343 2013 2376 nostes.
2036 2340 2110 2382 alii,
2127 2340 2192 2375 hae

1154 2403 1247 2426 nunc
1258 2392 1380 2438 pafffae
1397 2391 1486 2427 mihi
1505 2394 1626 2435 nostes,
1639 2392 1768 2435 vel,e9⁴
1780 2393 1901 2440 pastae
1912 2390 1998 2438 sunt
2019 2389 2105 2424 mihi
2129 2402 2191 2424 no-

1152 2443 1229 2478 Hes.
1266 2441 1350 2486 vel,
1373 2453 1415 2481 (φ
1439 2444 1560 2491 pastae
1580 2442 1659 2490 jam
1689 2441 1789 2478 mihi.
1844 2441 1973 2477 Statius
2006 2438 2188 2477 Thebaid.

1151 2503 1204 2528 lx.
1259 2491 1279 2528 8
1310 2521 1316 2527 .

1200 2503 1276 2578 He32u
1288 2505 1351 2577 {abi
1360 2542 1482 2590 fidere}
1502 2541 1649 2579 vultus?
1677 2540 1735 2577 ubi
1753 2539 1857 2577 verba
1880 2538 1995 2587 ligatis

1204 2593 1400 2640 Imperfefft‘a
1412 2592 1533 2640 fhnis?

1150 2641 1226 2678 Ubi
1251 2649 1339 2678 Heus
1360 2643 1472 2690 vulgo
1494 2653 1681 2690 perperam
1700 2639 1880 2677 scribitur:

1198 2698 1274 2729 Heu
1311 2691 1369 2729 ubi
1406 2706 1490 2728 nam
1527 2692 1583 2729 ille
1608 2692 1771 2740 frequens
1803 2689 1900 2726 modo
1937 2688 2026 2726 circa
2061 2687 2187 2727 limina

1377 2743 1502 2780 matris

1196 2792 1366 2830 Ambitus
1379 2803 1392 2832 ἓ

1147 2843 1194 2880 Et
1212 2843 1272 2881 lib.
1296 2856 1333 2880 v.

1197 2900 1270 2929 Heu
1288 2893 1347 2930 ubi
1364 2893 1610 2941 fauncsuriae?

1146 2942 1194 2981 Et
1212 2943 1271 2981 lib.
1290 2956 1367 2984 vm

1203 3001 1273 3030 Heu
1292 2994 1350 3030 ubi
1371 2994 1532 3044 laurigeri
1550 3002 1695 3032 currus?
1714 3028 1717 3030 ,
1744 2991 1751 2995 “

1146 3043 1283 3093 Sylvar.
1303 3045 1362 3082 lib.
1383 3058 1449 3083 111.

1198 3101 1272 3131 Heu
1292 3094 1350 3131 ubi
1367 3106 1447 3132 nota
1460 3095 1574 3143 fides?

1147 3145 1278 3183 Noster
1298 3147 1428 3183 Amor.
1450 3160 1510 3183 111.
1532 3145 1585 3183 121.
1604 3158 1681 3182 vm
1715 3154 1754 3184 ut
1776 3145 1855 3184 libri
1876 3144 2066 3183 meliores:
2235 3185 2239 3190 .

1198 3203 1293 3240 Heu,
1321 3196 1379 3232 ubi
1399 3196 1560 3234 mollities
1570 3197 1709 3245 perfloris
1726 3197 1788 3232 illa
1810 3197 1862 3232 tui
1883 3196 1949 3242 est?
2036 3192 2181 3230 HEthss

1144 3245 1253 3296 Epist.
1280 3258 1331 3285 vr.
1360 3258 1419 3295 41,
1450 3254 1526 3289 Heu
1545 3248 1603 3285 ubi
1623 3249 1727 3297 pasta
1748 3248 1858 3293 fides?
1886 3244 1943 3282 ubi
1962 3242 2181 3299 connubialia

1665 3298 1698 3334 G
1730 3307 1745 3343 3
2073 3300 2185 3342 jum?
