2553 3676
568 190 1224 256 HEROIDES.

346 293 586 351 Scribere
607 290 756 360 plura
778 287 934 342 libet:
973 288 1065 343 sed

1301 212 1332 250 E
1368 212 1414 249 Ρ.
1487 211 1584 252 XV·

2089 218 2183 271 195

1088 289 1330 361 pondere
1353 288 1471 345 lassa
1493 302 1713 348 catenae

412 363 505 419 Est
529 378 746 424 manus;
789 361 845 415 &
871 361 1010 416 vires
1035 362 1292 418 subtrahit
1315 363 1424 447 ipse
1450 363 1628 419 timor.

5 484 6 488 ’
54 483 137 524 Stat.
155 480 277 520 Theb.
295 491 383 517 vm.
400 488 484 524 270.

101 533 329 581 Infiriptaqus
347 535 441 566 Deus
460 526 521 579 qui
537 526 685 577 navigat
701 526 796 567 alno.

53 583 134 624 Lib.
160 595 188 620 1.
210 582 307 631 Sylv.
326 592 388 617 111.
407 591 443 628 9.
942 631 944 633 ‚

102 633 178 681 Visa
195 644 304 668 manu
321 630 436 667 tenera
455 630 583 666 testum
597 627 753 680 firipfiffi
773 629 946 680 voluptas.

50 683 136 723 Vid.
163 683 317 719 Bernart.
347 682 385 718 &
414 680 582 718 Gronov.
611 680 657 719 ad
682 681 768 718 Stat.
786 682 904 719 Diatr.
925 691 1004 730 cap.
1023 691 1085 726 42.

6 763 7 773 1
52 736 91 774 &
119 732 267 771 Elench.
303 730 561 770 Antidiatribes
593 743 675 781 pag.
703 731 763 770 68.
791 731 853 770 lib.
887 744 952 771 111.
983 731 1084 781 Sylv.

57 797 323 889 :lanaque-tot
335 831 459 882 scripto
478 832 639 870 viventes
657 832 789 870 lumine
808 846 899 871 ceras

147 884 278 930 Fixtstz.

6 963 7 969 1
50 935 125 975 Hic
143 934 289 985 quidam
311 933 455 971 codices
475 933 550 983 ciffa
564 934 682 979 ‚unde
702 935 741 973 &
763 934 856 985 caesa
872 933 987 986 posset
1001 933 1085 985 legi.

6 986 7 990 ¹
50 986 156 1027 Trist.
179 998 239 1023 111.
262 984 314 1021 El.
335 997 397 1022 111.
419 996 476 1031 72.
498 986 612 1023 Catal.
629 986 722 1023 Pith.
739 997 774 1034 p.
796 999 876 1024 101.

91 1039 203 1087 Qem
219 1045 311 1072 tenet
327 1033 382 1072 hic
399 1034 528 1073 humili
544 1048 714 1074 marmore
733 1038 826 1087 caesa
848 1037 981 1077 domus.

52 1088 100 1128 Et
118 1100 196 1137 pag.
218 1098 296 1134 114.
465 1117 468 1119 Α

100 1138 247 1186 Incisum
264 1150 307 1178 εν*
325 1138 410 1175 duro
426 1151 548 1176 nomen
568 1138 632 1176 erit
649 1138 768 1190 lapidi.

47 1189 183 1229 Auson.
196 1189 363 1238 Epitaph.
380 1189 565 1228 Heroum.
576 1202 635 1228 xx.
648 1191 798 1229 Incidere
812 1190 959 1230 titulum
972 1190 1085 1242 sepul-

49 1241 135 1278 chro.
155 1241 287 1277 Horat.
305 1253 357 1278 1v.
379 1240 453 1278 Od.
479 1241 513 1278 8.

100 1298 178 1327 Non
196 1291 300 1340 incisa
321 1291 411 1328 notis
432 1305 610 1328 marmora
622 1292 779 1342 publicis.

47 1342 252 1383 Hsmsws.
278 1342 408 1393 Scripta
431 1343 591 1392 probum
617 1344 666 1383 est
683 1372 695 1390 ,
730 1346 780 1383 ita
806 1344 959 1384 Sueton.
982 1344 1085 1384 Caes.

1138 476 1197 515 86.
1225 476 1379 514 Solidam
1403 476 1602 514 columnam
1624 487 1719 530 prope
1744 491 1805 519 xx.
1828 480 1955 531 pedum
1966 480 2088 532 lapidis
2101 487 2182 519 Nu-

1138 527 1259 566 midici
1282 528 1321 566 in
1341 529 1420 574 fhro
1439 527 1567 575 statuit
1588 556 1599 573 ,
1628 529 1825 582 scripsitque
1849 537 2021 569 PAREN
2027 539 2071 569 ΓΙ
2094 539 2184 569 PA-

1138 584 1300 617 TRIAE.
1334 578 1383 617 fic
1410 578 1672 627 imagunculam
1702 593 1835 618 aeream
1873 582 1932 619 hoc
1964 583 2097 619 nomine
2126 584 2183 619 in-

1129 628 1301 678 scriptam
1327 629 1419 668 dixit
1446 629 1546 668 idem
1574 630 1672 680 Aug.
1703 642 1736 677 7.
1763 632 1812 668 ita
1841 632 1995 671 Isidorus
2016 647 2095 671 xvx.
2126 645 2184 680 17.

1138 685 1312 718 Saturnus
1329 679 1464 730 signari
1486 694 1645 718 nummos
1672 692 1715 721 ω’
1729 680 1835 730 scribi
1856 683 2050 729 constituit,
2079 684 2183 733 quod

1138 742 1187 768 ex
1208 733 1417 782 antiquiore
1439 731 1590 771 auetore
1608 732 1807 780 repetitum
1826 732 1938 769 credit
1955 734 2116 771 Barthius
2138 734 2184 772 ad

1141 782 1226 820 Stat.
1258 795 1313 821 11.
1348 783 1473 821 Theb.
1500 795 1585 830 277.
1623 783 1671 820 fic
1701 783 1830 832 Nepos
1859 782 2060 836 Alcibiade.
2097 796 2184 822 cum

1140 844 1216 883 cap.
1237 846 1310 872 vn.
1329 833 1492 878 dixisset,
1521 834 1768 871 devotionem
1790 832 1937 882 incisam
1960 832 2029 869 elle
2046 837 2082 870 in
2103 834 2186 882 pila.

1141 896 1217 934 cap.
1240 885 1274 922 6.
1295 885 1383 923 dicit
1404 885 1572 934 scriptam
1598 882 1714 922 fuiffe.
1742 884 1889 922 Curtius
1915 883 1975 921 lib.
1996 897 2032 920 x.
2053 896 2128 931 cap.
2154 896 2186 921 1.

1142 941 1186 972 In
1213 936 1322 972 medio
1338 938 1413 983 fere
1440 949 1573 973 nemore
1600 935 1798 973 columnam
1827 934 1973 971 eminere
1996 962 2006 978 ‚
2041 933 2188 981 Erythri

1142 987 1226 1034 regis
1256 996 1521 1024 monumentum
1541 1015 1552 1031 ‚
1591 985 1701 1023 literis
1734 987 1806 1035 ejus
1838 985 1951 1033 gentis
1975 983 2189 1033 inscriptam.

1139 1037 1189 1075 ita
1214 1038 1252 1074 ὃς
1273 1038 1336 1076 lib.
1356 1051 1420 1077 ω.
1444 1037 1554 1076 Trist.
1572 1049 1636 1075 111.
1656 1048 1714 1083 72.
1732 1035 1883 1086 quidam
1906 1035 2072 1073 codices:

1194 1088 1394 1126 Grandibus
1415 1088 1453 1126 in
1475 1088 1608 1125 tumuli
1626 1100 1797 1125 marmore
1808 1085 1919 1136 scribe
1941 1086 2041 1124 notis.

1141 1138 1231 1177 Vid.
1254 1140 1380 1178 Heius.
1402 1139 1447 1178 ad
1467 1139 1597 1178 Claud.
1621 1152 1666 1178 11.
1690 1140 1727 1177 in
1740 1138 1865 1177 Rufin.
1887 1136 2188 1188 342.Utebantur

1140 1198 1267 1229 autem
1289 1199 1430 1229 veteres
1454 1192 1566 1229 etiam
1593 1191 1668 1229 hoc
1688 1189 1873 1228 vocabulo
1894 1188 1940 1226 de
1960 1187 2121 1237 pictura,
2149 1188 2190 1224 δε

1139 1241 1328 1290 sculptura.
1363 1250 1405 1281 ut
1444 1243 1515 1281 viri
1549 1239 1651 1281 docti
1680 1243 1759 1291 jam
1791 1240 1937 1279 abunde
1970 1238 2192 1287 docuerunt,

1138 1291 1408 1331 Bummuus.

1193 1355 1276 1393 129.
1304 1342 1509 1394 iniquum]
1539 1342 1628 1382 Vid.
1645 1355 1699 1383 vx.
1718 1342 1808 1383 Fast.
1825 1341 1914 1392 607,

569 1460 1344 1533 EP1sToLA
1488 1434 1757 1534 Xw'

522 1604 1058 1660 SAPPHO

1169 1603 1726 1661 PHAONI.

335 1740 659 1875 ECquid‚
698 1752 757 1793 ut
783 1738 1011 1812 inspedla
1034 1739 1108 1793 est
1135 1739 1394 1795 studiosae
1417 1742 1568 1796 litera
1597 1744 1852 1804 dextrae,

521 1812 773 1865 Protinus
797 1813 873 1866 est
896 1813 1061 1866 oculis
1085 1813 1302 1886 cognita
1325 1813 1501 1869 nostra
1527 1815 1663 1869 tuis?

99 1997 337 2037 Cor-ttulimus
363 1998 455 2037 olim
481 1999 520 2037 in
548 2000 645 2037 hanc
673 1997 875 2048 Epistolam
897 1999 1085 2049 aliquanto

49 2047 128 2097 plus
147 2049 362 2095 industriae,
389 2063 431 2088 ac
458 2062 584 2088 curae:
612 2058 693 2087 turn
723 2049 826 2099 quod
858 2053 985 2089 ceteris
1004 2064 1087 2089 cor-

0 2132 3 2133 ⁷
49 2101 189 2148 ruptior
212 2101 303 2137 haec
329 2110 403 2138 erat
417 2130 426 2146 ‚
453 2110 534 2139 tum
552 2100 655 2150 quod
673 2100 816 2138 tametsi
837 2113 922 2139 cum
940 2103 1088 2152 reliquis

0 2668 8 2773 -ων
0 2610 7 2643 ,η-
0 2570 2 2575 -
0 2516 2 2524 v

49 2149 92 2187 ab
120 2150 262 2188 Ovidio
289 2151 414 2200 scripta
442 2151 587 2189 videtur
606 2179 616 2195 ‚
644 2151 742 2189 illam
771 2159 897 2190 tamen
927 2152 1087 2192 doehffi-

50 2209 130 2238 mus
158 2201 307 2251 quisque
338 2203 387 2239 ita
412 2202 552 2251 semper
579 2202 776 2240 admiratus
805 2203 877 2248 est,
906 2211 946 2241 ut
972 2204 1087 2242 secer-

49 2250 207 2288 nendam
228 2253 271 2289 ab
288 2253 362 2290 aliis
381 2253 580 2297 censuerit,
608 2265 650 2291 ac
672 2253 699 2291 fi
715 2254 810 2291 inter
827 2254 907 2292 illos
925 2256 1087 2294 minores

49 2301 215 2340 Patritios
236 2303 361 2341 alletsta
382 2332 393 2348 ‚
430 2316 674 2342 communem
703 2303 838 2342 sortem
868 2317 947 2343 non
973 2307 1087 2351 ferat,

52 2353 287 2403 eminereque
308 2355 422 2392 statim
445 2357 539 2393 inter
571 2363 706 2393 ceteras
735 2355 876 2394 debeat.
905 2358 1031 2405 Quare
1049 2359 1088 2396 &

52 2403 262 2443 Calderinus
275 2435 285 2450 ‚
303 2408 339 2443 ὅ(
359 2416 443 2444 ante
460 2407 562 2444 illum
582 2407 874 2451 Merula‚veluti
892 2408 929 2445 in
953 2408 1090 2458 Olym-

52 2455 136 2504 pico
166 2455 279 2494 stadio
306 2457 462 2494 celebres
486 2457 642 2495 athletae
661 2486 672 2502 ,
709 2469 788 2495 non
816 2459 903 2496 citra
931 2459 1089 2507 pulveris

51 2506 178 2554 (quod
195 2507 317 2556 ajunt)
341 2507 480 2546 taetum
503 2508 742 2553 desudarunt,
767 2510 829 2552 &,
850 2516 891 2546 ut
911 2520 1089 2549 coronam

50 2566 306 2605 reportarent,
351 2559 652 2605 contenderunt,
697 2559 767 2598 acsi
799 2560 929 2609 Pythia
955 2560 1015 2598 illa
1049 2573 1091 2600 ac

53 2607 196 2646 Nemea
218 2637 228 2653 ‚
265 2609 323 2646 vel
350 2609 376 2646 fi
402 2622 473 2659 qua
499 2611 566 2648 alia
594 2611 633 2648 in
650 2619 742 2648 terra
762 2611 917 2649 Graecia
934 2612 1092 2651 celebra-

53 2656 182 2696 bantur
205 2659 318 2705 olim,
345 2673 423 2698 non
451 2673 576 2700 veram
599 2689 608 2707 ,
645 2661 944 2712 cumulatamque
971 2664 1092 2701 visto-

56 2708 150 2746 ribus
170 2709 320 2757 gloriam
338 2711 518 2750 afferrent.
545 2714 592 2751 Et
619 2712 702 2750 sane
728 2721 768 2751 ut
789 2712 848 2751 illa
866 2713 1019 2764 quidem
1038 2715 1092 2752 sa-

59 2769 118 2795 cra
148 2761 271 2798 omnia
301 2772 423 2808 erant,
451 2764 488 2800 ὃς
516 2764 738 2814 Olympicus
760 2776 882 2813 agon,
910 2765 970 2802 vel
987 2766 1090 2813 Jovis

59 2808 266 2856 majestate,
293 2813 351 2851 vel
370 2815 559 2860 Herculis,
589 2816 653 2864 qui
671 2815 808 2864 primus
825 2815 999 2861 instituit,
1027 2829 1093 2855 au-

18 2891 19 2914 5
56 2860 205 2897 zoi-itate
225 2887 234 2903 ‚
272 2863 329 2899 vel
346 2865 455 2902 etiam
475 2866 549 2903 loci
567 2866 819 2915 magnitudine
834 2895 844 2910 ‚
871 2878 914 2904 ac
934 2867 1092 2905 claritate

18 2922 20 2938 ν
61 2919 179 2947 cetera
212 2918 324 2947 terrae
353 2914 526 2953 Graeciae
552 2917 775 2965 praestabat:
812 2918 861 2954 ita
889 2918 981 2954 haec
1004 2918 1092 2966 Epi-

20 2989 21 2994 ,
61 2960 147 3017 stola
163 2988 173 3004 ‚
199 2961 339 3015 tametsi
368 2975 450 3001 cum
477 2967 620 3016 reliquis
646 2968 771 3016 scripta
799 2967 864 3013 fit,
893 2969 932 3005 &
957 2970 1093 3007 autoris

20 3033 21 3042 1
62 3010 167 3059 ipfius
191 3022 330 3058 majore
351 3014 512 3059 quodam
530 3016 669 3063 studio,
697 3020 735 3055 ὅς
754 3019 954 3067 personae,
981 3031 1093 3068 quam

64 3061 226 3105 sustinet,
252 3061 426 3109 gravitate
459 3065 496 3100 &
523 3064 657 3105 ev'entu
676 3069 839 3107 maxime
861 3070 1097 3109 memorabili

21 3137 23 3145 1
64 3111 170 3161 digna
190 3112 329 3160 semper
358 3111 406 3148 est
433 3113 503 3150 visa
522 3141 532 3157 ,
568 3128 660 3163 quae
678 3120 715 3155 ὃς
736 3121 938 3170 principem
958 3120 1021 3159 fibi
1038 3122 1096 3159 lo-

65 3173 147 3200 cum
169 3162 376 3221 vendicaret
391 3190 400 3205 ‚
427 3163 465 3199 ὅ(
485 3165 663 3220 majorem
680 3168 903 3218 diligentiam
924 3173 1097 3220 exposce-

68 3221 131 3251 ret.
166 3215 207 3252 ln
228 3224 298 3264 qua
317 3216 340 3250 11
361 3225 380 3249 a
403 3225 483 3250 viro
503 3226 538 3250 1n
558 3216 682 3262 primis
707 3221 872 3266 erudito,
897 3234 940 3259 ac
963 3223 1008 3259 de
1026 3223 1098 3260 stu·

67 3261 130 3303 diis
151 3265 276 3304 nostris
292 3262 436 3314 optime
459 3265 592 3305 merito
607 3292 618 3311 ‚
635 3263 815 3308 dissentire
838 3272 877 3309 in
894 3273 1016 3319 paucis
1043 3274 1100 3310 vi-

2071 1883 2192 1949 An,

1143 2001 1257 2042 debor
1278 2033 1289 2049 ,
1314 2002 1477 2053 ignoscet
1509 2003 1571 2041 ille
1605 2013 1691 2041 cum
1734 2001 1861 2039 ceteris
1884 2002 1895 2044 ,“
1933 2010 2019 2037 cum
2046 1999 2192 2055 in-non

1142 2055 1374 2101 paucioribus
1399 2053 1503 2092 illum
1529 2055 1569 2092 ὅς
1590 2054 1739 2103 sequar,
1767 2053 1807 2089 &
1834 2050 1997 2107 laudem.⁴
2035 2050 2192 2087 Utinam

1143 2104 1259 2152 quam
1292 2106 1367 2152 ejus
1393 2104 1512 2142 literas
1528 2133 1538 2149 ,
1566 2117 1608 2143 ac
1635 2104 1794 2142 studium
1825 2101 2075 2140 aemulatione
2097 2099 2195 2156 mul-

1142 2162 1267 2193 torum
1297 2156 1406 2203 digna
1435 2155 1601 2203 judicio,
1629 2163 1706 2192 tam
1737 2152 1879 2203 possem
1909 2153 1947 2190 &
1989 2161 2107 2209 cetera
2138 2151 2194 2187 his

1142 2206 1360 2245 aemulanda
1386 2216 1606 2254 proponere.
1634 2206 1675 2243 B.
1701 2207 1925 2243 EGNArms.
1964 2203 2126 2257 Sapphus
2146 2199 2193 2237 ad

1142 2257 1335 2295 Phaonem
1366 2255 1526 2304 Epistola
1558 2258 1595 2295 in
1621 2256 1727 2294 nullis
1751 2254 1960 2293 Heroidum
1989 2252 2193 2290 Ovidi-ana-

1143 2320 1225 2346 rum
1268 2307 1563 2355 exemplaribus,
1601 2307 1667 2345 nifi
1700 2307 1952 2344 recentissimis
1973 2333 1983 2349 ‚
2021 2309 2192 2359 apparet,

1142 2371 1266 2409 neque
1289 2360 1365 2397 hoc
1387 2358 1498 2404 loco,
1524 2359 1586 2397 sed
1614 2367 1656 2397 ut
1680 2359 1880 2407 plurimum
1911 2355 2041 2404 rejec‘ta
2064 2365 2100 2390 m
2120 2351 2194 2389 cal-

1145 2422 1228 2448 cem
1256 2411 1389 2460 operis.
1417 2408 1459 2446 In
1492 2422 1565 2460 qua
1590 2418 1717 2447 tamen
1742 2407 1972 2446 emendanda
1997 2403 2048 2441 11ίῖ
2070 2403 2193 2459 sumus

1143 2460 1236 2499 libro
1263 2461 1466 2509 Bodlejano
1489 2489 1499 2506 ‚
1535 2461 1648 2499 tribus
1676 2457 2019 2498 Lincolnienfibus,
2049 2454 2192 2510 Scrive-

1145 2513 1274 2557 riano,
1301 2511 1467 2550 Palatino
1483 2540 1492 2555 ‚
1522 2512 1643 2559 Regio
1663 2539 1674 2555 ,
1703 2510 1916 2546 Sari-aviano
1932 2536 1942 2551 ‚
1969 2506 2194 2562 Mazarinia-

1145 2574 1220 2607 ΠΟ,
1249 2564 1412 2613 quinque
1429 2559 1611 2598 Mediceis
1626 2589 1636 2605 ,
1664 2559 1822 2597 totidem
1846 2559 1958 2601 meis,
1986 2556 2192 2600 Patavino,

1147 2613 1331 2652 Vaticano
1352 2642 1363 2659 ,
1404 2611 1622 2651 Farnefiano
1646 2638 1657 2656 ‚
1695 2609 1947 2647 Arondeliano
1971 2634 1980 2651 ,
2027 2617 2190 2655 quorum

1147 2666 1320 2703 omnium
1338 2676 1417 2714 pars
1434 2664 1554 2713 major
1571 2674 1648 2700 non
1673 2662 1710 2699 in
1738 2659 1980 2703 membranis,
2009 2656 2069 2695 sed
2089 2657 2191 2695 char-

1147 2724 1182 2754 ta
1202 2744 1212 2760 ,
1239 2717 1309 2754 fuit
1332 2723 1487 2753 exarata.
1524 2714 1647 2762 Hujus
1678 2711 1860 2760 Epistol-ae
1886 2711 2032 2759 optimo
2061 2721 2191 2746 exem-

1147 2767 1237 2816 plari
1256 2767 1334 2805 usus
1353 2766 1402 2804 est
1421 2766 1623 2814 Naugerius
1637 2792 1648 2807 ,
1670 2763 1725 2813 cuj
1733 2775 1771 2800 us
1793 2774 1866 2812 ope
1885 2761 2075 2799 instructus
2095 2762 2192 2800 mul-

1148 2826 1184 2855 ta
1205 2818 1359 2855 feliciter
1377 2816 1571 2865 castigavit.
1598 2815 1805 2852 HE1Nstus.
2065 2864 2071 2870 ο

1201 2869 1222 2904 S
1238 2881 1322 2905 App
1338 2881 1399 2905 no
1426 2869 1557 2905 Pmo
1572 2865 1662 2916 NL]
1692 2866 1783 2903 Non
1802 2865 1980 2914 ingratam
2008 2864 2108 2908 tibi,
2137 2863 2190 2900 le-

1151 2918 1254 2963 estor,
1280 2920 1440 2958 futuram
1462 2917 1629 2955 fabellam
1651 2916 1820 2955 existimo
1835 2945 1846 2961 ‚
1863 2928 1941 2953 non
1960 2915 2191 2952 animadve-e

1150 2969 1223 3006 sam
1245 2969 1288 3006 ab
1309 2977 1468 3018 utroque
1487 2975 1806 3012 commentatore,
1824 2979 1934 3017 quam
1958 2967 2078 3014 primo
2100 2965 2189 3020 ado—

1148 3019 1341 3058 lescentiae
1359 3020 1501 3058 nostrae
1520 3020 1709 3069 tyrocinio
1731 3031 1776 3056 ex
1796 3019 1943 3056 Graecis
1963 3014 2188 3070 scriptoribus

1151 3071 1187 3107 in
1211 3071 1522 3110 Racemationum
1541 3070 1742 3108 nostrarum
1765 3071 1880 3119 capite
1899 3083 1926 3106 1.
1949 3068 2190 3114 vulgavimus.

1151 3121 1219 3160 Tu
1233 3151 1242 3167 ,
1270 3122 1296 3159 fi
1314 3131 1439 3168 vacat,
1466 3122 1552 3160 inde
1569 3133 1650 3159 eam
1671 3130 1781 3170 petas.
1811 3122 2035 3158 EGNATIUS.

1207 3186 1237 3210 1.
1268 3173 1477 3224 Nunquid.]
1506 3173 1583 3210 Alii
1611 3173 1746 3222 Ecquid
1762 3182 1823 3216 ut,
1852 3167 2099 3222 emendarunt.
2128 3164 2191 3203 sed

1153 3223 1219 3272 ipsi
1245 3223 1436 3268 viderint3
1474 3225 1566 3262 mihi
1586 3231 1690 3261 vetus
1720 3223 1830 3259 lectio
1856 3231 1930 3256 non
1959 3216 2189 3254 1mmutanda

1154 3274 1204 3314 est
1239 3274 1324 3314 visa.
1359 3275 1422 3315 ubi
1459 3275 1667 3358 praesertin?3
1686 3272 1847 3357 bauribus
1884 3269 1945 3308 illa
1971 3268 2189 3324 obsequatur

1743 3332 1764 3358 2
2080 3328 2195 3367 inagis
