2553 3676
263 197 354 265 782

736 188 797 244 P.
870 181 1286 242 OV1D1·1
1359 180 1892 248 NASONIS

445 294 508 347 35
545 273 703 333 Elato
727 278 930 331 calamo
946 311 960 334 ,
997 289 1123 327 cum
1150 270 1372 326 demum
1395 270 1624 327 emersus
1648 272 1702 325 in
1728 285 1878 324 auras

556 349 781 407 Brachia
815 344 1080 408 *diss'olvin
1117 345 1537 417 populatumque
1562 343 1767 416 exspuit
1793 343 2024 397 hamum.

551 425 630 478 At
657 421 838 492 Mugil
861 417 1032 473 cauda
1057 416 1386 490 pendentem
1413 416 1689 471 everberat
1715 417 1913 479 escam,

558 493 951 565 Excussamque
977 492 1122 563 legit.
1165 490 1353 561 Lupus
1376 488 1484 541 acri
1508 490 1752 543 concitus
1775 491 1879 553 ira,

554 566 808 621 Discursu
834 565 1004 620 fertur
1029 564 1176 618 vario
1193 599 1208 624 ,
1246 559 1547 631 fluctusque
1572 559 1803 616 ferentes

453 658 522 708 40
560 639 935 713 Prosequitur,
971 633 1277 707 quaffatque
1302 645 1490 703 caput,
1527 630 1659 685 dum
1684 635 1902 688 vulnere
1925 634 2105 691 saevus

563 713 774 767 Laxato
798 709 950 764 cadat
975 708 1160 760 hamus
1178 751 1189 768 ‚
1231 705 1286 759 &
1315 722 1408 758 ora
1434 704 1669 776 patentia
1692 704 1911 777 linquat.

565 786 684 840 Nec
709 782 946 854 proprias
971 780 1108 833 vires
1134 778 1302 833 nescit
1328 777 1595 831 Muraena
1621 777 1887 831 nocendi,-

563 856 896 926 Auxilioque
920 852 1024 916 sui,
1064 851 1242 906 morsu
1266 868 1367 905 nec
1394 850 1640 903 cominus
1666 851 1775 904 aeri

622 928 793 990 eficit,
832 938 920 980 aut
945 925 1149 979 animos
1173 925 1328 995 ponit
1355 922 1562 994 captiva
1586 921 1837 976 minaces,

457 1019 524 1072 45
566 1000 791 1055 Anthias
817 999 895 1052 his
913 1038 926 1061 ‚
969 1010 1124 1067 tergo
1148 1014 1284 1067 quae
1311 995 1582 1058 concutit,
1621 995 1788 1048 utitur
1812 994 2001 1060 armis,

573 1072 704 1131 Vim
729 1072 905 1145 spinae
927 1081 1190 1141 novltque
1214 1068 1333 1123 suae
1348 1107 1363 1132 ‚

268 1266 465 1305 Virrius.
492 1261 575 1300 Setis
592 1261 686 1299 bene
707 1258 857 1297 Thuan.
880 1258 918 1296 ὃς
941 1257 1111 1296 Ambrosl
1139 1257 1286 1296 Htms.

329 1329 389 1366 34.
416 1313 562 1362 Fallit.]
591 1312 674 1351 MS.
692 1310 814 1357 stillit:
853 1310 889 1347 &
922 1309 1025 1358 supra
1043 1309 1081 1346 in
1104 1307 1177 1346 fine
1197 1308 1323 1358 proxi·

276 1368 331 1406 mi
352 1366 469 1405 versus
489 1365 567 1413 post
585 1362 757 1411 praedam
775 1360 964 1410 adjicitur,
986 1359 1174 1410 praedaret
1189 1387 1198 1403 ,
1219 1359 1322 1409 quod

277 1418 351 1456 huc
380 1417 499 1455 refero
522 1443 533 1459 ,
568 1422 609 1452 ut
636 1412 819 1451 restituam
844 1424 853 1448 ε
891 1410 971 1447 huic
998 1423 1129 1462 quoque
1157 1410 1324 1446 adhaeret

278 1468 382 1505 Elato
404 1467 546 1503 calamo.
575 1462 664 1500 Huic
683 1462 729 1500 sc.
746 1461 913 1512 praedae.
944 1461 986 1498 τὸ
1017 1461 1183 1498 adhaeret
1203 1459 1325 1498 absor-

278 1529 382 1567 ptum
399 1525 472 1555 erat
491 1518 528 1554 in
540 1514 741 1565 praedaeret
753 1542 763 1557 ‚
791 1520 900 1562 atque
921 1512 971 1549 ita
986 1512 1125 1550 facium
1139 1539 1149 1557 ,
1169 1511 1302 1560 praeda
1315 1537 1325 1555 ,

277 1578 343 1605 ret.
372 1566 618 1616 Conjec‘turae
640 1575 746 1602 meae
772 1563 1005 1611 adstipulatur
1030 1563 1165 1600 Plinius
1179 1563 1195 1599 ε’
1224 1561 1326 1610 Poly-

273 1628 362 1668 pum
393 1612 511 1654 hamos
548 1625 695 1666 appetere
713 1643 723 1659 ,
767 1613 981 1663 brachiisque
1019 1612 1190 1662 complesti
1210 1639 1220 1656 ,
1258 1625 1326 1648 non

278 1669 393 1717 morsu
403 1683 414 1712 ;
450 1681 508 1705 nec
528 1668 624 1716 prius
645 1665 842 1710 dimittere,
879 1677 986 1714 quam
1013 1665 1122 1711 escam
1141 1664 1327 1701 circumro-

275 1719 363 1768 serit
376 1732 383 1755 ;
395 1728 458 1755 aut
478 1718 648 1755 arundine
669 1716 828 1752 levatum
838 1727 938 1752 extra
950 1728 1095 1764 aquam.
1109 1714 1178 1753 Sed
1190 1714 1329 1764 postre-

282 1781 345 1806 ma
386 1781 463 1806 non
501 1769 578 1807 satis
615 1775 834 1816 congruunt.
890 1765 1022 1803 Noster
1069 1765 1169 1803 enim
1215 1766 1328 1803 etiam

284 1819 375 1856 clato
403 1819 534 1856 calamo
562 1819 756 1857 adhaerere
787 1816 941 1866 praedae
972 1816 1054 1854 suae
1071 1817 1253 1866 polypum
1275 1816 1330 1853 di-

282 1871 366 1914 cit,
402 1870 522 1907 donec
546 1870 698 1907 hamum
723 1869 801 1917 jam
824 1867 1042 1916 populatum
1071 1876 1219 1916 expuat.
1272 1865 1336 1904 Ifi-

283 1920 397 1959 dorus
418 1921 477 1957 illa
499 1928 642 1957 tanturn
662 1919 790 1956 habet:
827 1931 885 1955 nec
898 1918 995 1967 prius
1022 1917 1175 1955 dimittit
1187 1946 1206 1961 ,,
1225 1929 1336 1968 quam

276 1970 396 2020 escam
419 1970 676 2019 circumroserit.
703 1970 899 2018 Sequentia
921 1969 1073 2007 omittit.
1101 1969 1292 2007 Vtinus.

337 2032 396 2070 35.
424 2026 516 2058 Cum
535 2019 713 2069 demum]
743 2025 830 2056 Tum
852 2019 992 2056 demum
1012 2019 1186 2058 Ambros.

369 2084 400 2113 7.
428 2075 474 2107 Et
493 2071 601 2119 mugil
623 2071 638 2120 ]
668 2070 791 2109 Scit&
809 2070 924 2118 Mugil
942 2069 998 2119 effe
1017 2070 1056 2107 in
1078 2070 1181 2107 hamo
1200 2071 1333 2120 escam,

285 2122 325 2160 in
340 2122 497 2171 idiasque
517 2135 585 2157 non
604 2121 736 2169 ignorat
749 2137 760 2157 .·
774 2120 931 2157 aviditas
950 2131 1070 2158 tamen
1088 2131 1192 2158 tanta
1210 2121 1252 2169 est
1265 2150 1275 2166 ‚
1293 2131 1335 2158 ut

287 2173 402 2209 cauda
422 2171 633 2208 verberando
650 2172 802 2208 excutiat
832 2171 927 2208 cibos.
956 2172 1048 2210 Plin.
1075 2173 1253 2210 GESNER.
1282 2173 1338 2209 Ita

287 2224 381 2261 haec
417 2222 605 2271 plusquam
637 2222 870 2268 παραφράζει
904 2223 970 2271 qui
1001 2223 1139 2272 reliqua
1185 2222 1339 2260 vixdum

290 2274 572 2320 epitomaverat.
598 2274 780 2311 Virrius.
809 2273 868 2309 De
882 2273 1015 2322 Mugili
1031 2274 1168 2312 Plinius
1181 2302 1191 2318 ‚
1205 2273 1341 2311 eodem

292 2324 764 2372 iib.cap.xv11.&xt11.&
782 2324 876 2360 alibi.
903 2324 1070 2362 ConAN.
1098 2324 1345 2363 Ateditiones

295 2375 447 2413 multae.
470 2374 616 2423 Mugilis
636 2374 806 2412 Heinsius
824 2374 992 2412 malebat.

350 2425 408 2474 38.
437 2430 550 2475 Lupus
566 2424 639 2461 acri
657 2424 804 2461 concitus
821 2424 887 2461 ira.
902 2424 917 2473 ]
950 2425 1072 2461 Minus
1104 2426 1143 2462 in
1158 2425 1346 2473 providen-

292 2475 335 2513 do
360 2481 471 2523 Lupus
480 2475 640 2524 solertiae
661 2475 786 2518 habet,
809 2475 884 2523 ⁴sed
904 2488 1070 2524 magnum
1099 2475 1202 2512 robur
1218 2476 1257 2512 in
1270 2485 1345 2524 poe-

294 2526 458 2563 nitendo:
489 2539 574 2563 nam
592 2536 631 2562 ut
651 2524 757 2574 haesit
777 2526 815 2562 in
837 2527 940 2561 hamo
954 2553 964 2568 ‚
993 2525 1202 2574 tumultuoso
1214 2527 1345 2571 discur-

290 2577 335 2624 su
362 2577 464 2613 laxat
500 2577 651 2613 vicinera
674 2604 683 2620 ,
728 2576 829 2612 donec
865 2575 1029 2612 excidant
1064 2573 1216 2625 infidiae.
1253 2577 1346 2614 Ptin.

299 2628 523 2664 GEsNERus.
552 2628 610 2664 De
632 2628 743 2676 Lupo
759 2656 767 2669 ,
798 2626 917 2676 deque
932 2627 1008 2675 ejus
1026 2638 1111 2664 cum
1127 2627 1258 2675 Mugili
1275 2627 1345 2664 ini-
1366 2640 1380 2655 ·

299 2678 464 2721 micitia,
492 2678 576 2715 eod.
594 2678 654 2715 lib.
677 2690 753 2726 cap.
783 2689 877 2715 tx11.
919 2677 980 2715 De
1001 2678 1113 2726 Lupo
1134 2678 1247 2716 etiam
1269 2678 1347 2715 Ae-

295 2726 417 2768 lianus
436 2728 497 2763 lib.
518 2742 546 2766 1.
566 2740 641 2777 cap.
664 2740 769 2765 xxx1.
823 2728 993 2765 C10FAN.

255 2784 264 2795 ⁸
354 2776 415 2824 38.
443 2779 603 2814 Concitus
624 2778 716 2828 ira.]
748 2778 831 2815 MS.
850 2778 1114 2815 Contricitatus.
1127 2778 1262 2816 Plinius
1283 2779 1352 2816 ite-

301 2837 386 2864 rum
407 2827 698 2873 παρκφρκςικῶς.
727 2830 850 2865 Minus
876 2828 913 2865 in
933 2828 1157 2878 providendo.
1185 2840 1255 2868 (φτ.
1285 2829 1354 2866 Ni-

300 2876 354 2913 hil
375 2876 496 2913 minus
525 2889 637 2926 quain
668 2879 780 2923 iram,
800 2879 856 2916 ssd
886 2880 1155 2927 poenitentiam
1178 2880 1275 2928 Lupi
1294 2880 1354 2916 hic

304 2927 503 2975 praedicat.
540 2928 600 2964 vel
627 2929 749 2976 itaque
777 2930 814 2964 in
837 2930 1038 2978 p.rnitendo
1065 2930 1134 2978 leg.
1164 2930 1262 2978 apud
1283 2930 1356 2967 Pii-

304 2978 424 3015 nium.
437 2978 495 3015 vel
505 2978 578 3015 hoc
588 2978 674 3015 loco
687 3006 697 3021 ,
710 2984 820 3027 Lupus
830 2980 903 3015 acri
916 2981 1063 3016 concitus
1071 2994 1146 3016 aere
1156 2980 1257 3028 (puta
1269 2992 1354 3018 cum

299 3026 567 3074 ,hamohaefiw
591 3037 652 3066 aut
669 3028 739 3065 tale
751 3029 1144 3077 quidsubstituendum.
1166 3031 1357 3068 anus.

362 3090 422 3127 39.
449 3078 651 3128 Discursu.]
682 3079 763 3115 MS.
778 3079 946 3127 Discuffiaes
966 3081 988 3117 i.
1007 3093 1037 3117 e.
1058 3080 1212 3127 discuffic.
1241 3081 1359 3118 IDEM.

360 3142 419 3175 42.
447 3130 662 3179 Mariand]
693 3136 868 3165 Muraena
888 3130 994 3166 etiam
1016 3142 1083 3167 non
1112 3130 1247 3179 ignorat
1267 3132 1360 3168 vires

300 3180 455 3230 proprias
473 3191 550 3216 tum
572 3180 711 3217 nocendi
726 3181 807 3217 aliis
820 3209 830 3225 ‚
858 3190 934 3216 tum
954 3181 1000 3217 ad
1021 3180 1270 3217 auxiliandum
1287 3180 1356 3229 silai

294 3229 346 3266 'in
375 3232 488 3277 morsu
521 3232 577 3280 esse
596 3230 697 3280 sitas.
729 3232 945 3280 praemordet
966 3231 1055 3268 enim
1076 3231 1217 3268 lineam.
1247 3245 1355 3279 neque

308 3281 498 3321 mordendi·
521 3282 599 3321 vim
625 3282 776 3323 remittit
785 3282 912 3335 ,donec
936 3282 1075 3336 omnino
1108 3282 1292 3322 debilitata
1314 3284 1354 3333 fh

1397 1067 1660 1141 versoque
1682 1066 1895 1140 supinus
2282 1142 2333 1198 C

2278 1180 2282 1184 .
2337 1162 2424 1199 ora

1376 1265 1515 1306 captam
1535 1259 1579 1296 (α’
1599 1256 1735 1293 vio‘z‘am
1747 1257 1922 1302 fateatur.
1975 1262 2169 1295 Muraenae
2196 1257 2344 1308 amplius
2370 1258 2430 1295 dcv-⁶

1376 1318 1508 1344 vorant
1530 1321 1638 1358 quam
1660 1308 1830 1352 hamum,
1859 1308 2117 1359 admoventque
2126 1309 2285 1346 dentibus
2297 1309 2430 1355 lineas,

1377 1368 1483 1408 atque
1511 1358 1563 1394 ita
1589 1359 1747 1397 erodunt.
1801 1359 1938 1398 Plinius
1969 1372 2014 1397 ex
2037 1360 2194 1398 Ovidio.
2249 1361 2430 1398 GESNER.

1378 1409 1440 1446 De
1463 1409 1643 1446 Muraena
1661 1409 1762 1447 idem
1784 1410 1961 1448 Aelianus
1980 1410 2040 1448 lib.
2058 1423 2087 1447 1.
2107 1422 2186 1459 cap.
2209 1424 2274 1448 111.
2300 1412 2340 1449 δε
2367 1411 2429 1449 lib.

1379 1472 1416 1497 x.
1439 1470 1516 1507 cap.
1535 1459 1599 1497 ult.
1616 1460 1752 1497 Plinius
1772 1461 1895 1499 multis
1917 1462 1955 1499 in
1972 1461 2080 1500 locis.
2133 1464 2301 1499 CxofAN.

1432 1521 1494 1558 43.
1523 1509 1741 1560 Auxilioque
1762 1509 1878 1559 fibi-i
1921 1511 1975 1550 lta
2004 1513 2051 1550 A.
2080 1511 2191 1550 reue.
2221 1512 2328 1550 Ordo
2356 1511 2427 1551 est:

1380 1572 1452 1599 nec
1470 1560 1608 1598 auxilio
1627 1559 1690 1598 fibi
1712 1561 1835 1599 deficit
1853 1562 2060 1608 Muraena„
2086 1574 2157 1600 nec
2184 1562 2320 1600 morsu.
2347 1563 2432 1601 MS.

1381 1612 1421 1649 &
1451 1611 1491 1649 P.
1520 1610 1738 1662 Auxilioque
1755 1612 1830 1660 sui.
1858 1613 1992 1651 Plinius
2012 1626 2024 1650 ε
2065 1619 2259 1649 Muraenae
2282 1613 2434 1662 amplius

1381 1662 1554 1699 devorant
1574 1689 1584 1706 ,
1623 1675 1731 1712 quam
1758 1661 1907 1699 hamum
1928 1690 1939 1708 ,
1983 1663 2242 1713 admoventque
2273 1663 2435 1700 dentibus

1383 1713 1511 1758 lineas,
1537 1722 1643 1762 atquc
1676 1713 1729 1750 ita
1755 1714 1913 1751 erodunt.
1966 1714 2028 1751 De
2056 1714 2110 1751 his
2141 1714 2233 1752 nihil
2255 1714 2352 1763 apud
2370 1725 2437 1762 au-⁴
2513 1722 2516 1723 ⁷

1376 1772 1506 1802 torem
1526 1764 1689 1801 nostrum
1704 1791 1714 1808 ‚
1741 1763 1808 1801 nisi
1826 1765 1876 1802 ita
1893 1764 2151 1813 interpoletur:

1439 1813 1655 1864 Auxilioque
1667 1814 1728 1861 fui
1746 1813 1864 1853 dentis
1882 1815 2064 1853 stridentia
2083 1815 2210 1854 furtim

1443 1865 1521 1903 Fila
1541 1865 1715 1915 cibosque
1736 1866 1848 1915 rapit;
1879 1867 1993 1912 morsu
2012 1879 2093 1911 nec,
2120 1877 2192 1906 eye.

1392 1918 1634 1965 Quamquam
1650 1944 1660 1961 ‚
1689 1927 1774 1955 curn
1797 1916 1978 1964 postrema
1999 1917 2090 1954 haec
2110 1917 2216 1965 plane
2235 1917 2438 1966 neglexerit

1390 1968 1527 2006 Plinius
1542 1995 1552 2011 ,
1581 1964 1748 2011 fortasse,
1775 1978 1870 2015 quae
1888 1967 1973 2004 alibi
1994 1967 2150 2016 legerat,
2171 1968 2208 2005 in
2229 1980 2360 2006 eorum
2381 1970 2440 2006 lo-

1387 2030 1474 2056 cum
1496 2029 1560 2066 per
1579 2029 1740 2055 errorem
1754 2015 1943 2055 ass'civerit.
1969 2018 2154 2055 Vthxus.
2173 2019 2276 2067 Lege
2291 2047 2301 2063 ,
2315 2018 2375 2067 sui
2395 2030 2442 2056 ex

1389 2068 1540 2106 Thuan.
1557 2068 1595 2105 &
1614 2067 1748 2106 deinde
1761 2095 1772 2113 ,
1793 2068 1945 2106 cominus
1961 2080 2029 2117 pro
2046 2082 2081 2105 eo
2090 2069 2207 2105 minus
2226 2081 2271 2106 ex
2284 2079 2443 2118 utroque

1392 2119 1538 2168 scripto.
1574 2119 1691 2157 forte:
2124 2132 2126 2135 ’

1445 2169 1706 2268 Λῖξσὶἰίιιηηιιε
1715 2169 1776 2218 sui
1795 2169 1908 2221 morsu
1930 2183 1990 2207 nec
2007 2169 2198 2208 comminus
2223 2170 2300 2208 acri

1447 2227 1501 2258 De
1529 2231 1587 2259 cit.

1399 2272 1459 2311 Sic
1476 2273 1533 2309 illa
1553 2270 2028 2322 tempestate'loquebantur
2043 2300 2053 2316 ,
2071 2273 2111 2309 δε
2130 2271 2174 2308 τὶ)
2194 2270 2331 2318 deficere
2355 2283 2441 2311 cum

1398 2331 1530 2372 quarto
1549 2322 1628 2359 casu
1652 2324 1946 2372 conjungebant,
1960 2331 2001 2359 ut
2018 2322 2101 2358 alibi
2121 2321 2282 2369 pluribus
2307 2322 2355 2359 est
2379 2322 2445 2360 de-

1397 2372 1651 2410 monstratum.
1678 2373 1842 2422 sequenti
1868 2372 1994 2415 versu,
2022 2371 2142 2408 hamos
2166 2380 2276 2420 ponat
2303 2382 2450 2421 captura.

1397 2423 1558 2460 minaces.
1579 2422 1730 2461 Thuan.
1753 2423 1964 2460 HEmsms.
1986 2436 2020 2458 eo
2040 2422 2145 2459 nimis
2168 2423 2289 2470 Marg.
2310 2423 2444 2461 Bersm.

1451 2486 1511 2522 43.
1542 2471 1747 2521 Cominus.]
1769 2473 1823 2511 Ita
1841 2473 1923 2510 MS.
1942 2472 2053 2509 reete.
2082 2471 2166 2510 Aid.
2184 2485 2243 2509 nec
2260 2487 2296 2510 eo
2313 2474 2445 2512 minus.
2520 2507 2528 2512 .

1398 2525 1582 2562 Vtxrxus.

1449 2588 1509 2622 45.
1534 2573 1696 2611 Anthias
1716 2573 1811 2624 his.]
1842 2573 1992 2623 Pytheas
2009 2573 2047 2610 id
2069 2574 2183 2611 tradit
2212 2573 2319 2623 (lego
2333 2603 2345 2620 ‚
2364 2579 2447 2611 An*

1395 2625 1517 2663 thiam
1537 2625 1649 2661 tradit
1669 2624 1783 2672 idem)
1803 2625 1954 2672 infixum
1973 2625 2075 2661 hamo
2102 2625 2274 2661 invertere
2287 2626 2346 2674 ſse,
2368 2639 2451 2675 que-

1401 2677 1500 2713 niam
1512 2674 1561 2724 sit
1587 2675 1679 2723 dorfi)
1698 2675 1873 2711 cultellato
1887 2703 1896 2719 ,
1915 2675 2084 2724 spinaque
2101 2675 2229 2711 lineam
2247 2675 2451 2724 praefocare.

1403 2727 1552 2764 Plinius.
1582 2727 1809 2763 stNERus.
1837 2726 1898 2762 De
1916 2726 1990 2763 hoc
2009 2725 2103 2773 pisce
2119 2725 2219 2762 idem
2240 2727 2375 2764 Plinius
2387 2726 2450 2765 lib.

1406 2790 1458 2814 xx.
1485 2788 1561 2825 cap.
1590 2789 1647 2825 59.
1701 2777 1761 2814 Est
1786 2784 1908 2813 autem
1949 2774 1970 2812 a
1999 2776 2148 2813 Graecis
2181 2785 2333 2814 vocatus
2365 2778 2452 2822 ἱερὸς

1410 2827 1536 2872 ἰχθῦς,
1563 2835 1602 2864 ut
1623 2827 1672 2864 ait
1693 2826 1904 2864 Aristoteles
1924 2826 1984 2863 lib.
2005 2839 2057 2863 1x.
2082 2826 2142 2863 De
2154 2826 2229 2863 hist.
2249 2828 2450 2877 animcap.

1412 2877 1585 2927 37.quod
1606 2877 1644 2914 in
1666 2889 1712 2914 eo
1731 2877 1818 2914 loco
1839 2876 1975 2921 sit,ubi
1993 2877 2090 2915 nulla
2110 2878 2307 2924 reperiatur
2325 2878 2454 2917 bellua.

1409 2929 1472 2966 De
1500 2928 1638 2966 eodem
1669 2929 1779 2965 etiam
1804 2928 1898 2975 pisce
1923 2927 2096 2965 Aelianus
2115 2928 2177 2964 lib.
2202 2940 2232 2964 1.
2251 2940 2326 2977 cap.
2353 2940 2387 2977 3.
2415 2930 2455 2966 &

1409 2980 1468 3017 lib.
1499 2992 1588 3016 vm.
1613 2989 1689 3026 cap.
1707 2990 1764 3021 27.
1800 2978 2007 3015 Plutarchus
2026 2979 2061 3014 in
2084 2978 2197 3021 libro,
2228 2979 2284 3015 cui
2304 2979 2454 3016 titulum

1411 3031 1521 3073 fecit,
1549 3041 1593 3066 an
1614 3037 1778 3066 terrenae
1807 3028 1934 3065 bestiae
1956 3028 2171 3078 aquatilibus
2201 3028 2269 3066 fint
2299 3029 2458 3078 pruden-

1410 3081 1533 3118 tiores.
1586 3079 1757 3116 CioFAN.

1462 3143 1519 3177 4ς.
1550 3135 1649 3178 Tergo
1677 3143 1764 3177 quae
1790 3143 1857 3165 non
1888 3128 2025 3179 viden]
2057 3129 2151 3166 Vidit
2181 3130 2329 3168 Thuan.
2357 3143 2457 3181 quem

1414 3194 1481 3217 non
1502 3181 1598 3216 vidit
1618 3180 1785 3219 Ambros.
1808 3182 1912 3230 Lege
1925 3209 1935 3226 ,
1964 3193 2052 3232 quae
2072 3180 2244 3226 concutit,
2274 3181 2333 3219 vel
2347 3193 2457 3232 ,quae

1412 3232 1572 3268 eontinet.
1593 3231 1687 3269 Met.
1716 3244 1745 3268 1.
1768 3244 1848 3277 143.

1464 3284 1724 3332 sanguineaque
1740 3296 1852 3321 manu
1871 3281 2076 3333 crepitantia
2095 3282 2245 3322 concutit
2265 3295 2404 3370 armaM

2408 3339 2456 3373 et.
