2553 3676
589 186 1125 256 AMORUM
1199 196 1376 248 Ltn.

1450 191 1555 251 III.
1631 205 1682 255 22]
2093 220 2193 273 475

248 292 317 363 '45
355 292 531 349 Prima
551 291 674 344 loco
698 286 865 340 fertur
891 279 1044 353 paffis
1068 278 1310 362 Vistoria
1335 285 1560 355 pennis:

424 363 553 418 Huc
577 359 732 419 ades;
774 355 827 409 &
856 371 1005 409 meus
1030 352 1117 407 hic
1142 352 1256 418 fac,
1294 354 1438 420 Dea,
1476 360 1653 414 vincat
1678 378 1843 420 amor.

352 433 591 491 Plaudite
614 430 897 501 NeptunO,
934 427 1159 483 nimium
1183 427 1276 501 qui
1301 428 1517 483 creditis
1542 433 1711 490 undis,

421 506 512 559 Nil
533 502 661 558 mihi
686 519 810 556 cum
834 502 1050 574 pelago:
1089 517 1176 554 me
1203 517 1321 554 mea
1347 512 1485 555 terra
1510 506 1664 574 capit.

350 576 548 633 Plaude
573 588 696 639 ωο,
734 575 913 638 miles,
951 574 1144 628 Marti:
1185 591 1281 628 nos
1306 573 1517 628 odimus
1541 593 1697 630 arma.

240 669 308 722 50

415 652 519 701 Pax
539 648 714 719 juvat,
752 647 808 701 δε
834 647 1012 702 media
1036 646 1176 701 Pace
1203 659 1447 720 repertus
1473 648 1662 701 Amor.

348 721 655 792 Auguribus
678 720 952 784 Phoebus.
987 719 1209 783 Phoebe
1232 719 1544 775 venantibus
1569 720 1727 775 adsit:

422 795 672 848 Artifices
696 795 752 853 in
778 809 830 848 te
854 806 1031 856 verte,
1068 792 1344 857 Minerva,
1378 811 1580 863 manus,

351 865 641 923 Ruricolae
664 866 879 930 Cereri,
919 880 1216 939 teneroque
1240 865 1504 937 adsurgite
1530 865 1776 920 Baccho:

422 939 697 994 Pollucem
723 940 954 1011 pugileS,
990 937 1209 992 Castora
1232 939 1405 1009 placet
1432 955 1610 1009 eques,

243 1027 306 1080 55
343 1012 456 1067 Nos
484 1012 606 1075 tibi,
641 1012 828 1065 blanda
854 1012 1066 1074 Velim,
1105 1012 1387 1083 puerisque
1412 1009 1719 1082 potentibus
1746 1023 1877 1063 arcu

422 1084 754 1148 Plaudimus,
791 1084 1016 1156 inceptis
1040 1083 1245 1146 adnue,
1283 1083 1447 1146 Diva,
1483 1083 1629 1136 meis.

347 1156 541 1230 Daque
567 1174 737 1212 novae
762 1170 1002 1210 mentem
1027 1154 1305 1220 dominae,
1344 1156 1572 1227 patiatur
1597 1154 1775 1210 amari.

420 1230 660 1292 Adnuit3
703 1235 755 1282 δ’(
779 1242 933 1283 motu
959 1228 1099 1299 signa
1123 1228 1353 1282 secunda
1379 1227 1546 1282 dedit.

348 1303 516 1376 Quod
540 1303 657 1357 Dea
679 1302 945 1374 promisit,
983 1301 1262 1372 promittas
1288 1301 1393 1372 ipsa
1415 1317 1681 1372 rogamus,

247 1377 314 1430 60
424 1376 561 1431 Pace
590 1377 775 1448 loquar
803 1374 1059 1432 Veneris:
1101 1386 1161 1430 tu
1185 1373 1304 1430 Dea
1333 1372 1499 1447 major
1525 1373 1644 1428 eris,

0 1567 1 1574 ¹
66 1557 147 1600 alba
169 1561 262 1611 nigro
282 1578 294 1607 ;
330 1571 371 1602 u’t
394 1563 457 1609 fit,
477 1576 524 1602 ex
553 1575 660 1602 more
681 1564 861 1609 Nasonis,
889 1562 1073 1612 oppofitio
1087 1590 1098 1606 ,

64 1621 140 1651 tam
169 1614 231 1650 hic
260 1625 370 1662 quam
399 1615 562 1664 sequenti
589 1622 820 1662 pentametro
842 1642 851 1658 ,
888 1615 927 1651 &
954 1614 1100 1662 respon-

63 1663 175 1701 deant
199 1663 384 1713 sequentia
399 1692 409 1707 ,
429 1665 566 1712 sordide
581 1691 590 1706 ,
612 1666 650 1701 ὅ(
679 1665 802 1709 niveo,
828 1672 867 1702 ut
896 1664 993 1701 reete
1016 1666 1099 1700 Ma-

62 1715 134 1751 rius
153 1713 352 1753 adnotavit.
380 1715 451 1752 vid.
470 1715 562 1764 supr.
580 1714 681 1763 Eleg.
703 1728 731 1752 1.
752 1728 810 1761 40.
831 1714 875 1751 de
895 1714 1013 1752 modo
1033 1714 1101 1763 syl-

0 1780 1 1794 *
61 1763 162 1802 labae
179 1765 317 1811 primae
346 1766 380 1802 in
406 1765 523 1813 nigro,
551 1765 623 1803 vid.
650 1765 695 1802 ad
726 1765 833 1821 Epist.
864 1777 908 1801 11.
934 1775 990 1810 72.
1018 1764 1100 1800 alba

62 1812 126 1850 tibi
153 1813 292 1862 resperfiz
313 1815 356 1863 est
382 1816 561 1853 Palatinus
590 1815 688 1853 alter.
723 1815 784 1861 asta
807 1815 900 1863 nigro
922 1814 1102 1852 Scriverii.

63 1863 328 1901 BuamANNus.

113 1926 173 1963 43.
199 1914 300 1964 sech]
331 1914 506 1953 Particula
527 1916 619 1953 haec
639 1916 781 1953 comica
798 1915 939 1963 semper
956 1926 1101 1952 novum

63 1963 200 2014 aliquid
227 1965 456 2004 demonstrat.
483 1974 524 2004 ut
551 1966 649 2015 apud
681 1966 904 2003 Terentium
929 1965 1044 2003 Andr.
1071 1979 1101 2004 1.

62 2028 128 2054 111.
156 2027 214 2062 41.
241 2016 304 2052 Sed
331 2015 435 2066 Myfis
461 2016 504 2053 ab
530 2030 568 2053 ea
595 2016 774 2065 egreditur.
800 2017 978 2052 MARrus.

115 2078 174 2114 45.
200 2064 325 2116 Sparsis
352 2067 497 2104 Vitioria.
513 2067 675 2116 penni5.]
707 2064 805 2114 Paffis
828 2067 946 2115 pennis
973 2066 1102 2104 Putea-

64 2127 155 2154 neus
170 2144 180 2160 ,
207 2118 435 2155 Sarravianus
449 2146 460 2162 ,
481 2118 747 2155 Arondeliarus
760 2145 770 2161 ‚
789 2118 825 2154 &
847 2118 1012 2166 quinque
1030 2117 1102 2155 alii.

0 2194 1 2199 ,
64 2165 173 2204 reete.
202 2167 419 2205 Claudianus
440 2169 499 2205 lib.
521 2181 582 2206 111.
603 2168 641 2206 in
663 2167 771 2205 Stilic.
795 2180 879 2213 204.

117 2217 190 2267 Ipfil
209 2217 287 2254 duci
296 2219 416 2266 sacras
436 2219 582 2255 Viffloria
595 2218 761 2267 panderet
782 2217 872 2255 alas.

66 2267 121 2306 Ut
147 2268 196 2306 ibi
221 2268 418 2317 legendum
439 2297 450 2313 ,
489 2281 565 2306 non
598 2269 705 2305 aedes.
732 2267 781 2306 fic
806 2268 847 2307 &
876 2266 922 2307 de
947 2267 1100 2307 Pavone

67 2317 241 2357 Horatius
258 2330 302 2355 11.
321 2320 391 2356 Sat.
412 2332 457 2357 11.
475 2320 532 2357 26.

276 2369 375 2406 Ρίέῖά
388 2370 517 2418 pandet
527 2370 721 2420 speb'iacula
740 2369 865 2409 caudd.

70 2420 199 2459 Noster
216 2420 398 2470 superiore
416 2421 508 2458 libro
529 2421 628 2469 hleg.
649 2433 703 2458 vr.

0 2504 1 2517 ἶ
124 2477 172 2507 Ite
182 2470 257 2520 piae
274 2470 427 2507 volucres
443 2483 504 2514 ,ω’
519 2470 617 2520 paffi's
631 2471 782 2521 plangite
794 2472 926 2521 pennis.

0 2523 1 2529 ’
71 2520 125 2559 Ita
154 2523 252 2560 enim
279 2521 549 2559 Arondelianus
574 2523 662 2559 liber
689 2523 783 2560 inter
809 2524 984 2572 optimos.
1021 2524 1102 2562 vul-

70 2572 143 2620 gati
155 2600 165 2616 ‚
181 2574 312 2622 peffiora
326 2571 480 2621 plangite
493 2572 624 2621 pennis.
651 2573 699 2610 ita
714 2570 824 2621 passae
835 2573 997 2623 palmae,
1010 2575 1103 2612 Ger-

73 2623 203 2661 manic.
219 2624 320 2660 Arat.
340 2634 420 2672 pag.
442 2622 521 2660 180.
545 2623 753 2660 Hfimsms.

119 2674 176 2720 46.
204 2680 278 2711 Huc
301 2673 381 2710 ades
406 2682 511 2724 atque
538 2673 668 2723 mena]
699 2678 746 2711 Et
773 2686 867 2712 meus
890 2674 945 2713 hic
969 2676 1103 2715 melio-

68 2733 134 2762 res.
161 2724 275 2762 IDEM.

119 2785 178 2821 47.
206 2773 398 2824 Neptuno.]
428 2775 500 2813 Cui
516 2774 610 2813 sorte
629 2775 760 2825 obtigit
777 2777 885 2815 maris
903 2778 1102 2827 imperium

70 2825 110 2863 in
129 2825 304 2862 divisione
327 2825 442 2870 orbis,
471 2833 511 2863 ut
531 2827 721 2864 neminem
740 2827 840 2865 latet.
865 2828 992 2867 Scribit
1013 2829 1103 2867 Sue-

70 2876 194 2912 tonius
219 2875 315 2924 Aug.
345 2887 420 2924 cap.
440 2888 520 2914 XVI.
544 2877 748 2926 Augustum
770 2878 829 2915 die
851 2879 1078 2917 Circensium
1092 2906 1103 2924 ‚

73 2923 176 2980 quod
204 2925 317 2981 pridie
343 2926 418 2974 ejus
443 2926 512 2964 diei
539 2939 624 2965 cum
649 2929 831 2978 Pompejo
852 2930 972 2967 navali
991 2937 1104 2967 certa-

75 2985 177 3012 mine
204 2973 401 3019 drmlcanS,
428 2978 522 3014 mala
547 2978 759 3026 tempestate
776 2979 855 3017 usus
873 2979 936 3023 fit,
963 2980 1105 3018 solenni

0 3038 1 3050 ³
75 3035 234 3073 pompae
247 3022 473 3074 fimulacrum
495 3030 642 3074 Neptuni
661 3029 859 3079 detraxisse.-
885 3043 930 3068 ex
948 3043 1025 3081 quo
1044 3043 1107 3080 pa-

75 3082 128 3112 tet
150 3104 161 3120 ‚
195 3076 289 3112 inter
316 3076 468 3124 reliquas
498 3076 652 3114 deorum
678 3080 852 3129 imagines
879 3080 1106 3120 Circensibus

77 3125 241 3174 Neptuni
260 3138 410 3175 quoque
431 3125 684 3165 simulachrum
696 3129 813 3168 afferri
824 3131 985 3171 solitum.
1001 3132 1105 3182 quod

77 3185 175 3214 nunc
194 3176 282 3214 dicit
306 3176 414 3213 Naso.
440 3177 618 3213 MARms.
758 3177 765 3179 ’

125 3227 184 3274 48.
223 3234 305 3264 Mea
331 3239 423 3263 terra
452 3227 590 3277 tenea]
635 3227 737 3276 Capit
762 3231 942 3271 meliores.
975 3229 1108 3284 quam-

80 3287 188 3327 quam
206 3279 247 3317 &
267 3278 412 3327 vulgata
432 3277 528 3316 resta
546 3277 599 3316 fit.
625 3287 666 3317 ut
685 3278 794 3326 Epist.
813 3292 911 3321 xvix.

2089 1442 2195 1501 Per

1206 1563 1324 1613 Nescio
1343 1576 1407 1614 quo
1427 1560 1529 1599 tellus
1546 1575 1600 1600 me
1619 1570 1709 1598 tenet
1726 1560 1789 1608 ista
1811 1558 1919 1597 modo,
1946 1557 2163 1600 Hrmsms.

1155 1613 1269 1663 Supra
1290 1614 1348 1651 lib.
1370 1627 1414 1651 11.
1433 1613 1535 1661 Eleg.
1557 1625 1608 1651 xx.
1629 1623 1687 1662 30.

1205 1670 1272 1708 Et,
1301 1664 1420 1710 Felix,
1449 1664 1564 1709 dicas,
1593 1675 1693 1714 quem
1706 1662 1774 1711 sua
1791 1671 1885 1699 terra
1904 1670 2009 1698 tenet.

1156 1714 1232 1752 Ubi
1251 1714 1347 1752 vide.

1208 1776 1265 1814 51.
1295 1763 1439 1813 Adfit.]
1468 1763 1572 1814 Adfis
1591 1762 1884 1801 Menteliiliber.

1210 1827 1265 1864 52.
1293 1814 1497 1865 Artifices.]
1527 1813 1697 1861 Lanificas
1719 1813 1866 1850 volebat
1888 1811 2071 1850 Francius.
2097 1822 2141 1849 ex
2168 1818 2201 1851 1.

1158 1866 1291 1903 Amor.
1320 1878 1409 1904 xm.
1434 1877 1492 1912 24.
1517 1865 1578 1902 sed
1605 1876 1683 1901 non
1713 1863 1793 1900 solis
1817 1863 1938 1900 lanam
1960 1862 2200 1907 facientibus,

1156 1916 1215 1954 sed
1244 1918 1415 1955 omnium
1442 1915 1576 1954 artium
1593 1912 1756 1952 studiofis
1776 1920 1939 1962 praeerat
1958 1940 1968 1957 ‚
2005 1917 2081 1948 Dea
2104 1912 2201 1949 mille

1158 1976 1315 2016 operum,
1341 1976 1381 2005 ut
1401 1966 1538 2004 Nostro
1560 1966 1619 2003 lib.
1650 1977 1714 2002 111.
1739 1964 1831 2002 Fast.
1856 1964 1942 2013 833.
1961 1962 2103 2001 dicitur.
2128 1974 2200 2000 nec

1156 2018 1253 2055 solae
1276 2017 1441 2056 lanificae
1462 2016 1668 2065 spectabant
1689 2014 1875 2052 Circenses
1891 2043 1900 2058 ,
1926 2013 1986 2052 sed
2009 2015 2097 2051 varii
2115 2014 2201 2050 arti·

1158 2067 1241 2106 fices
1264 2097 1274 2112 ‚
1318 2069 1382 2118 qui
1421 2079 1552 2106 ornnes
1589 2067 1784 2104 Minervae
1813 2065 1983 2115 plaudere
2013 2064 2199 2113 jubentur.

1158 2118 1425 2157 BURMANNU&

1209 2181 1269 2218 53.
1294 2168 1512 2219 Agricolae]
1540 2168 1741 2212 MelioreS,
1761 2165 1938 2204 ruricolae.
1961 2164 2172 2202 Hismsms.

1211 2232 1268 2269 53.
1296 2220 1519 2270 Teneroque.]
1549 2219 1720 2257 Francius
1738 2217 1916 2261 malebat,
1940 2215 2110 2270 plenoque.
2137 2212 2199 2252 sed

1156 2278 1325 2308 tenerum
1347 2271 1385 2308 ὃς
1406 2270 1610 2308 formosum
1624 2299 1635 2314 ,
1661 2280 1739 2307 non
1767 2266 2013 2306 ventricosum
2037 2263 2135 2302 fuiffe
2157 2265 2198 2301 ὃς

1156 2322 1367 2359 deformem
1389 2321 1575 2359 Bacchum
1603 2320 1730 2358 docuit
1756 2318 1917 2356 Broukh.
1940 2316 1984 2353 ad
2007 2315 2132 2352 Tibul.
2151 2326 2200 2353 Π.

1156 2385 1221 2410 111.
1244 2384 1301 2423 30.
1321 2371 1381 2410 ubi
1400 2373 1438 2410 ὃ(
1457 2378 1563 2409 Tener
1582 2371 1722 2408 dicitur.
1747 2369 2010 2406 BURMANNUS.
2174 2413 2183 2421 ·

1208 2437 1266 2472 ςς.
1292 2422 1460 2474 Puerique
1471 2421 1667 2472 potentibus
1684 2419 1829 2468 armis.]
1855 2417 2034 2466 puerisque
2050 2423 2202 2470 potentt-

1157 2473 1220 2511 bus
1247 2487 1332 2511 arcu
1360 2475 1575 2512 Puteaneus.
1602 2471 1713 2509 reete.
1737 2470 1823 2507 hinc
1846 2468 1925 2510 illa,
1953 2470 2201 2515 Armipotens,

1155 2525 1360 2573 ignipotens,
1389 2524 1596 2573 omnipotens
1623 2523 1661 2559 ὃς
1684 2519 1822 2556 similia.
1845 2518 2058 2554 HEINSXUS.
2086 2516 2199 2553 Forte

1158 2576 1288 2612 melius
1318 2573 1403 2612 effet
1424 2601 1434 2617 ,
1465 2571 1658 2623 potentibus
1679 2568 1791 2606 arctis.
1819 2576 1858 2607 ut
1877 2569 1925 2605 ita
1947 2566 2200 2622 passim-Deae

1158 2626 1298 2674 Diique
1323 2633 1472 2674 potentes
1499 2623 1641 2661 illarum
1667 2631 1787 2658 rerum
1808 2646 1819 2664 ,
1857 2617 1986 2667 quibus
2012 2616 2136 2673 yalent
2159 2617 2200 2653 δε

1158 2675 1325 2725 praesunt
1345 2674 1526 2712 dicuntur.
1546 2675 1595 2711 ita
1614 2671 1697 2710 diva
1713 2679 1829 2720 potens
1838 2668 2075 2717 frugum,1nf.
2096 2666 2202 2722 Eleg.

1160 2740 1195 2764 x.
1218 2738 1276 2775 35.
1297 2726 1431 2763 Horat.
1452 2738 1516 2763 111.
1536 2723 1611 2761 Od.
1629 2734 1691 2770 25.
1724 2719 1907 2757 Naiadum
1927 2727 2055 2767 potens.
2082 2717 2120 2754 &
2136 2726 2200 2754 Ata

1159 2777 1285 2826 paflim
1315 2777 1465 2814 Poetae.
1492 2775 1658 2823 antiquus
1683 2772 1770 2820 lapis
1795 2768 1892 2818 apud
1918 2769 2029 2817 Spon.
2061 2766 2202 2805 Miscel.

1158 2828 1270 2866 Erud.
1296 2839 1376 2877 pag.
1404 2826 1463 2872 76.
1489 2825 1630 2874 Jupiter
1653 2820 1888 2872 tempestatum
1907 2828 2033 2869 potens.
2062 2819 2100 2855 ὃς
2117 2828 2200 2873 pag..

1159 2890 1219 2927 9¹·
1248 2876 1443 2915 Mercurius
1472 2875 1562 2913 lucri
1583 2884 1714 2924 potens.
1746 2874 1785 2909 &
1813 2870 1928 2908 millia
1950 2877 2062 2907 notae
2079 2869 2199 2916 hujus.

1159 2940 1230 2966 nec
1251 2937 1377 2966 tamen
1395 2940 1479 2964 arcu
1496 2926 1682 2965 damnem.
1710 2923 1975 2960 BURMANNUS.

1212 2980 1270 3029 56.
1297 2977 1530 3027 pandimus]
1555 2977 1613 3013 Sic
1633 2974 1783 3024 quidem
1806 2973 1845 3010 in
1862 2970 2031 3009 omnibus
2051 2966 2200 3016 impres-

1160 3029 1202 3067 fis
1229 3029 1496 3078 exemplaribus
1527 3027 1658 3077 legitur
1677 3052 1688 3069 ,
1732 3022 1792 3062 sed
1826 3029 2023 3069 corrupte:
2066 3029 2197 3055 manu·

1160 3081 1287 3130 scripta
1308 3081 1409 3118 enim
1435 3079 1595 3122 habent,
1623 3075 1829 3113 plaudimus
1848 3089 1858 3109 ,·
1896 3074 1933 3109 &
1964 3070 2011 3107 fic
2038 3078 2196 3105 omnino

1158 3131 1359 3180 legendum
1380 3128 1450 3168 effe
1470 3130 1550 3179 quis
1568 3139 1645 3165 non
1668 3123 1794 3164 videt?
1824 3124 1999 3178 Minurus.
2108 3166 2115 3173 ι

1213 3193 1271 3229 57.
1298 3187 1424 3231 Daque
1451 3192 1582 3217 novam
1605 3187 1754 3215 mentem
1773 3174 1954 3213 dominae,
1983 3178 2022 3205 ut
2038 3175 2199 3216 patiatur

1161 3231 1316 3279 amari,]
1346 3231 1495 3268 Reffius
1516 3231 1553 3267 in
1574 3227 1679 3265 MSS.
1701 3223 1884 3262 codicibus
1902 3219 2053 3265 legitur,
2075 3229 2201 3260 novae,

1164 3281 1202 3320 id
1224 3281 1295 3328 est,
1315 3281 1373 3320 cui
1390 3281 1601 3329 nuperrime
1625 3276 1755 3312 servire
1776 3273 1892 3320 coepi.
1914 3268 2002 3309 illud
2025 3276 2065 3306 ut
2086 3267 2199 3307 etiam

1611 3325 1799 3370 Oooz.
2155 3316 2206 3356 est
