2553 3676
286 220 389 271 400

753 188 814 244 P:
889 182 1917 244 OVIDII'NASONI'S

582 281 711 338 Non
738 279 846 335 eris
865 275 1129 341 invidiae,
1166 288 1406 341 torrem,
1446 276 1612 347 (mihi
1640 276 1838 347 crede)
1866 274 2154 343 ferendae,

662 353 716 409 Si
744 353 891 407 dicar
915 368 1011 424 per
1037 349 1258 405 refert-e
1286 363 1528 405 retentus
1553 367 1746 404 amans

586 427 834 484 Flumina
857 424 1119 480 deberent
1143 423 1364 496 juvenes
1388 424 1444 477 in
1473 440 1656 477 amore
1676 423 1891 494 juvare?

664 499 907 554 Flumina
930 497 1202 553 senserunt
1225 497 1359 569 ipsa,

1397 495 1530 568 quid
1554 494 1682 548 effet
1704 514 1873 552 amor,

482 593 548 643 25
583 573 806 630 Inachus
828 573 885 628 in
908 570 1079 627 Melie
1104 568 1397 640 Bithynide
1425 566 1648 638 pallidus
1670 567 1763 622 iffe

659 646 904 709 Dicitur,
943 645 999 699 &
1025 643 1214 716 gelidis
1236 639 1504 694 incaluiss'e
1528 639 1690 693 vadis,

590 719 854 776 Nondum
879 716 1048 786 Troja
1073 715 1176 770 fuit
1199 713 1369 769 lustiis
1394 711 1591 766 obsess'a
1617 711 1826 767 duobus
1841 713 1865 778 ‚'

667 792 813 846 Cum
837 790 1010 863 rapuit
1035 789 1238 851 vultum,
1273 786 1522 850 Xanthe‚
1558 785 1766 840 Neaera
1792 799 1932 842 tuos,

594 865 777 938 Quid?
809 882 931 918 'non
956 862 1212 934 Alpheon
1238 859 1451 915 diversis
1476 877 1693 914 currere
1721 861 1876 914 terris

489 959 555 1005 30
664 937 905 1010 Virginis
932 936 1199 991 Arcadiae
1225 947 1403 989 certus
1430 932 1613 1005 adegit
1637 934 1821 988 amor?

307 1154 411 1191 cibus.
435 1151 529 1191 forte
549 1151 745 1199 scripserit,
774 1148 863 1185 rivis
893 1147 991 1197 effuse
1012 1147 1199 1198 rapacibus.
1227 1146 1276 1186 fic
1294 1159 1354 1184 ra-

305 1215 399 1254 paces
429 1204 542 1240 undae
583 1214 654 1239 vii.
685 1201 842 1238 Metam.
880 1211 962 1247 550.
1000 1199 1039 1236 &
1075 1198 1214 1247 rapidae
1241 1211 1354 1248 aquae

307 1267 399 1293 mox
425 1254 479 1298 jis.
509 1254 569 1290 80.
597 1253 635 1288 δε
664 1251 802 1300 passim.
837 1249 948 1298 ripam
972 1249 1010 1285 δε
1031 1249 1154 1286 rivum
1173 1248 1355 1287 confundi

306 1306 467 1344 vidimus
488 1304 533 1341 ad
553 1302 665 1351 Epist.
684 1314 719 1338 v,
741 1312 799 1347 27.
818 1299 845 1336 fi
864 1299 1010 1348 vulgata
1026 1299 1210 1346 servetur,
1237 1298 1358 1349 potest

308 1365 444 1395 votum
469 1354 643 1403 intelligi,
670 1361 711 1391 ut
739 1353 833 1390 intra
852 1350 1026 1396 alveum,
1053 1350 1133 1390 satis
1157 1363 1359 1401 capacem,

309 1408 410 1446 fluat.
435 1407 606 1445 BuRMAN
617 1417 700 1442 nus.
1150 1406 1153 1409 '

322 1487 325 1490 -
360 1471 421 1497 21.
449 1465 529 1495 Non
547 1456 610 1493 eris
628 1454 788 1492 invidiae
807 1464 936 1491 torrens
964 1453 1081 1504 (mihi
1104 1453 1219 1500 crede)
1235 1455 1358 1500 feren-

310 1509 415 1559 dae]
446 1509 488 1546 Id
511 1507 582 1551 est,
609 1518 689 1544 non
718 1507 786 1544 eris
811 1506 914 1550 satis,
942 1505 1018 1544 five
1039 1505 1218 1543 sufficiens
1236 1505 1281 1543 ad
1300 1506 1357 1543 in-

308 1561 449 1598 vidiam
478 1569 635 1596 omnem
666 1556 855 1595 ferendam
884 1569 926 1595 ac
954 1556 1210 1595 sustinendam.
1237 1556 1296 1594 Sic
1321 1557 1360 1594 &

310 1611 405 1660 apud
430 1610 606 1647 Livium:
636 1607 754 1645 Dedm
782 1607 992 1658 benignitate
1017 1616 1118 1657 remp.
1142 1607 1280 1656 gratiae
1307 1620 1360 1643 re-

299 1661 466 1709 ferendae
495 1659 562 1710 effe.
598 1660 646 1697 Et
675 1659 815 1698 rursum
839 1672 848 1697 :
885 1659 1027 1697 Divites
1052 1660 1243 1707 conferrent
1260 1686 1271 1702 ‚
1299 1657 1362 1707 qui

309 1712 401 1749 oneri
425 1711 575 1760 ferundo
603 1710 728 1762 essent,
752 1711 888 1749 scilicet
915 1711 1146 1749 sufficientes.
1178 1710 1264 1748 κατ’
1295 1711 1361 1747 ἕλ-

311 1762 439 1807 Anniam.
467 1763 694 1801 MiCYLLUS.
722 1762 776 1800 Ita
796 1762 859 1801 lib.
878 1774 912 1800 x.
936 1763 1095 1800 Metam.
1113 1761 1200 1799 628.

386 1832 469 1864 Non
487 1827 552 1864 erit
568 1826 728 1864 invidiae
744 1825 894 1863 victoria
914 1824 1027 1872 nostra
1041 1823 1217 1871 serendae.

362 1900 423 1927 22.
451 1887 607 1938 Amara]
620 1890 676 1927 Ex
694 1888 826 1927 vetusti
846 1888 982 1926 codicis
998 1887 1217 1926 auctoritate
1239 1889 1363 1927 omni-

314 1952 368 1979 no
402 1938 605 1988 legendum
642 1940 691 1978 est
713 1969 723 1985 ‚
766 1943 939 1976 Amans:
984 1939 1070 1976 licet
1107 1951 1235 1988 parurn
1268 1940 1363 1978 bene

314 1991 538 2042 pentametri
554 1990 675 2029 versus
695 1991 731 2028 in
750 1991 937 2039 participia
952 1990 1168 2039 hujusmodi
1188 1989 1364 2029 defluant.

315 2040 511 2080 duriusculi
532 2042 632 2079 enim
652 2041 875 2079 redduntur:
904 2041 965 2079 sed
990 2040 1141 2091 quando
1168 2041 1208 2080 id
1225 2043 1366 2091 parcius

317 2090 384 2138 fit,
411 2092 645 2130 tolerandum
666 2093 724 2130 est.
753 2093 935 2130 Mimos.

367 2156 430 2192 25.
458 2143 607 2180 Inachus
640 2143 677 2181 in
706 2143 873 2193 Media.]
914 2140 1076 2181 Fortasse
1105 2142 1220 2180 Melia
1242 2143 1369 2192 legen-

319 2193 411 2232 dum
430 2223 442 2239 ‚
475 2202 516 2232 ut
547 2193 588 2232 fit
625 2195 826 2244 Nymphae
854 2206 1008 2232 nomen.
1045 2193 1086 2231 fit
1117 2195 1219 2231 enim
1250 2195 1289 2231 &
1326 2195 1369 2231 ab

318 2245 527 2294 Apollonio
555 2245 716 2284 secundo
743 2246 836 2283 libro
864 2246 1008 2282 mentio
1033 2244 1223 2293 cujusdam
1246 2245 1372 2293 Nym-

319 2298 414 2347 phae
430 2294 654 2346 Bithynidis,
675 2307 770 2347 quae
791 2297 969 2344 Neptuno
993 2296 1186 2345 Amycum
1206 2297 1370 2345 peperit:

731 2352 800 2396 ‘'Ov
824 2371 915 2396 ποτε
937 2358 1056 2405 νύμφη

374 2407 493 2443 Tim
516 2408 727 2448 Ποσειδάωνι
750 2410 914 2458 ’γενεθλίῳ
940 2409 1121 2452 {vmido-x

332 2511 334 2514 v
375 2459 501 2501 Βιθυνὶς
523 2461 656 2514 Μελίη.
710 2462 967 2500 NAUGEMUS.

329 2526 453 2563 Media
471 2525 623 2575 quidem
645 2527 683 2565 in
706 2527 879 2565 omnibus
908 2527 1106 2576 impressss,
1135 2526 1175 2564 &
1197 2526 1378 2577 plerisque

332 2578 582 2627 manuscriptis
610 2578 875 2628 exemplaribus
908 2579 1071 2627 legitur:
1106 2578 1225 2615 nullus
1252 2587 1379 2616 tamen

330 2628 448 2666 sensus
469 2656 480 2671 ,
519 2629 583 2678 qui
610 2631 702 2668 mihi
732 2630 902 2679 placeat,
939 2641 984 2666 ex
1015 2629 1083 2667 hac
1109 2628 1272 2667 lectione
1301 2628 1383 2666 elici

333 2679 461 2725 potest.
490 2679 632 2718 Idcirco
657 2680 719 2719 diu
752 2681 866 2718 animi
895 2681 1045 2724 nutavi,
1073 2679 1195 2718 donec
1223 2679 1384 2717 Francis-

337 2740 399 2765 cus
429 2731 647 2769 Mocenicus
676 2734 845 2781 patricius
866 2731 1059 2776 Venetus,
1090 2730 1281 2779 Magnifici
1303 2730 1385 2768 An-

338 2778 446 2816 dreae
467 2779 579 2824 filius,
606 2784 670 2832 qui
688 2783 780 2821 mihi
798 2784 836 2821 ὃς
859 2782 987 2820 officiis
1010 2783 1048 2821 ἃ
1066 2782 1309 2820 familiaritate
1333 2781 1382 2818 est

339 2830 654 2877 conjunffiffimus
668 2861 678 2878 ‚
707 2834 797 2871 mihi
818 2833 1023 2872 horrendae
1044 2832 1230 2871 vetustatis
1255 2844 1388 2870 manu-

337 2880 511 2929 scriptum
532 2883 701 2920 codicem
721 2885 860 2930 attulit,
888 2886 926 2923 in
946 2897 1023 2934 quo
1043 2884 1214 2933 scriptum
1232 2883 1388 2933 legimus

341 2943 421 2969 non
450 2931 594 2978 Media,
620 2934 680 2971 sed
708 2935 840 2972 Melia:
869 2938 908 2973 ὅς
936 2936 984 2973 fic
1013 2936 1172 2973 omnino
1195 2935 1243 2973 est
1264 2936 1390 2984 legen-

343 2982 447 3020 dum.
491 2982 551 3019 Est
578 2985 678 3021 enim
705 2997 846 3022 nomen
870 2987 1060 3034 proprium
1089 2986 1277 3034 nymphae
1299 3015 1309 3030 ‚
1347 2998 1392 3023 ex

344 3045 417 3082 qua
438 3034 632 3081 Neptunus
658 3036 846 3084 Amycum
866 3036 1037 3084 suscepit:
1058 3044 1097 3073 ut
1117 3037 1227 3072 refert
1248 3037 1393 3074 Servius

344 3085 451 3133 super
472 3084 559 3122 illud
581 3085 825 3134 virgilianum
848 3085 908 3122 lib.
929 3099 963 3123 v.
983 3085 1143 3122 Aeneid.
1166 3096 1251 3134 373.

400 3134 563 3183 Bebrycia
581 3138 722 3173 veniens
745 3136 876 3185 Amyci
895 3136 935 3172 de
950 3146 1049 3185 gente
1060 3135 1209 3184 serebat.

348 3185 398 3223 Et
427 3186 649 3234 Apollonius
676 3188 736 3225 lib.
766 3200 813 3224 11.
842 3188 1046 3236 Argonaut.
1077 3187 1229 3236 princip.
1258 3185 1304 3224 de
1325 3187 1393 3224 hac

348 3236 462 3273 'Melia
482 3237 676 3287 Bithynide
695 3240 743 3277 ita
761 3239 955 3282 meminit,
978 3237 1011 3274 ἵν
1031 3251 1122 3274 ποτε
1142 3237 1262 3284 νύμφη
1285 3238 1394 3276 τίκτε

351 3288 562 3327 Πςαειόάωω
581 3290 746 3340 γενεθλίῳ
769 3288 943 3332 {annosam
966 3287 1089 3334 Βιθυνὶς
1110 3290 1241 3330 Μελίη.
1268 3290 1394 3342 Birhgy-¹

2368 1007 2460 1067 Te

1409 1145 1518 1184 nide:
1556 1144 1578 1184 a
1614 1147 1806 1196 provincia
1838 1146 2011 1196 Bithynia
2033 1174 2043 1191 ,
2079 1159 2173 1197 quae
2205 1147 2254 1187 est
2283 1149 2320 1187 in
2347 1148 2457 1189 Ponti

1410 1197 1589 1242 exordio,
1619 1199 1658 1235 ὃς
1684 1198 1884 1236 Thraciam
1905 1199 1949 1236 ab
1971 1199 2128 1236 Oriente
2147 1201 2287 1249 tangit:
2318 1200 2413 1238 dicta
2433 1200 2457 1238 Ξῖ

1409 1259 1494 1296 rege
1514 1248 1690 1302 Bithyno.
1718 1257 1824 1287 antea
1843 1250 2087 1299 appellabatur
2107 1251 2268 1300 Bebrycia
2294 1252 2332 1288 ὃς
2360 1259 2460 1300 Myg-

1413 1298 1529 1336 donia.
1573 1301 1754 1338 MARws.
1817 1301 1984 1339 Verbum
2031 1301 2178 1338 Inachus
2223 1303 2262 1339 &
2306 1302 2460 1341 alterum

1413 1349 1538 1386 Media
1551 1349 1610 1388 ⁴de
1642 1351 1782 1389 mendo
1807 1352 1899 1389 mihi
1919 1351 2078 1400 suspecta
2099 1352 2179 1390 sunt
2199 1365 2206 1390 :
2244 1353 2304 1390 vel
2324 1352 2355 1390 fi.
2375 1353 2461 1392 cum

1411 1400 1601 1450 Paganino
1632 1403 1789 1452 corrigas
1814 1412 1924 1453 atque
1951 1403 2125 1441 emendes
2145 1431 2154 1448 ,
2184 1403 2309 1441 Melia.
2338 1404 2463 1442 Num-

1412 1463 1527 1500 quam
1553 1453 1654 1491 enim
1678 1455 1834 1503 reperias
1856 1482 1866 1498 ‚
1904 1461 1946 1492 ut
1972 1454 2122 1503 quidem
2157 1462 2247 1503 puto
2265 1484 2275 1500 ,
2302 1455 2462 1494 Meliam

1412 1501 1638 1551 Bithyniden
1658 1505 1702 1542 ab
1727 1506 1865 1543 Inacho
1884 1503 1986 1543 fuiffe
2008 1514 2168 1543 amatam
2185 1534 2195 1550 ,
2223 1505 2289 1543 nisi
2307 1506 2463 1555 accipias
2537 1519 2539 1524 ·

1414 1553 1619 1599 Inachum,
1649 1554 1734 1593 cum
1763 1556 1894 1594 fluvius
1922 1555 1988 1600 fit,
2016 1568 2084 1604 pro
2113 1557 2306 1605 Neptuno,
2341 1558 2465 1607 Hujus

1415 1605 1555 1642 Meliae
1579 1606 1721 1654 (modo
1753 1607 1802 1645 ita
1829 1607 1901 1655 legi
1921 1607 2083 1655 placeat)
2104 1607 2309 1656 Bithynidis
2324 1636 2334 1651 ‚
2360 1609 2466 1657 quod

1417 1656 1457 1693 δε
1485 1656 1688 1706 Paganinus
1714 1657 1832 1702 vidit,
1859 1658 2004 1695 mentio
2026 1658 2073 1695 est
2099 1657 2197 1707 apud
2216 1658 2466 1706 Apollonium

1415 1707 1524 1745 initio
1556 1708 1632 1757 ipso
1658 1708 1720 1746 lib.
1748 1720 1795 1746 11.
1823 1707 2031 1758 Argonaut.
2058 1709 2118 1746 De
2143 1709 2322 1758 Neptuno
2347 1710 2385 1746 &
2406 1709 2467 1748 Bi·

1415 1758 1594 1807 thynide,
1621 1771 1666 1797 ex
1685 1771 1757 1810 qua
1776 1759 1836 1797 ille
1857 1761 2049 1809 Amycum
2072 1760 2246 1808 suscepit,
2275 1761 2324 1798 ita
2346 1761 2470 1810 Hygi·

1415 1821 1485 1847 nus
1502 1810 1588 1848 Fab.
1614 1823 1669 1858 17.
1691 1816 1850 1860 Amycus
1867 1810 1947 1859 fuit
1973 1811 2126 1861 Neptuni
2146 1822 2194 1850 er
2214 1810 2335 1848 Melies
2344 1811 2467 1859 filius,

1417 1860 1599 1911 Bebryciae
1623 1876 1697 1900 rex.
1725 1868 1767 1899 In
1792 1861 2027 1910 lmjusregna
2046 1862 2106 1913 qui
2125 1872 2320 1906 venerant,
2351 1862 2469 1910 caesti-

1420 1910 1481 1948 bus
1507 1912 1639 1961 cogebat
1658 1912 1778 1960 secum
1805 1912 2023 1956 contendere,
2044 1926 2095 1952 cy
2123 1913 2273 1950 devictos
2294 1913 2470 1963 perdebat.

1421 1962 1486 2000 Hic
1516 1964 1595 2000 cnm
1627 1967 1855 2013 Argonautas
1871 1964 2079 2014 provocaffi’t
2102 1965 2150 2001 ad
2170 1964 2315 2012 caestus,
2345 1965 2476 2003 Pollux

1423 2026 1501 2050 cum
1520 2028 1553 2051 eo
1574 2015 1748 2052 contendit
1765 2042 1776 2058 ,
1804 2026 1847 2054 ω’
1872 2029 1951 2052 eum
1981 2016 2165 2063 interficit.
2205 2016 2353 2054 Mentio
2381 2016 2472 2055 item

1424 2065 1473 2102 est
1500 2066 1597 2114 apud
1629 2065 1905 2115 Apollodorum
1932 2066 1994 2104 lib.
2032 2080 2063 2104 1.
2093 2067 2354 2104 Bibliothecae.
2402 2067 2474 2106 Sed.

1425 2118 1577 2161 omnia,
1604 2126 1645 2154 ut
1677 2129 1754 2155 uno
1784 2117 1898 2155 verbo
1927 2118 2147 2156 concludam
2166 2146 2175 2162 ,
2215 2118 2258 2155 ab
2287 2119 2361 2156 hoc
2385 2119 2479 2157 loco

1424 2167 1541 2205 aliena
1565 2166 1635 2205 effe
1657 2169 1750 2206 mihi
1778 2167 1961 2206 videntur.
1990 2170 2139 2207 Locum
2161 2169 2367 2219 diligentius
2389 2181 2476 2208 exa-

1427 2218 1571 2255 minent
1590 2219 1819 2257 eruditiores,
1839 2220 2008 2258 CIOFAN.
2036 2221 2097 2259 Ad
2117 2221 2320 2269 marginem
2340 2220 2476 2259 codicis

1428 2269 1599 2317 Scaligeri
1618 2268 1823 2319 affcriptum
1845 2279 1921 2308 erat
1937 2299 1946 2313 ‚
1966 2271 2114 2308 Inachus
2134 2272 2171 2308 in
2193 2271 2308 2308 Melie.
2336 2272 2374 2309 &
2392 2272 2476 2310 Par-

1427 2319 1583 2364 rhasius,
1613 2321 1736 2359 Melia.
1763 2321 1870 2358 DAN.
1898 2322 2044 2360 Heius.
2083 2322 2273 2371 Quidam,
2302 2322 2341 2359 in
2365 2329 2477 2372 Nym-

1424 2370 1506 2420 pha.
1543 2372 1725 2421 Excerpta
1756 2372 1929 2410 Politiani
1949 2401 1959 2417 ,
1998 2372 2119 2410 Melia.
2159 2375 2362 2411 Puteaneus
2392 2385 2478 2412 cum⁴

1431 2423 1622 2472 Excerptis
1654 2423 1823 2472 Scaligeri
1844 2451 1855 2468 ,
1894 2424 2010 2462 Melie.
2051 2424 2250 2474 quomodo
2279 2424 2484 2463 Parrhasius>

1431 2473 1544 2522 Epist.
1576 2486 1627 2512 vr.
1656 2475 1693 2512 ὅτ.
1726 2475 1932 2523 Naugerius
1961 2476 1999 2513 in
2031 2477 2154 2514 Notis.
2182 2477 2245 2526 qui
2275 2476 2479 2514 videantur.

1435 2525 1542 2562 Haec
1570 2526 1705 2574 opinor
1733 2525 1860 2564 Amici
1891 2526 2060 2576 Bebrycis
2092 2535 2209 2565 mater
2232 2527 2310 2564 fuit.
2335 2539 2420 2564 nam
2440 2526 2482 2565 &
2531 2545 2533 2559 ί

1436 2576 1497 2613 illa
1527 2577 1653 2619 Βιθυνὶς
1683 2576 1805 2617 Μελίη
1833 2577 2042 2625 Apollonio
2073 2578 2169 2616 dicta
2196 2578 2303 2616 initio
2330 2577 2409 2616 libri
2436 2589 2484 2615 Π.

1438 2628 1679 2677 Argonautic.
1706 2628 1794 2666 hinc
1823 2628 1980 2666 emenda
2003 2629 2279 2678 Apollodorum
2299 2629 2392 2666 libro
2413 2629 2490 2677 pri--

1438 2690 1528 2722 mo,
1559 2679 1620 2717 ubi
1644 2675 1794 2724 Ἀμύκος
1822 2678 2030 2723 noo-asaiam
2058 2682 2143 2723 παῖς
2165 2682 2227 2716 nai
2251 2679 2410 2722 Βιθυνίδος
2430 2679 2487 2718 di·

1441 2730 1546 2768 citur.
1574 2742 1659 2768 curn
1678 2743 1755 2769 vox
1775 2742 1847 2768 una
1864 2729 2033 2768 excidiffe
2056 2732 2245 2775 videatur,
2276 2732 2314 2768 &
2332 2731 2484 2769 scriben-

1443 2780 1532 2818 dum
1549 2809 1559 2824 ,
1589 2783 1650 2818 καὶ
1671 2782 1809 2824 Μελίης
1832 2780 2005 2824 Βιέυνίδσς.
2033 2794 2259 2832 quamquam
2279 2781 2488 2820 Scholiastes·
2530 2799 2531 2803 ¹

1444 2833 1640 2880 Apollonii
1668 2832 1713 2870 ad
1740 2833 1844 2871 illum
1873 2833 2001 2870 locum
2031 2834 2212 2871 incertum
2233 2845 2373 2871 nomen
2392 2831 2488 2879 apud.

1444 2884 1646 2922 nonnullos
1670 2883 1793 2921 haberi
1821 2884 1951 2921 matris
1978 2886 2115 2933 Amyci
2138 2885 2307 2928 testatum
2337 2883 2414 2922 usus
2440 2881 2488 2920 ad*

1445 2935 1521 2972 hoc
1545 2935 1762 2972 Callimachi
1784 2934 2010 2972 auctoritate.
2040 2935 2171 2971 Melien
2192 2946 2345 2984 quoque
2364 2935 2400 2972 V
2402 2933 2483 2972 aler.

1448 2985 1543 3023 Flac.
1566 2987 1625 3023 lib.
1645 2997 1699 3022 1v.
1720 2985 1800 3022 118.
1820 2986 1997 3033 appellat,
2011 2986 2048 3023 ὃς
2075 2987 2256 3035 Hyginus.
2279 2987 2489 3023 Hfirnsms..

1447 3036 1532 3072 vide
1559 3038 1597 3072 ὃ(
1629 3035 1797 3072 Servium
1832 3035 1878 3072 ad
1914 3036 2042 3085 Virgil.
2077 3049 2113 3074 v.
2148 3037 2304 3074 Aeneid.
2331 3047 2412 3086 573.
2447 3035 2486 3072 &

1449 3085 1671 3122 Scholiasten
1686 3086 1786 3123 Statii
1806 3086 1851 3124 ad
1871 3087 2006 3124 liban.
2020 3088 2143 3125 Theb.
2156 3099 2237 3137 353.
2254 3087 2313 3125 sed
2331 3084 2490 3124 &Melia

1449 3137 1710 3184 appellativum
1743 3149 1884 3174 nomen
1911 3150 1978 3187 pro
2004 3140 2180 3187 Nympha
2211 3139 2392 3175 arborum.
2417 3135 2490 3174 vid.

1450 3187 1579 3225 Frisch.
1594 3188 1637 3224 ad
1653 3187 1740 3224 Call.
1754 3189 1861 3238 Hym
1884 3190 1921 3226 in
1937 3190 2016 3227 Del.
2031 3190 2079 3227 80
2105 3192 2142 3228 ὃς
2157 3191 2349 3238 Spanhem.
2362 3187 2489 3224 Euam.

1501 3251 1561 3284 27.
1590 3238 1761 3289 Obseffiz.]
1799 3239 1951 3290 Oppreffa
1978 3241 2143 3285 Moreti‚
2172 3239 2336 3279 Scriverii
2351 3265 2362 3283 ,
2389 3237 2490 3275 Pala-

1449 3289 1547 3330 tinus
1561 3319 1571 3337 ,
1599 3290 1828 3331 Francofurn
1852 3293 1891 3331 &
1910 3300 2067 3342 quatuor
2087 3291 2159 3331 alii.
2381 3342 2421 3374 N

2294 3348 2355 3388 310
2420 3347 2494 3383 eac<-
