2553 3676
671 174 1200 248 AMoR-UM
1272 180 1473 236 ιη..
1519 183 1621 240 111.
1699 190 1743 247 8.

2141 209 2239 258 505

400 265 514 321 Aut
540 275 594 319 te
620 262 844 331 trajeffis
867 261 1045 314 Aeaea
1068 264 1306 319 venefica
1328 267 1456 322 lanis

293 336 360 390 80

469 338 746 392 Devovet:
788 344 877 385 aut
903 333 1003 385 alio
1027 333 1174 389 lassus
1199 354 1380 393 amore
1404 342 1565 396 venis

398 410 515 464 Nee
539 421 714 457 mora:
755 403 960 457 desiluit
985 407 1165 461 tunica
1190 410 1358 464 velata
1382 414 1642 468 reeinffli:

465 477 538 532 Et
559 476 743 529 decuit
766 475 939 529 nudos
961 479 1272 552 proripuisse
1294 483 1473 554 pedes.

394 549 546 604 Neve
569 547 690 600 suae
718 548 924 619 possent
950 549 1202 607 interfit-arn
1228 554 1359 610 seire
1383 555 1681 620 ministrae;

463 619 717 675 Dedecus
746 620 851 675 hoe
876 621 1045 676 sumta
1068 625 1409 683 diffimulavit
1438 631 1589 703 aqu-21.

103 761 219 811 Quod
246 767 370 798 autem
398 759 434 797 in
455 757 710 807 hujuscemodi
731 760 896 811 Cocytiis
928 761 1030 799 sacris
1056 762 1138 803 lana

100 818 309 855 uterentur,
336 807 491 847 ostendit
520 810 559 846 &
587 809 812 849 Theocritus
840 813 876 849 in
896 813 1139 852 Pharmaceu-

97 864 165 900 tria
184 862 246 899 illo
267 862 485 898 hexametro
503 872 511 896 :
548 860 687 901 Στέψσν
711 864 780 897 τᾶν
800 863 959 906 κελέβαν
979 862 1138 911 φοινικέῳ

101 913 166 954 ὃιὶς
189 912 303 958 ἀώτῳ.
321 912 500 948 MARIUS.
532 909 573 947 In
595 912 783 949 Puteaneo
797 940 806 956 ,
836 917 916 949 Aut
935 923 1028 949 terra
1047 914 1140 952 lestis

99 962 229 1006 ramis,
258 963 296 999 &
323 973 389 1010 pro
411 961 547 999 diversa
568 961 752 1007 lectione,
781 963 883 1001 lanis.
909 964 1061 1012 trajectis
1080 978 1140 1001 ra-

98 1013 165 1051 mis
188 1014 226 1051 in
254 1013 418 1062 quinque
449 1012 538 1049 aliis.
564 1011 699 1049 deleatis
726 1014 836 1049 ramis
863 1016 900 1052 in
924 1015 1138 1054 Sarraviano

95 1064 300 1113 praestantis
331 1071 455 1100 notae.
484 1062 617 1110 selefflis
654 1064 764 1100 ramis
798 1063 912 1102 editio
950 1066 1066 1113 prima
1099 1068 1139 1104 ὃς

95 1123 254 1164 quatuor
279 1114 427 1162 scripti;
464 1113 522 1150 alii
550 1113 686 1161 septem
711 1142 720 1157 ‚
757 1114 898 1151 coluriis
929 1116 1048 1154 ramis.
1094 1117 1136 1155 In

93 1165 368 1214 Neapolitano,
397 1168 478 1201 Aut
509 1173 601 1200 terra
632 1164 741 1200 elefft'is
761 1165 881 1202 ramis.
909 1166 1055 1213 jaciatis
1079 1181 1140 1203 ra-

95 1216 162 1253 mis
183 1217 219 1253 in
241 1216 469 1253 Scriveriano
491 1214 610 1252 bonae
631 1223 754 1253 notae.
782 1216 818 1253 in
845 1218 954 1253 tertio
972 1216 1137 1255 Palatino

92 1267 205 1303 etiam
222 1265 406 1304 laudando
420 1293 430 1309 ,
458 1265 652 1314 transjectis
669 1265 789 1302 ramis.
816 1266 854 1303 in
874 1266 948 1303 aliis
969 1266 1133 1313 duobus,

92 1317 289 1361 transjettis
320 1316 422 1352 lanis.
460 1316 497 1352 in
529 1327 628 1360 uno,
655 1317 807 1365 trajectis
827 1316 935 1353 venis.
971 1317 1007 1353 in
1031 1330 1132 1363 uno,

90 1366 226 1404 delecflis
254 1367 375 1405 ramis.
411 1366 463 1401 Tb
493 1365 585 1402 lanis
610 1378 688 1403 non
719 1365 790 1403 effe
821 1366 1065 1411 mutandum,
1094 1370 1133 1406 ὃς

90 1419 171 1466 capi
193 1417 325 1455 debere
350 1417 396 1455 de
423 1416 535 1454 laneis
555 1417 771 1465 imaginibus
786 1445 797 1461 ‚
823 1429 910 1466 quas
932 1429 999 1455 acu
1018 1426 1132 1457 trans-

87 1468 236 1506 suebant
264 1468 390 1517 sagae,
419 1467 520 1516 supra
552 1466 710 1505 diximus
737 1469 805 1505 hac
834 1469 905 1516 ipsa
935 1468 1058 1517 Elegia
1086 1470 1132 1508 ad

90 1518 145 1563 ΥΤ.
173 1531 231 1568 29.
260 1518 425 1556 Fortassis
447 1526 597 1562 tamen,
626 1518 776 1567 trajeetis
798 1518 928 1554 lamnis
948 1531 1132 1567 reponen-

88 1569 190 1609 dum.
217 1577 258 1607 ut
283 1569 328 1607 de
356 1569 499 1607 laminis
526 1568 688 1606 litteratis
710 1568 770 1607 seu
792 1569 929 1606 tabellis
951 1570 1129 1617 plumbeis

86 1621 332 1668 intelligatur,
360 1620 405 1657 de
433 1619 563 1668 quibus
592 1620 713 1666 paullo
742 1627 827 1656 ante
848 1619 1053 1668 agebamus.
1081 1622 1132 1659 D.

87 1667 345 1718 Hieronymus
368 1669 413 1706 de
432 1670 507 1705 vita
531 1669 755 1712 Hilarionis,
783 1670 843 1706 ubi
865 1670 937 1717 agit
958 1670 1003 1707 de
1019 1671 1130 1719 juve-

83 1732 133 1760 ne
149 1720 332 1769 perditum
349 1721 385 1756 in
408 1719 564 1756 modum
582 1719 739 1766 puellam
760 1720 942 1769 quandam
961 1731 1126 1760 amante:

85 1772 199 1819 Igitur
221 1770 290 1820 post
317 1783 453 1806 annum
477 1769 594 1804 datius
616 1768 660 1804 ab
682 1769 877 1818 Aesculapii
896 1769 1039 1807 vatibus
1060 1785 1128 1809 non

85 1821 310 1860 remediantis
337 1820 498 1863 animas,
518 1819 581 1867 fied
603 1820 796 1866 perdentis,
825 1820 925 1855 venit
950 1822 1127 1869 praesum-

81 1866 184 1923 ⁴ptum
213 1871 331 1908 animo
353 1870 511 1918 stuprum
540 1868 698 1917 gestiens,
728 1882 770 1909 ey
790 1870 910 1917 *stilti*
936 1869 1042 1907 limen
1069 1873 1128 1909 do-

87 1937 166 1962 mus
185 1922 319 1972 puellae
342 1930 515 1957 tormenta
535 1919 707 1968 quaedam
727 1921 910 1957 verborum
933 1932 976 1959 <9²
988 1930 1129 1970 porten-

83 1975 174 2023 tofizs
195 1973 328 2022 figuras
345 1971 497 2020 sculptas
524 1971 562 2006 in
590 1970 677 2006 aeris
698 1971 816 2019 Cyprii
836 1970 971 2007 lamina
989 1972 1129 2018 defodit.

83 2025 280 2073 Perperam
312 2022 418 2060 multi
447 2021 614 2064 codices,
642 2026 713 2057 an
736 2021 899 2068 venefica.
928 2022 988 2058 sed
1009 2028 1128 2060 Aeaea

82 2081 152 2124 pro
177 2074 351 2111 Colchica
368 2073 463 2109 bene
484 2072 518 2108 se
540 2071 658 2108 habet.
688 2071 800 2115 Κίρκη
819 2071 925 2110 Αἷκῑη
953 2072 1126 2111 Homero

87 2124 218 2174 Odyff.
251 2136 320 2161 ΧΗ.
356 2124 566 2159 Humsrus.
621 2120 776 2157 Lethaeis
806 2122 940 2158 ramnis
976 2134 1052 2160 erat
1088 2126 1126 2161 in

83 2175 254 2214 Francos.
271 2173 374 2224 quod
394 2171 610 2209 Heinfiame
633 2172 864 2221 coujeelurae
883 2172 1039 2220 speciem
1063 2174 1128 2211 ad-

85 2226 171 2264 dere
192 2224 318 2274 poffet.
339 2223 521 2260 convertis
541 2222 649 2259 ramis
663 2222 861 2261 Beruenfis.
881 2223 1001 2259 Circeii
1014 2225 1125 2262 etiam

83 2277 262 2334 finiamus
285 2276 323 2313 &
344 2274 525 2311 Palatinus
545 2274 681 2310 tertius.

138 2327 196 2365 81.
226 2333 296 2362 Nec
323 2337 443 2362 mora:
473 2322 654 2372 diffluit]
687 2323 794 2368 Imo,
822 2322 978 2371 desiluit,
1005 2332 1046 2362 ut
1075 2325 1124 2362 est

82 2378 121 2417 in
153 2377 374 2415 melioribus.
402 2375 447 2412 de
473 2373 572 2411 testo
602 2374 783 2412 videlicet.
810 2374 857 2412 fic
877 2375 978 2423 supra
998 2375 1125 2425 Elegia

81 2427 221 2478 prima,
248 2427 293 2464 de
318 2426 481 2463 Corinna
500 2425 651 2461 itidem:

135 2477 325 2527 Delabique
346 2487 416 2513 toro
438 2474 561 2511 tunicii
582 2474 701 2512 velata
722 2475 883 2514 recineret.
910 2476 1122 2521 H2E1Nsws.

80 2528 243 2579 Profiluit
265 2527 518 2566 &euvei-ianus.

514 2673 1304 2744 ELEGIA

1246 766 1304 804 82.
1332 767 1587 819 Praeripuiffi‘]
1609 771 1764 821 Legitur
1784 769 1846 817 &,
1867 772 2067 822 proripuiffi.
2093 782 2235 823 utrum-2]

1194 829 1267 866 que
1295 818 1404 856 redie.
1432 820 1611 858 MARms.

1245 867 1303 913 84.
1330 873 1472 917 Sumpta
1490 872 1622 922 aqua.]
1654 873 1712 910 Sic
1730 873 1828 911 Naso
1844 873 1904 910 lib.
1918 886 1980 911 111.
2008 873 2053 910 de
2067 874 2156 912 Arte
2174 884 2236 925 95}

1246 944 1292 975 Et
1311 950 1428 977 tumen
1446 941 1520 977 ulla
1540 943 1616 979 viro
1635 945 1782 989 mulier,
1811 958 1879 981 non
1900 944 2033 994 expedit
2046 973 2056 987 ‚
2083 946 2209 994 inquit.

1294 991 1484 1041 Qiidmifi
1501 1006 1609 1042 quam
1623 993 1751 1041 sumis,
1762 995 1817 1032 dic
1839 995 1941 1040 mihi,
1950 995 2062 1044 perdis
2079 1009 2237 1046 aquam?

1193 1062 1268 1101 Ubi
1300 1065 1404 1103 stulte
1430 1065 1574 1104 Merula
1603 1076 1878 1107 commentator
1892 1080 1964 1117 ,per
1984 1082 2115 1120 aquam
2133 1073 2236 1119 geni-

1192 1114 1263 1151 tale
1291 1116 1415 1154 semen
1450 1116 1650 1166 intelligit,
1686 1119 1813 1158 duetus
1851 1120 2026 1168 exemplo
2063 1121 2234 1160 obscoeni

1195 1166 1364 1206 carminis
1384 1168 1498 1205 illius:

1246 1243 1337 1279 Vade
1347 1253 1406 1293 per
1418 1240 1490 1280 (has
1510 1244 1599 1281 vites
1611 1272 1620 1289 ‚
1645 1259 1796 1296 quarum
1811 1247 1847 1296 si
1865 1248 2022 1296 curpftris
2040 1261 2143 1286 uvas.

1295 1297 1394 1342 Qus
1415 1294 1518 1331 aliter
1527 1295 1651 1344 sumus
1664 1325 1675 1341 ,
1703 1297 1812 1346 hospes
1833 1297 1971 1334 habebis
1989 1312 2111 1347 aquas.

1189 1369 1297 1416 Quae
1326 1367 1485 1405 carmina
1512 1379 1639 1415 parum
1668 1369 1868 1406 intellexit:
1898 1369 1946 1406 ibi
1965 1371 2066 1408 enim
2088 1370 2234 1419 Priapus

1187 1429 1341 1466 puerum
1371 1417 1558 1467 quendam
1596 1419 1825 1468 alloquitur,
1870 1421 1935 1468 qui
1966 1432 2051 1458 cum
2082 1432 2169 1459 urna
2195 1422 2236 1460 in

1187 1470 1418 1506 Mecoenatis
1437 1468 1586 1506 hortum
1608 1470 1653 1507 ad
1679 1482 1788 1520 aquas
1809 1470 2023 1508 hauriendas
2044 1471 2079 1508 se
2102 1480 2237 1510 contu-

1185 1519 1246 1557 lit:
1278 1521 1315 1557 &
1345 1531 1428 1558 cum
1451 1519 1602 1557 nesciret
1625 1523 1726 1568 putei
1750 1521 1875 1558 locum
1891 1549 1901 1564 ,
1930 1520 1950 1557 a
1980 1520 2111 1569 Priapo
2132 1522 2233 1561 horti

1187 1570 1334 1608 custode
1361 1570 1489 1619 petiit,
1518 1577 1558 1607 ut
1587 1569 1650 1608 fibi
1679 1571 1885 1608 ostenderet
1914 1572 2037 1614 viam,
2066 1583 2160 1621 quae
2189 1573 2236 1611 ad

1185 1632 1293 1669 aquas
1327 1620 1439 1659 ducit.
1486 1620 1600 1658 Hunc
1631 1622 1739 1669 igitur
1777 1623 1923 1669 Priapus
1960 1622 2059 1659 viam
2093 1621 2232 1661 docens

1186 1680 1340 1716 monet,
1369 1683 1415 1708 ne
1443 1682 1507 1718 per
1532 1670 1719 1709 transitum
1743 1684 1787 1708 ex
1806 1673 1937 1710 vitibus
1957 1684 2066 1709 uvam
2089 1681 2232 1720 carpat,

1186 1722 1357 1759 minitans
1387 1722 1420 1759 se
1454 1720 1573 1759 furem
1602 1722 1886 1770 paedicaturum.
1929 1722 2095 1771 Quando
2123 1723 2232 1770 igitur

1183 1784 1296 1821 aquas
1324 1772 1439 1816 dicit,
1467 1771 1593 1809 alludit
1620 1772 1666 1810 ad
1693 1774 1834 1811 causam
1851 1801 1860 1814 ‚
1887 1784 1959 1822 qua
1988 1784 2078 1820 puer
2103 1772 2164 1809 ille
2192 1774 2231 1811 in

1183 1822 1334 1861 hortum
1361 1830 1522 1859 venerat.
1562 1822 1680 1860 Aliter
1708 1835 1900 1872 nunquam
1932 1822 2048 1860 visum
2079 1821 2127 1858 est
2148 1850 2158 1865 ‚
2187 1831 2228 1861 ut

1183 1884 1276 1922 aqua
1314 1884 1381 1921 pro
1421 1873 1598 1921 spermate
1635 1882 1802 1921 ponatur.
1851 1874 1934 1909 Nec
1974 1873 2095 1909 minus
2130 1872 2230 1912 idem

1183 1931 1458 1961 commentator
1480 1923 1664 1971 ignoravit
1686 1924 1854 1973 ejusdem
1878 1923 1959 1962 libri
1980 1922 2055 1962 duo
2075 1921 2135 1962 illa
2155 1934 2233 1974 car:

1183 1975 1283 2011 mina
1303 1975 1451 2011 inferius
1469 1973 1596 2021 posita.
1616 1986 1707 2012 vers.
1727 1975 1812 2024 619.

1236 2049 1367 2085 Scilicet
1386 2047 1527 2094 obstabit
1547 2048 1649 2095 custos
1662 2075 1672 2092 ,
1702 2061 1743 2084 ne
1753 2047 1899 2096 scribere
1912 2047 2005 2097 poffis
2018 2076 2029 2092 ,

1286 2099 1478 2136 Sumendae
1497 2098 1641 2134 dabitur
1660 2111 1738 2134 cum
1756 2098 1820 2135 tibi
1839 2109 1970 2149 tempus
1988 2111 2112 2149 aquae,

1183 2172 1257 2209 Ubi
1289 2173 1335 2209 est
1363 2173 1510 2210 sensus:
1549 2172 1712 2210 Puellam
1743 2172 1789 2209 ad
1817 2181 2024 2211 amatorem
2046 2173 2128 2211 tuto
2146 2173 2229 2211 scri-·

1182 2223 1266 2260 bere
1293 2231 1383 2261 tunc
1402 2222 1502 2271 poffe
1516 2251 1527 2267 ,
1556 2234 1642 2261 cum
1663 2224 1701 2260 in
1721 2222 1897 2260 secretum
1923 2224 2129 2262 cubiculum
2151 2224 2224 2262 sola

1180 2274 1215 2310 se
1242 2275 1385 2311 confert
1411 2274 1456 2312 ad
1477 2273 1691 2311 sumendam
1712 2285 1845 2323 aquam
1861 2302 1871 2319 ,
1900 2274 1961 2312 ubi
1979 2275 2110 2312 amotis
2131 2274 2225 2311 arbi-

1179 2325 1241 2361 tris
1265 2324 1434 2372 pudenda
1462 2324 1525 2361 fibi
1545 2325 1655 2361 lavet.
1682 2325 1862 2362 MAmus.
1890 2325 2073 2362 Eumdem
2096 2325 2225 2362 Meru-

1177 2375 1233 2412 lae
1245 2386 1407 2412 errorem
1427 2376 1558 2412 erravit
1574 2375 1765 2412 Keuchen.
1785 2376 1830 2413 ad
1846 2376 1918 2412 Ser.
1931 2376 2064 2412 Samm.
2086 2374 2223 2423 Comp.

1179 2438 1319 2464 xxxux.
1367 2425 1518 2463 Drufius
1557 2425 1706 2473 Quaest.
1742 2426 1881 2463 Ebraic.
1924 2438 1953 2461 1.
1990 2437 2046 2472 35.
2085 2430 2223 2462 Sumere

1178 2489 1310 2527 aquam
1330 2477 1424 2525 capit
1443 2489 1509 2524 pro
1527 2476 1571 2514 ad
1591 2474 1829 2515 necessarium
1847 2483 1995 2514 naturae
2013 2474 2075 2513 ire.
2088 2473 2221 2514 vid.ad

1179 2539 1244 2567 111,
1271 2527 1353 2565 Art.
1380 2528 1466 2566 620.

1464 2675 1769 2743 VIII.

369 2824 538 2961 ET
562 2827 839 2899 quisquam
865 2827 1118 2898 ingenuas
1144 2828 1438 2882 etiamnum
1462 2825 1671 2898 suspicit
1697 2834 1862 2883 artes,

553 2902 667 2954 Aut
692 2913 938 2954 tenerum
960 2901 1116 2956 dotes
1142 2918 1358 2956 carmen
1382 2900 1577 2955 habere
1602 2896 1783 2970 putat?

139 3110 170 3137 1.
190 3100 244 3133 En
257 3096 440 3147 quisquam
451 3096 616 3146 ingenuas
627 3099 818 3141 etiamnum
831 3103 971 3153 suscipit
983 3113 1073 3142 artes
1084 3105 1118 3156 ἓ]

85 3148 225 3198 'Suspicit
255 3148 385 3184 redtius
419 3148 491 3185 alii.
535 3148 627 3186 bene
664 3152 772 3189 etiam
801 3155 1005 3195 Puteaneus
1025 3185 1036 3203 ‚
1074 3162 1121 3194 Et

85 3200 280 3250 quisquam.
308 3198 355 3234 fic
373 3198 473 3246 supra
493 3199 592 3247 Eleg.
616 3211 677 3235 111.

139 3254 185 3287 Et
204 3248 387 3297 quisquam
399 3249 459 3298 pia
478 3258 558 3286 tura
568 3250 653 3297 focis
673 3249 837 3299 imponere
856 3266 954 3294 curat
968 3266 984 3296 ἓ

2064 2964 2210 3035 Inge-

1174 3103 1218 3142 In
1237 3104 1380 3142 obitum
1401 3101 1511 3140 Drusi
1532 3110 1566 3147 7.
2019 3140 2024 3147 .

1227 3159 1273 3191 Et
1293 3154 1478 3205 quisquam
1496 3152 1577 3201 leges
1594 3150 1700 3187 audet
1716 3148 1781 3187 tibi
1799 3146 1905 3186 dicere
1914 3142 2049 3195 flendi?

1270 3206 1292 3240 6
1321 3233 1329 3241 .

1177 3206 1277 3293 Εῒέε
1297 3216 1459 3304 iniquam
1476 3252 1691 3305 miserandus
1708 3263 1759 3286 ero
1772 3259 1788 3287 ,θ

1636 3306 1640 3307 ’
1665 3301 1688 3349 ξ
1706 3311 1720 3337 5
1741 3309 1755 3336 ς
2059 3289 2218 3332 Remed.
