2553 3676
213 183 314 249 814
573 170 1260 230 ADLIVIAM

1333 171 2046 233 AUGUSTAM.

505 264 594 321 De
622 262 790 318 tribus
814 281 917 319 una
941 261 1101 327 mihi,
1141 262 1358 320 Partem
1383 267 1597 342 accipe,
1619 284 1756 342 quae
1778 267 1965 332 datur,
1988 265 2194 339 inquit,

583 337 852 392 Muneris:
895 335 1124 402 existis,
1165 337 1318 412 quod
1343 338 1508 411 petiS‚
1545 342 1677 395 alter
1702 341 1819 396 erit.

368 431 471 484 245
511 409 626 468 Hic
657 410 783 471 tibi3
826 426 959 465 mox
981 405 1188 467 Veneri
1212 409 1405 466 Caesar
1430 412 1710 483 promiffus
1735 429 1981 488 uterque.

572 483 698 539 Hos
725 481 888 538 debet
910 482 1047 538 solos
1070 483 1272 538 Martia
1298 483 1480 538 Roma
1506 485 1673 542 Deos⁰

516 557 603 613 Sic
628 555 876 612 cecinere
898 555 1075 611 Deae:
1117 574 1217 610 nec
1243 569 1332 616 tu,
1371 555 1663 622 Tiberine,
1699 578 1963 635 repugna,

585 630 771 693 Irrite;
809 648 911 686 nec
940 628 1179 684 flammas
1204 645 1362 682 amne
1391 645 1603 684 morare
1628 642 1741 685 tu0.

509 703 629 759 Nee
649 702 857 773 juvenis
881 702 1036 774 positi
1062 700 1337 773 supremos
1364 700 1577 757 destrue
1599 702 1852 760 honores,

366 796 473 848 250

583 775 742 833 Vade
767 793 892 845 age,
932 773 987 827 &
1015 765 1453 830 admissis'labere
1477 792 1678 848 pronus
1707 778 1874 850 aquis.

512 850 696 906 Paret:
741 848 867 902 &in
891 848 1115 919 longum
1138 848 1382 919 spatiosas
1408 848 1640 920 explicat
1670 851 1871 914 undas;

587 920 904 994 Sti-ufiaque
928 920 1189 993 pendenti
1212 923 1428 993 pumice
1457 921 1594 977 teeta
1616 922 1771 977 subit.

513 996 752 1053 Flamma
777 995 872 1049 diu
898 992 1146 1049 cunPtata
1173 1007 1338 1067 caput
1364 995 1683 1068 contingere
1710 994 1973 1060 sanfium,

588 1068 801 1123 Erravit
828 1067 1002 1139 posito
1028 1067 1170 1121 lenta
1196 1068 1290 1123 sub
1314 1086 1486 1143 usque
1510 1083 1652 1125 toro,

357 1160 474 1212 -255
510 1140 766 1197 Tandem
788 1141 880 1194 ubi
903 1141 1186 1212 complexa
1211 1141 1285 1196 est
1309 1142 1482 1205 filvaS,
1521 1145 1880 1219 alimentaque
1905 1144 2115 1210 sumsit,

586 1213 829 1268 Aethera
853 1212 1097 1285 subjeetis
1120 1215 1304 1270 lambit
1332 1215 1387 1270 Sc
1416 1215 1546 1270 astra
1571 1219 1756 1272 comiS.

516 1287 703 1360 Qualis
728 1287 781 1341 in
808 1286 1116 1341 Herculeae
1142 1289 1369 1344 colluxit
1395 1289 1618 1344 collibus
1647 1290 1851 1356 Oetae,

590 1359 736 1414 Cum
760 1359 879 1414 sunt
908 1360 1161 1432 imposito
1190 1362 1432 1417 membra
1459 1375 1693 1418 cremata
1721 1363 1862 1419 Deo.

515 1432 707 1488 Uritur
732 1432 839 1487 heu
868 1432 1037 1488 decor
1064 1434 1152 1488 ille
1177 1434 1308 1499 viri,
1345 1436 1712 1508 generosaque
1735 1436 1940 1505 forma,

375 1509 482 1561 260

594 1505 665 1560 Et
689 1505 866 1561 faciles
895 1507 1100 1571 vultus3
1143 1507 1314 1563 uritur
1351 1509 1440 1562 ille
1468 1508 1652 1581 vigor}

513 1578 892 1653 Vibii-&esque
920 1597 1132 1644 manus,
1171 1581 1513 1655 facundaque
1538 1582 1795 1657 principis
1822 1602 1945 1650 ora,

591 1650 929 1731 Fecioraque
942 1693 957 1718 ,
995 1653 1200 1726 ingenii
1226 1672 1420 1727 magna
1435 1672 1720 1729 ..capaxque
1748 1657 1971 1714 domus!

216 1854 330 1893 Hinc
360 1856 486 1892 Traffc'a
509 1852 743 1894 Glossarium.
772 1855 910 1895 Traeia
935 1855 1181 1903 ἕλκύσμειτει,
1211 1870 1277 1899 μη-

212 1907 382 1952 Υφήμαν-οι.
404 1908 523 1944 Varro
540 1936 549 1951 ‚
579 1911 696 1944 Lanea
726 1911 841 1945 trabYa
863 1907 1080 1958 ministrasset
1107 1910 1277 1956 infestari.

225 1958 452 1995 contrarium
483 1958 571 1996 huic
600 1962 810 1997 Retrustare.
840 1959 990 2008 Apulej.
1012 1960 1094 1997 Mil.
1122 1972 1173 1998 xr.
1202 1961 1278 2009 Qi

215 2009 379 2055 fatorum
402 2008 508 2046 etiam
537 2009 825 2047 inextricabiliter
854 2012 1021 2047 retractas
1049 2010 1141 2049 licia.
1177 2013 1278 2051 Lm-

226 2071 460 2096 DENBRUCH.
489 2061 636 2108 Sappho
659 2061 769 2109 Epist.
793 2075 829 2100 v.
853 2061 912 2100 82.

278 2115 324 2146 Et
341 2110 428 2146 data
441 2111 528 2159 sunt
548 2111 645 2147 vitae
654 2111 721 2159 fila
734 2112 856 2158 severa
874 2125 981 2152 meae.

227 2160 424 2209 Perperam
445 2163 553 2210 igitur
571 2162 732 2200 vetustae
751 2163 955 2207 editiones,
982 2164 1020 2202 in
1044 2165 1199 2214 quibus,

280 2212 390 2261 Impia
408 2225 496 2263 quae
517 2222 604 2249 certo
616 2213 734 2262 pollice
750 2215 851 2263 pensa
870 2214 1033 2253 trahunt.

225 2262 307 2300 Nisi
327 2264 456 2301 Invida
470 2264 574 2314 pensa
593 2266 752 2313 reponis.
790 2266 1004 2304 Hfimsms.
1041 2267 1116 2306 vid.
1145 2268 1191 2307 ad
1213 2270 1281 2320 Ep.

227 2325 306 2352 xrx.
323 2326 382 2362 49.
1058 2325 1060 2327 ’

281 2365 364 2412 248.
396 2364 543 2415 Irrita]
574 2365 797 2415 Legendum
812 2395 821 2411 ‚
849 2367 948 2405 irrite
962 2397 972 2414 ,
999 2376 1040 2407 ut
1059 2381 1106 2408 ex
1125 2369 1194 2409 suis
1203 2371 1284 2420 jam

231 2418 377 2455 notavit
398 2418 615 2466 Naugerius.
667 2418 888 2456 Hzmsius.

281 2480 366 2516 250.
395 2467 611 2518 Admiffis.]
670 2467 828 2515 Immiffis
855 2477 998 2507 veteres
1033 2481 1177 2509 omnes.
1214 2484 1285 2510 nec

232 2519 388 2563 damno,
400 2528 510 2568 atque
524 2520 573 2556 ira
586 2532 631 2557 ex
642 2517 709 2558 suis
723 2520 940 2568 Naugerius.
954 2521 1027 2559 vid.
1038 2521 1095 2559 ad.
1108 2535 1135 2560 ι.
1147 2522 1282 2562 Amor.

221 2581 322 2607 viix.
346 2583 402 2619 50.
459 2571 576 2608 IDEM.

283 2633 369 2668 252.
397 2623 603 2672 Struffaque
619 2621 823 2672 pendenti]
854 2621 906 2659 Ita
927 2623 1053 2671 passim
1073 2623 1205 2662 Poetas
1225 2623 1283 2661 lo·

220 2672 298 2720 >qui
327 2671 371 2709 de
402 2673 510 2710 antris
537 2673 664 2710 docuit
690 2675 834 2722 egregie
855 2672 1103 2712 Broukhufius
1123 2674 1168 2712 ad
1195 2675 1284 2713 Pro-

231 2722 341 2771 pertii
360 2722 610 2772 lib.111.Eleg.
631 2736 664 2760 2.
687 2725 788 2773 cujus
809 2735 898 2772 opes
915 2725 976 2762 hic
998 2726 1115 2763 Cacus
1137 2725 1197 2762 ille
1217 2738 1283 2764 ne·

233 2772 344 2809 sarius
376 2772 585 2819 suffuratur,
623 2776 663 2811 &
685 2775 910 2823 expudorata
930 2776 1052 2813 fronte
1073 2775 1210 2813 Valefii
1229 2788 1286 2814 er-

235 2834 360 2860 rorem
393 2823 548 2867 refutat,
584 2825 686 2873 quod
718 2827 774 2863 vir
804 2825 1063 2864 eruditissimus
1080 2826 1161 2875 jam
1180 2838 1285 2875 prae-

236 2874 382 2912 stiterat.
409 2872 457 2910 fic
478 2873 593 2911 solent
613 2877 869 2921 tenebriones,
897 2889 990 2926 quos
1017 2878 1124 2915 vivos
1151 2879 1286 2916 exhor·

236 2934 410 2965 ruerunt,
442 2925 480 2961 ἅτ
508 2933 632 2968 metu,
655 2938 702 2962 ne
725 2927 841 2975 dignis
863 2927 983 2965 modis
1002 2929 1284 2977 exciperentur,

236 2975 263 3013 fi
283 2975 342 3013 vel
361 2975 498 3012 hiscere
517 2975 590 3012 auli
608 2975 752 3014 fuiffent
766 3004 775 3019 ,
813 2979 924 3015 etiam
952 2978 1086 3016 adulati
1115 2980 1286 3023 fuerunt,

235 3027 274 3064 in
302 3037 433 3063 eorum
456 3027 599 3064 umbras
617 3026 787 3075 degeneri
807 3030 934 3065 animo
964 3028 1173 3077 grassantur.
1201 3030 1288 3067 vide

237 3078 280 3114 &
301 3077 346 3114 ad
369 3078 430 3114 lib.
451 3089 513 3115 111.
531 3077 667 3116 Amor.
688 3091 718 3117 ι.
736 3090 769 3128 3.
798 3079 992 3128 striuaque
1017 3080 1115 3117 Edit.
1134 3088 1288 3118 veteres.

237 3128 504 3165 BURMANNUS.

290 3192 374 3227 254.
402 3185 514 3216 Lenta
527 3179 593 3228 sub
614 3180 719 3230 usque
736 3179 845 3230 t0r0.]
874 3181 1030 3218 Veteres
1045 3209 1055 3225 ,
1074 3178 1144 3230 fibi
1172 3181 1288 3230 ufiyue.

240 3230 366 3318 infige,
399 3231 563 3281 subitque
592 3243 678 3272 cum
700 3231 827 3283 Lipfio
853 3231 1055 3286 Epistolicis
1089 3233 1287 3283 Quaestio·

237 3291 275 3318 m
304 3293 362 3320 us:
548 3294 550 3297 '

2252 1732 2384 1807 Spes

1385 1856 1549 1896 Flamma
1567 1859 1628 1897 diu
1651 1861 1816 1898 cunft'ata
1835 1870 1937 1911 caput
1953 1860 2142 1911 contingere
2158 1861 2326 1910 sanffium

1438 1910 1607 1956 Erravit„
1633 1910 1736 1961 posito
1759 1912 1852 1949 lenta
1862 1912 2028 1962 subitque
2046 1923 2129 1951 toro.

1334 1958 1414 1997 Nisi
1442 1961 1570 2006 malis,
1607 1962 1703 1999 lenta
1721 1962 1932 2012 subiffe.s1c
1961 1965 2075 2001 lentus
2093 1964 2209 2013 sedere
2228 1962 2386 2002 Tibullo

1332 2010 1427 2048 libro
1453 2024 1485 2049 1.
1515 2012 1617 2062 Eleg.
1646 2026 1681 2051 x.
1700 2014 1804 2063 quod
1825 2026 2015 2063 perperam
2039 2024 2196 2053 mutant.
2238 2016 2387 2052 Hiems.

1335 2062 1426 2099 Non
1446 2062 1560 2101 video
1583 2075 1646 2101 cur
1659 2064 1828 2114 Scaligeri
1844 2093 1852 2109 ‚
1867 2064 1960 2102 lenta
1975 2064 2042 2115 fibi
2062 2067 2165 2114 usque
2179 2093 2189 2110 ,
2216 2074 2279 2104 aut
2298 2067 2390 2114 Lip-

1334 2111 1397 2157 fii,
1426 2111 1522 2150 lenta
1541 2113 1726 2165 subitque,
1764 2116 1982 2165 praeferam.
2010 2116 2187 2166 fignificat
2216 2125 2313 2154 certe
2335 2117 2389 2152 Ta

1332 2165 1438 2213 rusque
1459 2166 1681 2203 continuum
1692 2166 1842 2215 alicujus
1861 2169 2039 2216 temporis
2051 2176 2113 2205 aut
2126 2167 2391 2205 morae.Plaut.

1336 2214 1516 2253 Pseudolo
1557 2215 1643 2255 Ast.
1685 2229 1715 2255 Ι.
1748 2217 1804 2255 Sc.
1837 2232 1868 2268 ς.
1917 2219 1980 2255 Sed
2009 2228 2041 2255 te
2070 2217 2148 2255 volo
2174 2217 2268 2255 domi
2288 2220 2392 2266 usque

1337 2265 1453 2315 adesse.
1487 2266 1644 2304 Terent.
1675 2267 1835 2317 Adelph.
1865 2269 1951 2307 Aft.
1983 2282 2027 2306 ιι.
2058 2269 2114 2306 Sc.
2135 2281 2168 2307 2.
2195 2269 2249 2305 cui
2267 2268 2391 2313 hodie,

1340 2316 1444 2367 usque
1462 2330 1496 2353 os
1511 2316 1664 2366 praebui.
1694 2319 1729 2355 V
1733 2320 1823 2368 irgil.
1844 2320 1974 2367 Eclog.
1994 2331 2046 2357 1x.
2067 2318 2126 2365 64.

1391 2367 1485 2403 Licet
1506 2369 1631 2418 usque,
1658 2369 1777 2405 minus
1793 2370 1859 2405 via
1879 2369 1990 2405 laedet
2003 2397 2013 2413 ,
2048 2382 2181 2410 eamus,

1339 2416 1508 2455 Flamma
1537 2419 1645 2467 igitur
1675 2418 1766 2457 dum
1787 2419 1850 2457 diu
1874 2420 2008 2457 metuit
2027 2420 2203 2468 attingere
2222 2419 2388 2459 sancium

1340 2479 1492 2516 corpus,
1519 2468 1581 2506 sub
1600 2468 1720 2517 posito
1740 2478 1825 2507 toro
1846 2470 1958 2519 usque
1976 2469 2076 2507 lenta
2106 2471 2263 2514 erravit,
2290 2471 2390 2509 lente

1339 2518 1502 2556 ambedit
1523 2520 1560 2555 δε
1583 2520 1758 2568 corripuit
1777 2520 2015 2569 circumjeeia
2034 2521 2131 2569 ligna
2145 2549 2156 2566 ,
2194 2533 2272 2558 non
2292 2522 2391 2560 reeta

1340 2570 1494 2607 emicuit
1513 2570 1550 2606 in
1571 2569 1758 2610 summum
1779 2599 1789 2616 ,
1817 2572 1878 2609 ubi
1890 2583 2020 2620 corpus
2033 2580 2119 2609 erat.
2133 2573 2392 2610 Gaouovms.

1338 2620 1398 2658 lib.
1431 2633 1492 2658 111.
1524 2620 1676 2659 Observ.
1707 2634 1783 2671 cap.
1818 2634 1872 2670 ¹9-
1910 2623 1958 2660 ita
1988 2624 2026 2659 δε
2053 2622 2157 2672 usque
2184 2622 2293 2660 debet
2314 2622 2393 2672 capi

1337 2670 1421 2709 infr.
1443 2671 1501 2714 βε.
1525 2683 1607 2720 354.
1625 2671 1790 2723 stabitque
1811 2673 1957 2711 Pithoei
1977 2673 2014 2710 δε
2034 2672 2124 2710 aliae
2146 2672 2232 2710 edit.

1390 2725 1476 2771 256.
1503 2722 1660 2759 Aethera
1680 2723 1846 2773 subjeb‘t'is
1874 2722 2001 2759 lambit
2033 2734 2077 2762 (φ
2114 2723 2206 2768 astra
2243 2722 2389 2774 comis.]

1341 2774 1444 2811 Cave
1474 2774 1673 2822 quicquam
1705 2775 1882 2812 immutes
1904 2773 2096 2811 hocloco.
2125 2774 2173 2812 fic
2203 2775 2242 2812 δε
2263 2774 2309 2812 de
2335 2786 2394 2813 ar»

1341 2824 1430 2861 bore
1451 2824 1488 2860 in
1509 2824 1623 2862 altum
1643 2823 1763 2862 ereda
1783 2825 1880 2873 apud
1900 2825 2101 2862 Maronem
2120 2825 2230 2862 habes
2253 2825 2394 2874 Ecloga

1340 2887 1375 2912 x.
1421 2876 1611 2923 {Mantum
1651 2889 1731 2912 vere
1762 2889 1851 2912 novo
1882 2875 2008 2912 viridis
2036 2879 2075 2922 se
2097 2875 2241 2924 subjicit
2277 2875 2394 2913 alnus.

1341 2927 1401 2969 &,
1426 2925 1529 3012 qqud
1554 2926 1669 2975 magis
1698 2926 1744 2964 ad
1773 2938 1851 2964 rem
1874 2927 1990 2971 satit,
2018 2925 2235 2976 Georgicon
2264 2934 2394 2976 quarto

1340 2976 1440 3014 idem
1468 2987 1484 3001 ἢ
1544 3005 1552 3014 .

1397 3033 1459 3063 Ter
1468 2989 1626 3077 'Jlas-mma
1645 3027 1694 3063 ad
1706 3027 1891 3076 summum
1910 3027 1990 3064 teai
2005 3027 2157 3078 subjecfla
2177 3026 2322 3067 reluxit.

1344 3076 1448 3115 Idem
1472 3078 1666 3115 Aeneidos
1688 3091 1730 3115 11.
1761 3080 1818 3127 36.

1395 3134 1475 3165 Aut
1495 3128 1609 3176 pelago
1627 3133 1797 3165 Danaum
1819 3126 1962 3178 infidias
1973 3129 2194 3180 suspefflaque
2212 3130 2328 3176 dona,

1395 3179 1625 3227 Praecipitare
1639 3179 1738 3227 jubet
1751 3208 1760 3224 ,
1774 3179 2001 3230 subjel‘lisque
2020 3194 2116 3216 urere
2129 3180 2301 3230 flammis.

1345 3230 1455 3268 Certe
1475 3228 1683 3268 Diomedes
1703 3232 1975 3269 Grammaticus
1993 3231 2159 3269 observat
2168 3231 2237 3280 sub
2260 3232 2398 3280 proposs

1332 3281 1513 3324 saionem
1544 3280 1662 3322 modo
1694 3282 1797 3332 supra
1823 3281 2001 3322 denotare
2020 3310 2033 3331 ,
2064 3290 2109 3322 ut
2127 3283 2165 3322 in
2184 3283 2249 3323 illo
2266 3283 2398 3322 Maro„

2309 3332 2396 3378 nist,
