2553 3676
313 201 418 266 560
796 187 1354 247 1³:0V‘1D11

1423 184 1958 243 'NASONIS

598 278 779 337 'Noeie
804 281 969 335 latent
993 280 1249 342 mendae,
1287 279 1532 350 vitioque
1555 277 1849 349 ignoscitur
1874 275 2050 331 omni:-

447 370 565 426 ¹250

680 354 946 426 Horaque
974 352 1264 407 formosam
1288 352 1583 425 quamlibet
1608 352 1693 405 illa
1719 351 1862 405 facit.

602 427 837 482 Coniule
867 427 937 481 de
962 427 1215 498 gemmis,
1256 425 1326 479 de
1350 424 1515 477 tinbta
1539 425 1745 478 murice
1768 425 1916 486 lana3

671 499 907 554 Consule
934 500 1003 554 de
1028 499 1163 554 facie
1189 496 1614 567 corporibusque
1640 496 1801 551 diem.

604 572 756 646 Quid
782 572 879 627 tibi
901 573 1166 628 femineos
1190 581 1407 629 coetUS‚
1446 566 1726 622 venatibus
1749 582 1932 642 apt08‚

677 645 1047 700 Enumerem?
1086 656 1317 696 numero
1342 638 1505 693 cedet
1531 656 1690 692 arena
1713 658 1855 696 meo,

453 739 560 791 255
597 719 751 805 Quid
775 719 1005 775 referam
1028 714 1204 785 BajaS‚
1239 725 1629 785 praetextaque
1653 712 1810 767 litora
1833 715 1994 779 veliS‚

681 792 783 855 ht,

822 807 959 862 quae
988 788 1057 843 de
1083 786 1259 842 calido
1287 785 1485 840 sulfure
1513 784 1712 850 fumat,
1750 788 1974 860 aquam?

609 865 763 921 Hinc
791 863 979 936 aliquis
1004 862 1195 916 vulnus
1222 859 1459 914 referens
1485 859 1543 913 in
1564 859 1815 931 pestore,
1860 859 2030 921 dixit;

681 938 809 993 Non
834 936 966 990 haec
995 938 1091 1006 (ut
1115 934 1253 989 fama
1271 932 1389 1001 est)
1416 933 1559 987 unda
1583 932 1799 988 salubris
1823 944 1952 989 erat.

601 1010 752 1067 Ecce
775 1008 1101 1065 suburbanae
1124 1007 1388 1078 templum
1412 1007 1687 1060 nemorale
1709 1006 1948 1071 Dianae,

457 1089 567 1139 260

679 1084 945 1156 Partaque
970 1100 1066 1155 per
1093 1079 1299 1153 gladios
1326 1097 1491 1152 regna
1515 1093 1749 1134 nocente
1776 1097 1954 1135 manu,

603 1157 696 1214 illa
721 1157 872 1230 quod
901 1156 976 1209 est
999 1156 1183 1227 virg0‚
1223 1153 1374 1227 quod
1400 1154 1505 1207 tela
1529 1152 1816 1225 Cupidinis
1840 1153 1991 1215 odit;

679 1230 859 1291 Multa
889 1228 1043 1292 dedit
1065 1228 1271 1307 populo
1298 1228 1546 1292 vulnera,
1584 1227 1752 1285 multa
1772 1226 1938 1285 dabit.

360 1423 447 1471 248.
475 1428 668 1476 Utramque
688 1423 840 1475 Venus.]
863 1429 1057 1476 Utramque
1078 1428 1194 1462 Deam
1212 1420 1372 1463 Intime-

312 1475 351 1515 111
374 1478 411 1513 &
437 1477 668 1515 Commelini
688 1477 790 1515 liber.
817 1478 1032 1515 ΗεῐΝειυς.

364 1538 449 1575 249.
468 1528 650 1578 Mendae]
672 1529 761 1566 Hoc
781 1529 884 1567 versu
904 1536 1057 1566 utuntur
1071 1528 1214 1577 antiqui
1233 1527 1370 1565 Gram-

312 1579 465 1621 marici,
493 1587 533 1615 ut
555 1579 715 1617 doceant
742 1579 989 1617 differentiam
1015 1579 1160 1616 mendae
1181 1581 1218 1617 &
1241 1578 1370 1616 mendi.

311 1628 388 1665 vid.
418 1629 554 1667 Charis.
582 1642 662 1679 pag.
694 1644 749 1680 55.
785 1631 946 1680 Eutych.
975 1642 1053 1680 pag.
1075 1643 1135 1669 21.
1159 1641 1218 1678 74.
1247 1632 1286 1668 δε
1310 1630 1370 1668 In·

311 1687 456 1717 certum
478 1692 558 1729 pag.
579 1695 690 1729 2791.
720 1682 985 1720 Bummwus.

363 1742 450 1780 253.
477 1732 576 1778 {Quid
598 1733 662 1769 tibi
682 1733 869 1780 foemineos
896 1744 1005 1770 coetus
1026 1732 1214 1771 venatibus
1233 1731 1366 1783 aptos.]

313 1781 405 1818 Non
433 1782 598 1831 loquitur
626 1785 686 1821 hic
716 1785 831 1821 Poeta
863 1784 908 1822 de
930 1785 1063 1834 sylvis,
1092 1786 1130 1822 ὅ(
1151 1785 1370 1822 venantibus

310 1832 527 1870 mulieribus
541 1862 550 1878 ,
579 1843 619 1872 ut
638 1836 784 1873 Merula
805 1845 908 1884 putat
924 1864 934 1879 ‚
959 1838 1163 1886 locumque
1181 1836 1369 1883 Juvenalis

309 1883 438 1939 inepte
467 1884 598 1934 allegat
622 1898 630 1922 :
666 1886 726 1923 sed
747 1914 757 1930 ‚
794 1887 898 1935 Quid
919 1915 929 1931 ,
966 1889 1113 1936 inquit,
1148 1899 1366 1925 enumerem

310 1934 378 1971 tibi
392 1943 527 1972 vcoetus
547 1938 586 1973 ὃ(
606 1939 913 1985 congregationes
932 1939 1131 1976 mulierum
1154 1950 1309 1983 omnes,
1330 1939 1370 1977 in

310 1985 467 2034 quibus,
498 1995 561 2024 aut
589 1987 651 2024 ubi
679 1989 787 2026 liceat
818 2000 876 2025 eas
908 1989 992 2038 apte
1015 2001 1056 2026 ac
1078 1989 1285 2027 commode
1304 2001 1370 2028 ve-

313 2037 392 2073 nari
415 2035 430 2072 ?
468 2038 543 2075 hoc
571 2038 619 2076 est
639 2066 650 2083 ‚
689 2039 967 2088 circumspicere
989 2049 1100 2090 atque
1129 2042 1262 2090 eligere
1280 2053 1369 2090 quas

314 2099 439 2125 ames:
470 2089 588 2137 plures
613 2090 711 2126 enim
743 2090 844 2133 sunt,
873 2090 988 2141 quam
1012 2101 1051 2129 ut
1082 2093 1267 2130 numerari
1287 2093 1371 2141 pos-

312 2137 382 2175 fint
403 2167 413 2182 ‚
454 2140 524 2177 &e
562 2140 696 2189 Estque
722 2142 812 2178 haec
844 2143 945 2180 velut
974 2143 1139 2180 transitio
1172 2144 1370 2192 quaedam.

314 2189 416 2226 Nam
446 2199 486 2227 ut
517 2191 692 2229 haetenus
725 2195 958 2231 enumeravit
988 2195 1071 2231 loca
1094 2195 1187 2231 intra
1216 2194 1369 2238 urbem,

313 2239 378 2295 ubi
408 2241 549 2289 puellae
577 2244 790 2291 congregari
818 2243 933 2282 solent
958 2257 967 2281 :
1012 2245 1061 2282 ita
1093 2244 1266 2293 deinceps
1303 2257 1369 2290 ea,

313 2290 448 2339 quibus
488 2302 588 2330 extra
629 2294 757 2331 urbem
787 2294 887 2331 idem
912 2294 992 2332 fieri
1021 2296 1112 2333 solet
1134 2325 1144 2340 ‚
1183 2295 1369 2333 recenset:

313 2353 384 2379 ceu
396 2342 476 2380 sunt
486 2342 594 2392 Bajae
607 2356 763 2388 ,nemus
776 2345 969 2383 Aricinum
985 2348 1044 2390 ‚ssc
1060 2346 1199 2384 similia.
1215 2348 1369 2385 Mrcrr.

365 2406 451 2443 254.
480 2395 625 2445 Cedet.]
657 2396 768 2432 Cedat
789 2397 939 2434 Moreti.
969 2398 1070 2434 Cedit
1088 2399 1247 2446 plurimi.

366 2456 451 2494 255.
480 2451 736 2497 Praetextaque
760 2446 881 2483 littora
908 2447 1042 2496 velia]
1074 2449 1155 2485 Bais
1185 2450 1370 2498 fragmen-v

310 2503 398 2534 -tum
421 2497 657 2534 oxoniense.
694 2499 788 2535 Puto
807 2526 816 2541 ‚
853 2499 984 2536 Baulis.
1013 2494 1117 2535 Bauli
1144 2501 1245 2538 enim
1275 2500 1372 2547 Bajis

316 2549 454 2592 vicini,
485 2549 523 2585 δε
547 2548 699 2597 quidem
728 2550 765 2586 in
792 2549 869 2597 ipso
901 2551 1035 2588 littore.
1070 2549 1174 2588 <Vide
1203 2551 1370 2589 Cluverii

315 2597 473 2636 Italiam.
501 2608 702 2650 utrumque
732 2601 858 2639 locum
882 2602 1075 2652 conjunxit
1094 2613 1248 2652 quoque
1268 2603 1371 2640 Mar-

315 2650 407 2687 tialis
422 2679 431 2694 ‚
454 2650 519 2688 lib.
540 2664 597 2688 iv.
617 2653 677 2701 63.
1102 2653 1106 2657 ’

366 2706 467 2740 Dum
484 2702 570 2751 petit
592 2702 616 2739 a
637 2703 757 2740 Baulis
774 2715 889 2741 mater
911 2704 1058 2741 Cerellia
1080 2705 1207 2754 Bajas,

418 2753 557 2788 occidit
577 2754 692 2803 insani
714 2756 856 2792 crimine
877 2755 986 2805 mersa
998 2756 1098 2804 freti.

317 2801 441 2839 Potest
456 2804 492 2839 ὃς
508 2805 590 2840 ferri
605 2815 805 2854 ‚praetexta
827 2808 923 2856 Badis
949 2807 1069 2843 littora
1084 2836 1094 2851 ,
1121 2816 1162 2845 ut
1180 2815 1303 2845 totum
1326 2808 1368 2845 ils

317 2852 396 2908 lum
421 2854 575 2890 tractum
606 2856 804 2894 littoralem
834 2858 998 2907 deiignet
1021 2886 1031 2902 ,
1067 2860 1131 2908 qui
1160 2857 1180 2895 a
1206 2859 1367 2896 Puteolis

317 2903 507 2959 Misenum
531 2904 642 2953 usquc
663 2911 965 2954 promontorium
991 2910 1163 2947 incurvus
1183 2910 1369 2954 tenditur.

312 2965 361 2993 sac
390 2954 563 2991 linuosus.
593 2956 661 2992 Sed
691 2959 727 2993 ὃς
746 2967 924 3005 praetexta
944 2959 1032 2995 velis
1048 2961 1170 2997 littora
1190 2961 1238 2998 ita
1259 2961 1368 2998 intel-

317 3005 380 3054 ligi
402 3003 572 3053 possunt,
601 3015 641 3043 ut
673 3008 768 3054 apud
794 3008 922 3057 Virgil.
942 3010 1001 3045 lib.
1024 3023 1076 3045 vx.
1098 3011 1218 3046 littora
1240 3025 1369 3047 curvae

317 3062 534 3093 Praetexunt
557 3066 686 3106 puppes.
716 3059 858 3096 Lucan.
878 3058 939 3096 lib.
959 3073 993 3094 x.
1017 3071 1099 3108 537.
1119 3065 1253 3106 Densae
1268 3071 1369 3107 prae-

319 3116 444 3143 texunt
464 3107 568 3143 'litora
591 3108 711 3156 classes.
740 3111 777 3145 &
808 3110 971 3157 intellige
992 3108 1037 3145 dC
1057 3110 1244 3153 lintribus,
1274 3122 1368 3158 quae

317 3159 356 3195 in
382 3157 457 3195 sinu
479 3158 616 3207 Bajano
640 3159 960 3208 frequentiffimae.
988 3168 1028 3197 ut
1049 3172 1093 3196 ex
1115 3160 1309 3211 Propertio
1330 3163 1371 3203 δε

319 3209 490 3248 Martiale
510 3209 549 3247 fir
568 3210 814 3247 manifestum.
844 3211 931 3248 Fast.
955 3223 1005 3246 ιν.
1027 3222 1112 3260 953.

764 3268 1023 3311 praetextaque
1049 3275 1177 3312 quercu

363 3316 441 3352 „Stet
467 3301 612 3351 domus,-

2527 1259 2529 1270 1

2279 1299 2483 1358 Hafie⁴
2528 1332 2529 1376 3

1425 1435 1462 1462 V.
1476 1421 1608 1524 δῖπῗέζατ
1626 1477 1671 1515 (ῤ’
1690 1472 1845 1524 Augusto
1859 1481 2084 1524 praetextum
2101 1470 2240 1509 nomine
2257 1471 2442 1521 templum.⁷

1426 1531 1682 1576 Praetextaque
1699 1525 1821 1563 littora
1834 1525 1934 1562 villis
1946 1525 2163 1563 Gronovius
2174 1524 2283 1560 etiarn
2297 1523 2483 1571 eleganter
2551 1538 2553 1550 1

1426 1578 1659 1627 conjiciebat.
1687 1578 1746 1615 cui
1766 1577 2003 1626 conjec‘turae
2021 1574 2248 1613 illustrandae
2269 1574 2357 1611 facit
2375 1574 2480 1612 locus
2528 1593 2529 1609 l
2550 1591 2551 1596 =

1426 1628 1608 1667 §tatianus
1630 1629 1824 1678 Sylvarum
1845 1628 1906 1665 lib.
1930 1639 1985 1664 1v.
2005 1627 2091 1664 Silv.
2116 1638 2168 1662 1v.
2187 1626 2221 1661 6.

1478 1680 1591 1729 Lydia
1611 1693 1681 1730 qua
1696 1681 1834 1729 penitus
1842 1678 2007 1727 stagnum
2028 1676 2159 1713 navale
2179 1678 2303 1712 co‘e'rcet

1476 1732 1563 1781 Ripcz
1576 1760 1585 1776 ‚
1606 1730 1887 1781 suburbanisque
1907 1729 2045 1765 vadum
2060 1728 2278 1778 praetexitur
2295 1725 2416 1764 hortis.

2527 1616 2530 1680 l

1424 1783 1582 1833 Bajanae
1601 1782 1710 1820 villae
1728 1782 1824 1831 apud
1841 1782 2030 1829 scriptores
2049 1781 2222 1829 antiquos
2240 1777 2480 1827 frequentiffi-
2527 1788 2529 1810 ³

1425 1846 1488 1873 me
1513 1834 1708 1873 laudantur
1725 1834 1774 1872 ob
1802 1833 2072 1871 amoenitatem
2097 1830 2231 1869 tractus
2253 1830 2358 1867 illius.
2381 1829 2481 1868 Mar-

1425 1886 1801 1986 tlalfuliiiiulcifiajanis
1818 1934 1942 1972 Altini
1962 1934 2084 1972 littora
2105 1933 2217 1971 villis.

1425 1989 1474 2027 Et
1502 1989 1629 2039 paffim
1656 1988 1754 2037 apud
1782 1987 1958 2025 eundem.
1987 1986 2153 2035 sequenti
2180 1984 2285 2023 versu
2310 1982 2416 2022 multi
2438 1958 2481 2022 liss
2545 2003 2547 2012 v

1427 2041 1511 2084 bri,
1549 2050 1677 2077 manat
1714 2052 1860 2087 aquam.
1897 2037 2008 2075 Trist.
2036 2050 2097 2074 m.
2129 2050 2175 2074 11.
2206 2049 2267 2075 20.
2298 2041 2351 2072 De
2369 2044 2479 2072 verna

1426 2105 1536 2142 quam
1557 2091 1639 2127 nive
1657 2100 1782 2126 manat
1803 2102 1910 2138 aqua.
1939 2091 1976 2126 δί
2002 2101 2032 2125 1.
2053 2090 2184 2125 Amor.
2210 2100 2244 2133 7.

1480 2142 1647 2190 §Qualiter
1663 2140 1797 2190 abjetla
1817 2141 1858 2177 de
1879 2141 1963 2178 nive
1985 2149 2111 2176 manat
2128 2152 2234 2190 aqua.

1427 2193 1642 2230 Hfimsms.

1478 2245 1562 2293 256.
1592 2250 1734 2281 Fumat.
1754 2243 1769 2294 ]
1810 2243 2006 2281 Vossianus
2028 2243 2066 2280 &
2093 2241 2374 2292 quatuordecim
2397 2243 2480 2290 aliij

1424 2305 1566 2332 manat.
1593 2308 1688 2345 aqua
1709 2296 1820 2332 etiam
1844 2294 2025 2331 nonnulli.

1478 2347 1564 2384 260.
1592 2352 1771 2395 Partaque
1795 2355 1855 2394 per
1876 2344 2010 2393 gladios
2040 2357 2142 2392 regna
2172 2355 2310 2382 nocente
2329 2343 2476 2395 manau]

1426 2398 1544 2435 Hunc
1576 2397 1705 2434 locum
1742 2408 1821 2433 non
1853 2395 1934 2433 satis
1969 2395 2125 2444 explicat
2158 2395 2349 2445 interpres.
2389 2408 2476 2434 nam

1424 2448 1545 2486 Poeta
1563 2448 1750 2485 historiam
1773 2448 1811 2484 ὃς
1835 2458 1980 2484 morem
2011 2447 2146 2495 tangit,
2173 2458 2251 2495 quo
2275 2447 2478 2485 sacerdotes

1426 2500 1525 2550 apud
1542 2500 1705 2537 Ariciam
1725 2499 1786 2535 alii
1811 2497 1886 2535 aliis
1912 2497 2163 2535 succedebant.
2194 2498 2282 2535 Non
2305 2500 2405 2535 enim
2423 2499 2480 2536 in·
2524 2529 2525 2535 ,

1425 2552 1538 2601 genui
1556 2552 1631 2588 hoc
1650 2562 1783 2588 munus
1801 2550 1952 2587 obibant
1965 2576 1975 2593 ‚
1994 2548 2054 2586 sed
2073 2549 2163 2586 servi
2177 2576 2185 2591 ‚
2205 2549 2395 2598 iidemque
2418 2550 2476 2587 fu-

1424 2603 1542 2652 gitivi.
1571 2603 1650 2651 Qui
1678 2601 1846 2650 fingulari
1873 2602 2074 2638 certamine
2098 2601 2192 2637 inter
2211 2599 2281 2637 sese
2298 2600 2478 2638 dimican-

1426 2663 1502 2697 tes,
1532 2666 1617 2691 cum
1650 2652 1803 2691 victoria
1827 2653 1939 2689 etiam
1963 2651 2207 2688 sacerdotium
2230 2650 2476 2700 adipisceban-

1425 2713 1507 2743 tur:
1537 2705 1756 2754 semperque
1777 2703 1897 2740 111ἃο1
1916 2701 2015 2740 idem
2032 2730 2042 2746 ,
2073 2703 2110 2739 &
2139 2700 2316 2739 successor
2334 2703 2476 2741 alterius

1426 2766 1512 2794 erat.
1562 2758 1690 2805 Quem
1727 2766 1874 2792 morem
1915 2753 2101 2790 Pausanias
2134 2753 2172 2789 in
2209 2753 2475 2798 Corinthiacis.

1426 2809 1633 2845 etiamnum
1662 2807 1729 2845 suis
1754 2804 1982 2853 temporibus
2010 2801 2148 2841 durasse
2170 2802 2301 2841 scribit.
2337 2805 2405 2843 Per
2421 2817 2473 2842 re-

1424 2871 1542 2908 gnum
1573 2871 1660 2908 ergo
1688 2857 1929 2895 sacerdotium
1956 2855 2131 2904 intellige.
2160 2866 2246 2891 nam
2269 2856 2306 2892 δε
2334 2856 2406 2904 ipse
2425 2855 2474 2893 sa-

1428 2911 1556 2948 cerdos
1578 2922 1640 2947 rex
1656 2909 1854 2946 nemoralis
1871 2907 1911 2952 ‚a
1931 2918 2088 2944 nemore
2113 2905 2192 2942 Scil.
2208 2906 2386 2952 Aricino,
2415 2907 2472 2945 ubi

1425 2962 1607 3009 templum
1631 2961 1722 2998 deae
1741 2970 1816 2997 erat
1831 2988 1841 3001 ‚
1868 2959 2080 2995 vocabatur.
2104 2956 2333 2994 Micrtms.

1478 3014 1562 3060 263.
1590 3012 1687 3047 Retia
1707 3008 1869 3057 tendam]
1898 3009 1997 3044 Vera
2016 3007 2139 3045 166110.
2161 3009 2383 3046 (Ξ1ο1ῑΑΝυε.
2413 3013 2471 3044 Po-

1427 3076 1491 3098 mis
1507 3063 1625 3108 scripti
1645 3060 1828 3097 meliores.
1848 3058 1913 3095 nisi
1932 3059 2035 3108 quod
2057 3060 2094 3096 in
2115 3059 2323 3096 Oxoniensi
2338 3088 2348 3104 ,
2363 3069 2469 3109 pones.

1428 3112 1523 3148 tendi
1550 3111 1639 3146 retia
1669 3110 1839 3147 usitatum
1871 3111 2022 3158 optimis
2047 3109 2254 3148 auetoribus
2273 3123 2349 3148 non
2369 3111 2470 3159 igno-

1427 3175 1482 3200 ro.
1508 3162 1568 3198 sed
1592 3164 1629 3198 δί
1650 3162 1803 3198 alterum
1826 3161 1971 3210 elegans
1986 3189 1996 3205 ,
2026 3173 2092 3210 pro
2112 3174 2188 3210 quo
2212 3162 2384 3198 librorum
2406 3172 2469 3208 pu-

1426 3222 1514 3262 gnat
1535 3214 1740 3250 auctoritas.
1762 3212 1879 3261 idque
1898 3224 1945 3249 eo
1967 3214 2080 3261 magis
2098 3212 2252 3256 arridet,
2280 3211 2381 3261 quod
2398 3209 2474 3259 pla·

1425 3279 1487 3313 gas
1515 3265 1651 3300 tendere
1677 3264 1787 3312 paulo
1814 3263 1892 3312 post
1922 3263 2103 3312 sequa-tur.
2131 3263 2205 3300 dixi
2228 3264 2326 3310 supra
2341 3261 2393 3304 ybs.
2414 3274 2473 3306 45.

1428 3316 1595 3366 sequenti
1619 3315 1745 3361 versu,
1762 3313 1952 3365 imparibus
1971 3315 2054 3353 rotis
2074 3343 2085 3361 ‚
2122 3326 2200 3353 non
2229 3311 2338 3350 modis
2365 3321 2473 3398 reipu-²

2307 3372 2379 3399 nen
2411 3372 2471 3401 uin
