2553 3676
853 178 915 235 P.
989 176 1405 235 OVIDII
1478 179 2015 237 NASONIS

636 268 749 342 Ipse
773 285 904 341 ege,
942 285 1068 322 cum
1094 265 1288 320 fuerim
1311 267 1496 322 melius
1517 267 1784 339 periturus
1813 269 2079 334 amand0‚

718 341 980 397 Vidissem
1004 340 1204 403 nullm,
1242 352 1412 394 matre
1435 355 1692 405 necante‚
1728 341 1857 395 dies,

644 414 794 486 Quid
822 415 1030 486 plenam
1052 411 1261 467 fraudas
1287 412 1455 467 vitem
1481 413 1837 468 crescentibus
1863 415 1977 469 uvis
1995 437 2015 478 ;

721 487 996 559 Pomaque
1019 485 1224 541 crudeli
1247 485 1395 539 vellis
1420 484 1608 537 acerba
1630 487 1823 539 manu?

536 580 567 612 2
576 579 603 628 ς
644 560 847 632 Sponte
876 560 1043 613 fluant
1069 572 1274 613 matura
1296 557 1398 609 sua.
1440 554 1547 608 fine
1573 555 1810 634 crescere
1837 572 1975 613 nata,

721 631 812 686 Est
835 633 1068 704 pretium
1094 645 1282 699 parvae
1309 643 1420 679 non
1445 626 1561 679 leve
1585 640 1695 680 vita
1718 644 1915 685 morae.

647 705 837 762 Vestra
863 704 994 777 quid
1020 700 1255 753 effoditis
1284 697 1523 768 subjectis
1552 698 1752 752 viscera
1778 702 1892 755 telis
1909 725 1929 764 ς

721 778 790 830 Et
817 775 1060 829 nondum
1084 773 1215 825 natis
1242 771 1356 825 dira
1381 788 1587 825 venena
1611 771 1777 825 datis?

586 885 596 892 »
644 848 909 904 Colchida
933 845 1217 917 respersam
1242 861 1534 916 puerorum
1560 844 1809 916 sanguine
1834 849 2084 920 culpant,

534 941 601 986 30

714 923 873 993 Aque
898 920 986 973 sua
1011 917 1219 972 caesum
1244 929 1413 970 matre
1436 932 1735 990 queruntur
1759 918 1893 992 Ityn.

646 993 890 1067 Utraque
916 992 1060 1046 saeva
1085 1007 1298 1062 parens:
1339 989 1431 1044 sed
1456 989 1688 1070 tristibus
1712 1005 1939 1066 utraque
1965 992 2153 1050 cauffis

709 1066 921 1137 Jaffltura
945 1063 1074 1119 socii
1103 1063 1368 1136 sanguinis.
1389 1063 1498 1118 ulta
1527 1080 1725 1119 virum,

404 1296 465 1332 Ξῖ.
495 1299 587 1331 Cam
597 1293 769 1344 fuerim]
800 1294 874 1343 Qui
885 1295 1026 1343 fueram
1045 1294 1188 1334 Moreti
1208 1293 1346 1334 codem

402 1356 464 1382 22.
494 1352 613 1381 Matre
632 1346 804 1396 negante]
826 1353 979 1383 Necante
996 1348 1170 1395 potiores.
1186 1347 1400 1383 Heiusms.

404 1407 465 1442 23,
495 1396 594 1443 Qid
606 1395 746 1444 plenam
755 1398 909 1443 fraudas
925 1397 1037 1434 vitem
1057 1397 1275 1446 crescentibus
1293 1398 1399 1436 uvis?

352 1451 529 1496 Pomaque
557 1446 686 1483 crudeli
712 1446 814 1484 vellis
843 1447 963 1484 acerba
993 1447 1158 1497 mamm]
1189 1448 1299 1486 Hanc
1320 1449 1401 1487 sen—

352 1497 509 1533 tentiam
532 1497 651 1544 paucis
679 1499 828 1535 mutatis
849 1497 869 1535 ὲ
892 1498 1045 1536 Tibullo
1070 1499 1129 1536 lib.
1151 1511 1214 1537 111.
1235 1499 1340 1549 Eleg.
1363 1511 1399 1539 v.

353 1548 506 1594 accepit.
536 1548 612 1596 ejus
635 1548 744 1585 verba
766 1548 865 1593 sunt:

403 1608 504 1656 Qid
515 1610 689 1656 fraudare
700 1611 812 1659 juvat
833 1612 944 1648 vitem
967 1612 1187 1658 crescentibus
1205 1613 1315 1654 uvis?

353 1709 388 1748 C
454 1663 501 1695 Et
522 1661 621 1697 modb
644 1671 732 1698 nata
754 1661 853 1700 mala
873 1662 998 1700 vellere
1011 1672 1114 1712 poma
1137 1674 1275 1704 manu?

391 1723 577 1749 10FANUS.

403 1783 464 1820 25.
493 1779 610 1822 Sponte
631 1773 748 1824 fluent
774 1785 920 1812 matura
942 1775 1056 1826 sam]
1089 1776 1217 1826 Inepta
1240 1777 1289 1815 est
1309 1777 1401 1815 haec

348 1824 578 1870 eompofitio
594 1853 604 1869 ,
632 1825 769 1863 idcirco
787 1854 798 1871 ‚
819 1835 859 1864 ut
880 1827 926 1863 est
944 1828 983 1863 in
1002 1827 1160 1876 antiquis
1188 1827 1374 1866 codicibus
1388 1856 1399 1873 ‚

353 1872 404 1909 ita
442 1873 670 1912 scribendum
711 1876 759 1913 est
782 1904 793 1920 ,
832 1878 950 1925 sponte
984 1877 1053 1924 sua
1091 1888 1236 1914 matura
1271 1878 1400 1929 fluent.

353 1921 536 1962 Mimos.
583 1925 711 1962 Fluant
740 1936 883 1962 matura
906 1928 975 1976 saa
1005 1928 1209 1966 Puteaneus
1236 1929 1275 1967 &
1306 1941 1400 1968 unus

351 1973 508 2012 Moreti.
536 1977 666 2021 multi,
687 1975 813 2026 fluent.
842 1978 1057 2016 Hexnmus.

406 2025 466 2062 26.
493 2026 651 2063 Pretium
682 2026 845 2077 tardae.]
877 2028 919 2064 In
948 2036 1104 2077 utroque
1132 2030 1324 2068 Maffcian.
1352 2034 1400 2068 Et

346 2075 500 2124 pretium
521 2077 563 2123 est
582 2077 709 2126 longae.
732 2078 832 2115 C101=
840 2091 903 2115 AN.
932 2084 1071 2116 Parvae
1090 2079 1256 2130 plerique
1274 2081 1376 2118 editi.

403 2138 462 2171 27.
492 2127 603 2174 Vestra
632 2129 717 2178 quid
744 2127 934 2178 effbditis.]
966 2130 1069 2179 Lege
1086 2157 1100 2175 ‚
1137 2132 1249 2179 vestra
1276 2131 1401 2180 quido*

341 2177 481 2224 foditis.
509 2187 549 2216 ut
569 2179 880 2217 Remed..Am0r.
905 2191 963 2228 19.

350 2288 392 2329 H
406 2245 481 2276 Cur
499 2241 629 2292 aliquis
648 2242 756 2292 rigido
768 2243 866 2288 fodit
877 2244 946 2292 saa
967 2243 1099 2292 viscera
1108 2245 1216 2292 ferro·

397 2303 565 2331 Exnsms.

402 2357 464 2395 28.
492 2359 659 2396 Nondum
678 2358 809 2409 natis.]
840 2359 1010 2399 Francius
1032 2360 1403 2407 malebat‚nat0:of-

350 2408 549 2454 sentiebat,
566 2410 728 2457 scilicet,
743 2412 910 2463 rythmus
932 2411 990 2450 ille
1005 2440 1016 2457 ,
1044 2413 1139 2450 natis
1158 2415 1198 2452 &
1220 2414 1324 2453 datis.
1350 2414 1399 2453 fic

349 2457 464 2507 Epist.
483 2472 572 2499 V111.
598 2463 678 2511 136.

427 2527 475 2560 Et
495 2524 649 2561 nondum
666 2534 748 2561 nato
761 2525 900 2573 funeris
917 2526 1036 2562 anaor
1052 2527 1129 2564 eri‘s.

401 2599 464 2634 29.
491 2587 668 2625 Colchida.
690 2587 706 2636 ]
742 2587 933 2625 Medeam.
961 2587 1060 2625 Vide
1087 2600 1182 2638 quae
1207 2592 1337 2629 notavi
1356 2593 1395 2630 in

352 2637 665 2676 observationibus
683 2640 719 2676 in
739 2639 799 2676 lib.
818 2650 864 2675 11.
884 2637 1074 2675 Tristium.
1104 2641 1320 2680 C101=ANusc

404 2699 462 2735 29.
490 2695 678 2725 Puerorum
696 2688 913 2738 sanguine]
954 2688 996 2725 In
1025 2690 1264 2738 quibusdam,
1293 2703 1396 2729 nato-

354 2750 435 2774 rum
449 2739 617 2786 fiznguine
641 2740 792 2788 culpant.
816 2740 1074 2777 Nauezums.
1102 2740 1145 2778 In
1173 2743 1392 2791 quibusdam

352 2789 616 2836 exemplaribus
643 2790 774 2839 legitur
802 2791 939 2834 etiam,
967 2800 1143 2828 natorum.
1168 2792 1230 2829 sed
1249 2795 1395 2842 optime

353 2850 507 2887 quoque
527 2839 680 2887 legimus
695 2869 706 2885 ,
729 2850 933 2886 puerorum,
961 2840 998 2878 id
1021 2841 1070 2878 est
1088 2841 1248 2881 filiorum
1263 2872 1274 2890 ,
1287 2856 1395 2883 more

355 2889 524 2934 Graeco,
553 2897 593 2926 ut
611 2891 705 2937 apud
726 2892 857 2928 Horat.
876 2894 953 2929 Art.
975 2892 1080 2929 Po'e't.
1101 2893 1181 2941 185„

409 2955 481 2986 Nec
494 2958 612 2998 pueros
629 2964 742 2988 coram
754 2952 870 3001 populo
889 2953 1012 2989 Medea
1032 2954 1195 2993 trucidet.
1214 2957 1394 2996 MARIUS-

357 3010 527 3060 Sanguine
552 3021 701 3049 matrem
729 3015 908 3051 Palatinus
926 3015 1077 3058 tertius,
1106 3026 1146 3053 ut
1175 3017 1219 3053 ad
1246 3032 1397 3067 querun-

355 3072 415 3099 eur
444 3062 628 3100 referatur.
661 3063 710 3101 ita
734 3065 813 3103 Art.
837 3064 929 3101 Am.
958 3076 1023 3102 m.
1056 3076 1125 3115 33:
1143 3066 1295 3114 Phafida
1320 3082 1399 3104 ma-

354 3122 457 3150 xrem.
485 3113 691 3151 Hnmsms.

413 3175 472 3209 30.
499 3168 620 3214 Atque
638 3163 752 3214 sua.]
791 3170 897 3214 Aque
918 3177 1012 3202 unus
1039 3166 1191 3204 Moreti.
1222 3168 1260 3205 ὃς
1287 3168 1399 3208 reete.

358 3213 572 3253 HEfflsius.
600 3215 654 3253 Ita
680 3227 745 3264 pro
775 3225 898 3265 atque,
927 3229 1015 3266 aque
1040 3218 1266 3267 reposuimus
1286 3220 1398 3270 Epist.

356 3274 411 3311 5¹1·
435 3266 514 3315 156.
543 3265 627 3304 vide
648 3266 685 3304 &
705 3265 815 3317 Epist.
833 3278 911 3306 xxx..
932 3267 1021 3307 180..

2349 1140 2508 1201 Dici-4

1508 1300 1566 1339 31.
1593 1292 1751 1344 Saeva]
1779 1294 1881 1331 Dira
1901 1294 2084 1335 Palatinus
2111 1294 2249 1345 primus
2273 1295 2312 1334 δε
2330 1295 2509 1346 ᾙατίςαῃὲ.

1454 1341 1504 1379 ita
1525 1341 1605 1378 dira
1624 1356 1772 1381 noverca
1792 1346 1903 1394 Epist.
1925 1359 1995 1384 xxx.
2016 1347 2099 1385 188.

1510 1403 1566 1441 32.
1594 1393 1675 1431 Ulta
1704 1395 1871 1446 virum]
1905 1397 1963 1435 Sic
1994 1398 2107 1436 etiam
2139 1397 2298 1436 Remed.
2326 1397 2416 1435 Am.
2444 1398 2507 1440 60}

1454 1442 1515 1499 sed
1541 1445 1627 1492 quia
1652 1446 1714 1484 hic
1738 1447 1784 1485 de
1805 1447 1943 1485 duabus
1963 1450 2102 1498 agitur,
2129 1449 2301 1487 Francius
2322 1448 2504 1496 malebat,

1456 1506 1563 1533 vtrOS.

1509 1555 1569 1594 33.
1597 1546 1689 1594 Quis
1715 1562 1777 1585 vos
1801 1548 1917 1586 irritet
1947 1548 2087 1600 ἥβη]
2118 1550 2190 1599 Iaso
2220 1551 2436 1590 PuteaneuS.
2463 1558 2506 1591 ut

1456 1595 1497 1632 &
1525 1596 1618 1634 infra
1648 1598 1749 1646 Eleg.
1779 1612 1893 1637 xvm.
1922 1599 1977 1643 ybs.
2007 1612 2067 1649 23.
2094 1602 2132 1639 &
2153 1601 2201 1638 fic
2219 1602 2279 1639 lib.
2300 1615 2362 1640 111.
2383 1602 2505 1647 Artis,

1455 1645 1511 1688 Je'ls.
1534 1657 1591 1695 35.
1612 1647 1649 1684 ὃ(
1674 1649 1831 1686 Metam.
1848 1662 1901 1687 v1.
1926 1662 1957 1687 1.
1977 1652 2193 1689 veterrimus
2210 1652 2349 1700 Regiae
2367 1651 2507 1690 Biblio-

1455 1696 1585 1734 thecae
1605 1697 1736 1736 codex.
1765 1700 1903 1737 Latino
1923 1712 2042 1738 more.
2069 1700 2118 1739 fic
2138 1707 2382 1750 Agamemno,
2410 1707 2505 1740 Am-

1452 1746 1608 1797 phitryoe
1638 1747 1686 1786 fic
1714 1750 1754 1786 &
1783 1750 1877 1787 Lada
1909 1763 1956 1788 ex
1985 1754 2103 1790 veteri
2133 1752 2262 1790 codice
2286 1753 2348 1791 mm
2381 1765 2415 1791 v.
2445 1753 2506 1803 89.

1457 1797 1546 1835 Fast.
1575 1798 1664 1836 Milo
1694 1799 1796 1838 Ibide
1821 1802 1907 1849 609.
1936 1814 1985 1840 ex
2006 1802 2089 1840 MS.
2117 1802 2226 1840 Almo
2249 1805 2405 1842 Metam.
2424 1816 2507 1843 xxv.

1456 1860 1502 1886 ex
1525 1849 1631 1887 MSS.
1652 1851 1795 1889 Herus.
1823 1852 1995 1890 Francius
2021 1853 2170 1891 volebat
2193 1854 2306 1892 etiam
2321 1883 2332 1899 ‚
2360 1854 2504 1901 irritat,

1455 1899 1568 1948 idque
1599 1901 1728 1939 fortius
1758 1902 1938 1940 credebat.
1968 1904 2006 1940 &
2033 1915 2150 1948 mox,
2169 1903 2273 1952 figere
2300 1905 2434 1954 viscera
2458 1918 2506 1945 ex

1456 1949 1613 1988 Remed.
1635 1963 1693 1999 59.
1721 1953 1760 1989 &
1782 1954 1831 1990 ita
1859 1961 1933 1991 erat
1954 1953 1992 1991 in
2016 1954 2158 1993 Moreti
2178 1967 2267 1993 uno.
2294 1955 2355 1994 sed
2373 1956 2505 2005 viscera

1450 2000 1529 2049 Jam
1548 2000 1783 2049 praecefl'erat
1802 2015 1893 2041 vers.
1915 2016 1973 2049 27.
2005 2014 2137 2054 corpora
2167 2006 2307 2044 Marius
2326 2007 2504 2057 interpre-

1457 2059 1552 2088 tatur
1576 2050 1683 2092 filios.
1722 2053 1783 2090 De
1814 2055 2026 2092 nominibus
2052 2056 2227 2104 propriis,
2253 2057 2291 2094 in
2322 2071 2340 2094 o
2368 2058 2427 2096 vel
2449 2072 2502 2098 on.

1458 2101 1544 2139 vide
1564 2102 1610 2139 ad
1628 2103 1871 2151 Quinctilian.
1891 2105 1975 2142 Inst.
2000 2118 2030 2143 1.
2055 2120 2087 2155 ς.
2107 2106 2243 2154 findere
2273 2108 2503 2149 Francofurt.

1457 2163 1536 2189 non
1556 2152 1715 2191 absurde.
1744 2154 2006 2194 BURMANNUS.

1511 2213 1569 2252 35.
1597 2209 1690 2240 Haec
1715 2206 1866 2255 neque]
1906 2213 1977 2243 Hoc
2002 2207 2186 2246 meliores.
2213 2209 2504 2261 Neapolitanus-,³

1457 2258 1529 2341 II-Iloc
1567 2266 1673 2304 neque
1704 2257 1919 2294 marmoreis.
1975 2257 2086 2296 Forte
2126 2271 2193 2308 pro
2215 2287 2226 2305 ‚
2262 2262 2501 2300 Marmaricis.

1499 2316 1669 2344 cmsnis.

1509 2357 1566 2404 36.
1594 2357 1738 2394 Perdere
1766 2370 1824 2394 nec
1841 2357 1999 2410 fhetus‚]
2029 2360 2173 2398 Prodere
2199 2361 2381 2413 Excerpta
2402 2364 2502 2413 Polis:

1455 2405 1556 2444 tiani.
1584 2407 1798 2446 Hzmsms.

1508 2458 1567 2507 36.
1594 2459 1696 2506 Ausa
1716 2459 1874 2509 leaena]
1905 2461 1982 2509 Vifiz
2000 2473 2094 2500 unus
2113 2462 2269 2502 Heinfii.

1507 2520 1567 2557 39.
1594 2515 1781 2559 Ferturque
1806 2524 1889 2559 rogo.
1912 2511 1930 2558 ]
1970 2517 2051 2548 Toro
2082 2513 2310 2554 Sarravianus
2341 2518 2380 2555 &
2407 2530 2498 2559 unus

1451 2570 1496 2596 ex
1528 2560 1629 2597 meis.
1666 2560 1772 2598 bene.
1816 2563 1850 2599 in
1883 2570 1968 2599 toro
2003 2564 2102 2601 enim
2135 2567 2273 2604 mortui
2298 2567 2497 2607 effereban-

1450 2617 1520 2697 tAur.
1556 2610 1676 2699 quod8
1696 2613 1735 2650 ὃς
1769 2611 1814 2650 ab
1855 2612 1930 2650 aliis
1960 2613 2041 2662 jam
2075 2615 2381 2657 animadversum.
2416 2620 2498 2662 Art.

1493 2672 1541 2698 m.
1573 2674 1605 2699 1.
1631 2674 1655 2708 4
1683 2674 1716 2709 7.

1503 2730 1636 2761 Interea
1646 2723 1724 2774 sive
1743 2725 1808 2762 illa
1827 2735 1898 2763 toro
1917 2726 2238 2775 resapinaseratur.

1450 2787 1678 2873 Quangluam
1713 2787 1759 2826 de
1796 2788 1946 2826 vivente
1975 2787 2048 2826 illic
2088 2790 2173 2838 agit.
2210 2792 2341 2831 Statius
2372 2793 2496 2836 Theb:

1449 2848 1506 2875 vr.
1536 2848 1551 2882 7
1589 2865 1598 2874 .

1500 2903 1573 2936 Ceu
1584 2900 1716 2947 grande
1733 2899 1882 2950 exequiis
1901 2913 1985 2937 onus
2004 2910 2110 2951 atque
2124 2901 2293 2951 immensa
2301 2907 2468 2953 serantur

1501 2950 1666 2987 Membra
1687 2960 1771 2987 toro.

1452 3010 1508 3050 Ita
1528 3013 1645 3061 scripti
1656 3029 1666 3057 ;
1679 3022 1719 3051 ut
1742 3015 1779 3050 ὃ(
1799 3013 1979 3061 Epicedio
2002 3015 2178 3056 Glauciae
2199 3031 2243 3057 11.
2263 3019 2348 3059 Silv.
2361 3034 2396 3060 v,
2414 3021 2493 3064 160:

1506 3079 1612 3128 Qod
1633 3079 1697 3115 tibi
1714 3088 1877 3130 purpureo
1896 3082 1999 3127 tristis
2017 3093 2111 3121 torus
2131 3098 2246 3134 aggere
2263 3088 2384 3126 crevit.

1454 3146 1510 3184 Ut
1534 3144 1761 3185 doctissimus
1792 3148 2007 3187 Gronovius
2030 3150 2109 3199 jam
2139 3154 2287 3194 monuit
2306 3153 2492 3195 Diatribae'

1454 3196 1635 3235 Statianae
1656 3209 1733 3246 cap.
1754 3210 1850 3236 xv11.
1878 3199 2006 3250 Virgil.
2028 3214 2079 3238 vr.
2102 3214 2186 3242 220.

1501 3267 1591 3315 Tum
1612 3264 1767 3303 membra
1789 3275 1860 3305 toro
1879 3265 2001 3317 defleta
2020 3276 2196 3318 reponunt.

2357 3325 2489 3377 Noster
