2553 3676
729 192 1373 265 HEROIDES.

1447 223 1478 258 E
1516 225 1560 260 P.
1637 229 1685 263 x.
2159 231 2250 282 141

307 300 370 352 75
407 283 679 342 Vivimus:
721 279 777 332 &
800 290 911 332 non
933 279 1074 342 sum,
1112 278 1357 345 TheseU‚
1392 295 1496 337 tua.
1536 284 1574 338 fi
1595 289 1762 344 modo
1783 294 1941 359 vivis,

482 353 725 415 Femina,
761 351 958 422 perjuri
982 350 1168 404 fraude
1194 353 1390 424 sepulta
1413 356 1528 410 viri.

405 424 505 480 Me
527 441 773 497 quoque,
811 442 914 497 qua
937 423 1183 487 fratrem,
1222 425 1510 491 matiaffes,
1545 430 1816 503 improbe,
1840 437 2014 502 clava;

477 494 650 560 Effer,
689 514 848 569 quam
873 496 1122 559 dede1·a8‚
1159 509 1336 551 morte
1358 498 1526 553 soluta
1548 502 1693 557 fides.

401 568 559 623 Nunc
585 587 688 640 ego
712 587 822 622 non
845 582 1080 632 tantum,
1118 586 1254 641 quae
1279 570 1391 624 sum
1414 570 1639 642 passura,
1677 578 1965 642 recordor;

299 639 364 694 80

472 639 579 694 Sed
603 660 973 724 quaecumque
996 643 1170 714 potest
1193 642 1293 696 ulla
1315 642 1492 698 reliciat
1515 646 1642 716 pari.

400 712 709 768 Occurrunt
733 733 911 769 ammo
935 714 1197 786 pereundi
1221 716 1363 770 mille
1387 717 1586 788 figurae
1609 737 1619 772 :

468 785 734 860 Morsque
760 789 932 841 minus
956 805 1189 858 poenae,
1230 806 1390 860 quam
1411 807 1561 844 mora
1584 791 1797 856 mortis,
1834 790 2005 846 habet.

391 857 510 928 Jam
528 859 634 929 jam
657 873 910 914 venturos
934 874 1022 913 aut
1046 860 1141 914 hae
1157 900 1171 923 ,
1211 873 1300 914 aut
1325 861 1556 933 suspicor
1583 864 1727 927 illae,

467 929 580 1001 Qui
603 933 798 986 lanient
822 932 980 986 avido
1004 932 1198 987 viscera
1224 933 1413 996 dente,
1450 935 1617 1006 lupos,

288 999 352 1069 85
391 1001 629 1058 Forsitan
656 1004 709 1057 &
734 1005 905 1058 fulvos
933 1005 1085 1059 tellus
1110 1006 1208 1058 alat
1234 1005 1324 1058 ista
1349 1006 1544 1059 leones,

466 1075 602 1148 Quis
625 1077 746 1142 scit,
783 1096 851 1132 an
874 1078 1003 1132 haee
1026 1077 1197 1132 saevas
1223 1077 1440 1150 tigridas
1464 1079 1625 1134 insula
1649 1078 1839 1135 habet?

101 1285 314 1334 sepulturam
341 1298 361 1324 a
390 1289 542 1327 nemine
568 1287 707 1339 sperare
736 1297 902 1342 poterat;
922 1289 1017 1340 fialvi
1044 1303 1135 1339 vero

101 1346 168 1384 pro
190 1339 286 1375 mori
308 1338 440 1376 Noster
458 1340 562 1390 saepe
579 1343 698 1390 ponit.
724 1356 779 1382 11.
801 1342 936 1380 Amor.
957 1355 991 1380 x.
1013 1343 1070 1391 36.

148 1405 309 1444 Medium
320 1406 444 1457 solvar
462 1421 505 1450 (γ’
520 1409 612 1448 inter
631 1419 719 1461 opus.

98 1467 143 1507 In
164 1470 256 1510 Ibin.
283 1473 363 1520 146.

146 1534 226 1572 Sive
244 1549 354 1574 manu
366 1536 468 1585 faesia
487 1550 595 1577 morte
606 1538 742 1590 fhlutus
763 1556 829 1582 ero,

92 1596 142 1635 Et
167 1599 217 1636 ita
246 1601 372 1648 paffim
399 1603 470 1639 alii.
497 1603 586 1641 Vid.
617 1605 663 1642 ad
689 1605 847 1642 Petron.-
866 1617 942 1654 cap.
968 1618 1048 1644 cx1.
1081 1613 1136 1644 Se·

90 1647 192 1695 pulta
223 1664 303 1686 vero
328 1650 414 1688 fides
444 1652 703 1700 elegantissime
724 1655 854 1692 dicitur
871 1656 919 1692 ita
940 1657 1072 1694 abolita
1095 1660 1132 1695 ὃς

93 1698 279 1738 obscurata
301 1729 311 1745 ,
355 1710 394 1738 ut
433 1703 530 1739 nulla
568 1704 643 1752 ejus
681 1704 828 1753 vestigia
864 1705 941 1752 post
979 1707 1130 1746 caedem

91 1748 271 1787 Ariadnes
303 1751 479 1789 exstarent
502 1781 512 1796 ‚
550 1765 620 1790 nec
648 1754 837 1802 quisquam
865 1767 947 1792 eam
981 1756 1132 1796 Theseo

91 1799 309 1845 exprobrare
359 1799 474 1847 poffet
498 1830 508 1846 ‚
557 1803 583 1839 fi
634 1805 835 1842 Ariadnam
861 1833 871 1848 ‚
930 1815 1128 1855 antequam

89 1859 135 1885 ex
164 1850 276 1896 patria
305 1850 505 1888 abduxiffet
526 1879 536 1895 ‚
573 1854 676 1900 quod
702 1855 819 1901 ipsum
848 1856 1129 1896 Athenienfibus

87 1894 200 1936 fidem
223 1899 318 1948 paen
337 1901 455 1938 facere
476 1910 641 1949 poterat,
668 1903 854 1941 maer-affer
873 1906 973 1942 clava
993 1921 1004 1948 ;
1041 1916 1130 1946 tunc

87 1950 190 1987 enim
208 1951 350 1988 nullum
368 1951 453 1989 fidei
468 1951 649 1990 Ariadnae
665 1951 770 1990 datae
789 1964 1048 2002 argumentum
1067 1960 1128 1997 ad-

87 2000 209 2038 versus
231 2002 375 2039 Thesea
407 2001 561 2050 produci
591 2001 786 2051 potuiffet3
815 2004 875 2042 sed
907 2004 1012 2044 simul
1042 2020 1127 2047 cum

88 2050 220 2088 funere
249 2051 463 2090 condidisset
490 2053 614 2090 fidem.
642 2055 691 2091 ita
709 2055 816 2100 fama
836 2054 993 2105 sepulta,
1022 2059 1061 2095 ὃς
1086 2059 1130 2097 fi-

91 2101 194 2138 milia
219 2128 229 2144 ‚
257 2102 302 2140 de
330 2103 458 2152 quibus
488 2105 630 2152 egimus
660 2104 705 2141 ad
735 2106 899 2144 Petronii
927 2107 1130 2157 fragmenta

89 2161 126 2199 p.
154 2151 237 2196 676.
273 2152 346 2201 esset
383 2165 472 2191 vero
505 2167 571 2202 pro
594 2154 713 2204 fuiffiaet
741 2157 958 2205 capiendum
978 2186 988 2202 ‚
1033 2173 1128 2209 quae

89 2201 251 2251 enallage
281 2204 391 2241 obvia
418 2206 456 2241 &
486 2205 651 2254 vulgaris.
684 2207 775 2243 haec
805 2207 1034 2247 confiderent
1060 2213 1128 2250 viri

90 2251 212 2296 do<5³ti3
234 2253 380 2292 interim
400 2255 491 2292 nihil
511 2256 672 2294 mutabo.
695 2269 782 2295 nam
804 2258 842 2296 &
864 2259 1008 2308 vulgata
1028 2263 1127 2301 reete

89 2303 258 2352 explicari
276 2305 402 2353 potest.
432 2305 689 2345 BuRMANNus.

142 2364 202 2402 79.
237 2356 338 2403 ‹Qae
359 2354 442 2402 sam
460 2357 595 2407 paffara
623 2358 819 2409 recordor.]
859 2361 961 2399 Nihil
988 2365 1128 2404 variant

90 2403 248 2442 codices.
283 2403 401 2454 poffet
434 2416 558 2445 tamen
593 2409 710 2447 videri
738 2410 847 2448 alicui
873 2411 1100 2453 scribendum
1118 2445 1127 2461 ‚

89 2468 178 2505 quae
193 2455 275 2504 sam
303 2457 400 2493 modo
426 2458 519 2506 passa
547 2460 721 2504 recordor,
749 2463 832 2510 quia
850 2465 1128 2508 praeteritorum

89 2505 335 2544 recordamur.
367 2507 426 2556 sed
458 2510 496 2546 ὃς
524 2509 568 2546 de
593 2511 720 2548 futuris
753 2513 802 2549 ita
833 2513 945 2550 utitur
974 2516 1129 2559 lustinus

88 2555 150 2593 lib.
179 2570 214 2594 v.
242 2568 319 2605 cap.
348 2569 381 2601 7.
409 2558 478 2594 Sibi
505 2559 642 2609 quisque
670 2572 751 2597 ante
774 2563 881 2599 oculos
903 2563 1127 2613 obfidionem,

79 2608 220 2651 famem
248 2619 290 2646 <5¹
311 2607 506 2657 ficperbiam
537 2611 766 2662 vicloremque
802 2613 925 2661 hostem
946 2625 1131 2665 proponen-

89 2665 140 2693 tes
161 2672 172 2700 ;
203 2658 282 2706 jam
309 2659 449 2696 ruinam
477 2660 570 2697 arb-is
596 2673 638 2700 ω·
665 2662 825 2700 incendia
841 2692 852 2708 ,
873 2666 953 2713 jam
973 2669 1129 2705 omnium

91 2708 331 2755 captivitatem
356 2722 399 2749 ω’
427 2710 657 2759 miserrimam
677 2713 886 2761 fi’rvitatem
906 2718 1129 2758 recordantes.

94 2756 133 2793 δί
150 2758 249 2795 idem
269 2772 315 2796 eo
332 2760 431 2798 sensu
452 2764 564 2799 utitur
595 2764 708 2800 verbo
732 2766 925 2815 meminisse.
942 2768 1001 2804 lib.
1022 2782 1074 2806 xi.
1098 2785 1127 2818 ς.

95 2811 165 2842 Nec
191 2807 268 2845 belli
290 2811 584 2864 periculorumque
603 2841 614 2859 ‚
641 2813 704 2862 sed
732 2815 943 2854 divinarem
965 2821 1130 2857 memine-

95 2866 189 2893 rant.
215 2858 471 2900 Btmmmnus.

149 2910 207 2947 82.
234 2919 393 2965 Morsque
419 2918 536 2955 minus
553 2928 678 2969 poenae
699 2949 708 2965 ‚
746 2921 857 2973 qudm
885 2937 981 2960 mora
1010 2927 1129 2964 mortis

98 2959 245 3010 haben]
284 2964 409 3003 Caesar
433 2969 528 3016 apud
560 2971 759 3009 Sallustium
789 2974 826 3010 in
859 2975 1050 3023 conjurat:
1089 2985 1128 3014 ln

97 3011 192 3046 lubia
217 3022 320 3066 atque
347 3016 487 3064 miseriis
514 3032 656 3058 mortem
683 3036 933 3062 aerumnarum
954 3027 1127 3076 requiem,

97 3074 164 3098 nrm
183 3073 372 3099 cruciatum
392 3066 455 3113 effe.
485 3069 532 3106 In·
547 3071 646 3110 Ibin:

147 3128 379 3180 LuHatusque
396 3131 456 3168 diu
478 3137 638 3175 cruciatos
650 3141 793 3189 spiritus
813 3154 912 3182 artus

199 3180 338 3229 Deferat
354 3209 364 3225 ‚
393 3194 434 3221 ef
453 3183 550 3231 longa
569 3196 722 3238 torqueat
743 3205 824 3230 ame
841 3209 949 3233 mora.

97 3248 174 3287 Ubi
195 3261 239 3288 ex
256 3249 434 3290 Suetonio
456 3253 552 3292 aliud
569 3261 778 3307 exemplum
796 3265 941 3305 adduxi,
961 3267 1058 3306 C101:
1065 3280 1129 3307 ΑΝ,

2170 1156 2241 1212 Et:

1244 1293 1302 1340 85.
1331 1293 1443 1331 Tellus
1468 1290 1534 1331 alit
1560 1294 1622 1342 ista
1651 1292 1803 1343 leones.]
1845 1295 1937 1332 Alat
1965 1294 2170 1335 Puteaneus
2198 1297 2239 1335 &

1194 1343 1434 1382 Sarravianus.
1462 1346 1668 1383 Heinsius.
1697 1344 1800 1382 Parit
1823 1345 1919 1383 Cod.
1939 1347 2106 1385 Douzae.

1245 1394 1303 1431 86.
1331 1396 1422 1442 Qis
1443 1395 1511 1444 scit
1530 1409 1579 1432 an
1600 1395 1681 1431 haec
1692 1395 1820 1444 saevas
1839 1396 1953 1444 infula
1975 1397 2075 1444 tigres
2095 1395 2238 1447 habet.]

1193 1444 1285 1483 Duo
1314 1444 1394 1482 sunt
1427 1458 1522 1494 quae
1554 1447 1591 1483 in
1623 1447 1697 1483 hoc
1726 1446 1830 1483 versu
1860 1446 2065 1484 offendunt.
2109 1448 2237 1485 Primo

1194 1495 1297 1545 quod
1319 1496 1449 1533 Latine
1468 1496 1565 1534 haud
1585 1496 1737 1541 dicitur,
1766 1496 1937 1545 Qisscit
1956 1511 2004 1533 an
2024 1496 2127 1533 habet
2141 1526 2150 1540 ‚
2177 1498 2237 1536 sed

1191 1559 1238 1582 an
1257 1545 1392 1582 habeat.
1419 1547 1567 1584 Deinde
1595 1547 1698 1596 quod
1719 1546 1957 1596 posteriorem
1979 1549 2016 1585 in
2036 1549 2136 1596 tigres
2155 1560 2237 1586 cor-

1189 1598 1274 1645 ripit
1296 1625 1306 1642 ‚
1344 1609 1437 1646 quae
1475 1598 1606 1635 Latina
1637 1610 1726 1635 vox.
1758 1597 1832 1636 vid.
1870 1611 1899 1635 1.
1929 1600 2007 1635 Art.
2039 1600 2125 1635 Am.
2153 1611 2240 1646 559v

1190 1659 1276 1685 nam
1305 1656 1437 1697 quarto
1467 1648 1548 1685 casu
1569 1649 1714 1685 Graeco
1736 1646 1881 1695 tigridas
1903 1646 2077 1686 debuisset
2099 1648 2237 1686 dixisse.

1189 1697 1360 1735 Turbant
1373 1706 1555 1746 praeterea
1575 1699 1815 1735 vehementer
1835 1698 1915 1735 libri
1937 1708 2102 1742 veteres;
2133 1710 2171 1736 ut
2189 1700 2240 1737 de.

1187 1748 1328 1785 mendo
1350 1748 1502 1785 dubium
1525 1761 1602 1785 non
1621 1748 1676 1787 fit.
1705 1750 1929 1786 Puteaneus:

1236 1811 1327 1859 Qis
1337 1810 1405 1859 scit
1421 1824 1470 1846 an
1487 1823 1529 1849 (φ
1548 1810 1631 1847 haec
1653 1811 1792 1859 tigrides
1812 1809 1929 1858 insula
1952 1810 2065 1848 habet.

1184 1870 1262 1908 Alii
1284 1871 1447 1921 plerique
1460 1871 1587 1919 saevas
1615 1871 1754 1920 tigrides
1780 1870 1894 1920 insi-ila
1916 1870 2020 1909 habet
2033 1899 2044 1916 ,
2072 1872 2131 1910 vel
2144 1901 2155 1918 ,
2183 1874 2231 1911 ti-

1180 1921 1310 1969 gridas.
1337 1922 1512 1960 vetustior
1529 1923 1691 1960 Moreti:

1237 1985 1328 2033 Qis
1337 1984 1407 2035 scit
1427 1999 1475 2022 an
1498 1986 1580 2023 haec
1597 1986 1697 2036 tigres
1717 1987 1831 2037 insula
1845 1987 1956 2037 saeva
1966 1989 2077 2036 ferat.

1185 2044 1293 2084 Meus
1312 2075 1322 2092 ,
1349 2060 1463 2096 quem
1484 2047 1504 2084 a
1525 2049 1580 2086 Cl.
1602 2049 1788 2087 Mentelio
1810 2050 1942 2087 habui:

1188 2152 1222 2189 A
1235 2105 1326 2151 Qus
1335 2105 1403 2153 scit
1419 2119 1467 2143 an
1488 2105 1568 2143 haec
1583 2104 1712 2155 filevas
1723 2107 1798 2155 sert
1815 2120 1946 2157 qaoque
1965 2118 2058 2146 terra
2078 2108 2190 2158 tigres.

1226 2154 1316 2192 lter:
1959 2183 1963 2188 .

1236 2205 1336 2252 Qtid
1343 2206 1413 2254 scit
1430 2222 1476 2245 an
1496 2208 1578 2245 haec
1587 2209 1715 2258 saevas
1736 2208 1851 2260 insula
1869 2210 1969 2260 tigres
1987 2209 2101 2247 habet.

1185 2254 1256 2292 Sed
1284 2257 1376 2295 haec
1401 2259 1707 2307 interpolatorum
1737 2261 1829 2299 sunt.
1856 2261 1991 2299 Dicam
2025 2260 2125 2310 quod
2150 2260 2227 2297 sen-

1182 2306 1250 2342 tio.
1276 2318 1369 2355 puto
1397 2311 1567 2347 ultimam
1594 2312 1631 2348 in
1656 2311 1792 2359 tigrides
1815 2320 1876 2349 aut
1896 2312 2038 2361 tigridas
2056 2311 2223 2360 syllabam

1183 2356 1386 2407 absorpfiffe
1415 2373 1552 2398 vocem
1574 2388 1584 2404 ,
1620 2374 1715 2411 quae
1744 2362 1978 2411 sequebatur,
2006 2362 2078 2397 Dia
2100 2361 2229 2398 videli-

1185 2415 1243 2444 cet
1263 2436 1273 2452 ‚
1309 2411 1410 2458 cujus
1441 2410 1616 2460 gloffema
1642 2414 1750 2450 fuerit
1770 2417 1821 2449 Tb
1840 2412 1962 2462 insula.
1991 2412 2136 2448 Deinde
2156 2424 2223 2459 pro

1185 2457 1287 2495 habet
1318 2471 1504 2499 exaratum
1544 2464 1665 2511 primo
1706 2472 1873 2511 corrupte
1913 2460 2012 2500 fuiffe
2047 2461 2141 2497 bacet
2167 2462 2228 2499 vel

1185 2509 1273 2557 quid
1296 2510 1433 2556 simile,
1461 2512 1559 2550 unde
1577 2513 1680 2549 habet
1703 2513 1743 2550 fit
1763 2515 1912 2550 faetum.
1944 2515 2047 2560 Lego
2068 2513 2197 2561 igitur:

1238 2561 1328 2607 Qis
1338 2562 1405 2610 scit
1427 2575 1475 2598 an
1493 2574 1534 2601 ω’
1547 2563 1658 2610 fizeva
1679 2562 1800 2610 tigride
1820 2563 1891 2598 Dia
1911 2573 2024 2599 vacet.

1186 2610 1244 2646 Sic
1265 2611 1366 2659 supra
1384 2622 1492 2648 vacat
1513 2612 1625 2661 infala
1646 2613 1751 2649 culta.
1773 2614 1864 2649 Met.
1891 2625 1918 2649 1.
1940 2625 2024 2659 422.

1237 2661 1381 2710 Jupiter
1399 2674 1437 2698 ut
1458 2663 1551 2698 vidit
1565 2662 1683 2712 feffam
1704 2674 1747 2701 ω’
1765 2663 1891 2710 custode
1910 2673 2110 2701 vacantem.

1187 2710 1239 2748 Ita
1266 2713 1365 2749 enim
1391 2714 1464 2750 illie
1482 2714 1560 2750 libri
1583 2723 1731 2750 veteres.
1759 2715 1895 2762 vulgati
1919 2725 2100 2750 carentem.
2130 2714 2225 2753 Solia

1184 2772 1251 2798 nus
1283 2774 1358 2811 cap.
1388 2776 1464 2801 xxi.
1491 2764 1535 2801 de
1567 2763 1791 2801 Oreadibus:
1821 2770 1953 2801 Vacant
1971 2764 2128 2809 homine,
2157 2780 2229 2802 non·

1183 2812 1312 2849 habent
1325 2812 1448 2862 filvas.
1479 2815 1512 2851 Si
1538 2816 1617 2863 quis
1647 2814 1800 2852 meliora
1820 2816 2057 2864 excogitant,
2094 2818 2126 2853 ei
2153 2829 2227 2864 ego*

1182 2862 1296 2899 libens
1324 2864 1511 2912 adsurgam
1550 2868 1588 2901 ὃς
1623 2866 1840 2913 gratulabor.
1878 2866 2092 2904 Gronovius
2121 2875 2222 2915 putat

1185 2914 1235 2947 Τὸ
1257 2911 1370 2961 insula
1393 2914 1461 2951 effe
1482 2927 1525 2951 ex
1545 2914 1680 2963 gloffa3
1709 2928 1819 2965 quare
1838 2916 2003 2964 legebat:

1236 2964 1326 3010 {Qus
1335 2963 1403 3013 scit
1420 2979 1467 3001 an
1486 2964 1689 3014 &saevam
1708 2967 1836 3015 tigrida
1859 2974 1983 3003 Naxus
2003 2965 2128 3002 habet?

1184 3013 1294 3052 Forte
1326 3017 1363 3051 25:
1392 3027 1436 3052 ex
1465 3016 1618 3064 vestigiis
1644 3017 1817 3054 Puteanei
1844 3019 2011 3055 omnium
2036 3017 2218 3053 veterrimi

1187 3064 1322 3102 codicis
1343 3078 1408 3113 pro
1432 3067 1496 3111 iis,
1525 3066 1662 3115 tigrides
1690 3067 1803 3117 infala
1818 3098 1827 3113 ‚
1849 3067 2100 3116 reponendum
2122 3067 2225 3113 tigri-

1176 3112 1234 3163 fin
1259 3115 1334 3152 illa.

1237 3167 1326 3213 Qtis
1336 3166 1405 3215 scit
1422 3181 1471 3204 an
1489 3167 1660 3216 &saevis
1677 3167 1807 3219 tigrifin
1827 3169 1888 3204 illa
1909 3176 2032 3203 vacet?
2127 3216 2129 3219 γ

1184 3216 1281 3253 Vide
1306 3230 1372 3254 nos
1393 3220 1438 3255 ad
1459 3219 1566 3266 Epist.
1587 3232 1673 3255 xxxx.
1695 3231 1728 3256 V.
1756 3232 1832 3267 137.
1861 3218 1960 3254 torsit
1983 3218 2020 3252 8<
2039 3217 2098 3253 hic
2117 3217 2221 3256 locus

1184 3267 1356 3307 Voffium
1383 3269 1427 3308 de
1457 3271 1537 3308 Art.
1557 3270 1723 3307 Gramm.
1743 3270 1801 3305 lib.
1824 3280 1869 3305 11.
1890 3278 1966 3315 cap.
1988 3277 2043 3316 3¹·
2075 3268 2219 3306 Hziss.

1691 3319 1713 3355 S
1745 3329 1762 3366 3
2033 3317 2089 3366 87.
2117 3326 2224 3369 Mag-
