2553 3676
691 194 1622 259 “HALIEUTIcoNz

384 289 763 363 >Obje8cetque
788 297 961 338 moras
976 320 993 344 ‚
1032 280 1090 334 &
1114 282 1260 337 molli
1286 283 1474 339 serviat
1498 285 1663 358 algae.

398 361 687 436 Descripfit
713 356 862 414 sedes
877 354 1029 419 ,varie
1053 353 1256 409 Natura
1277 357 1559 426 profundi:

398 439 516 493 Nec
539 433 757 492 eunfios
781 429 887 483 una
908 426 1083 483 voluit
1107 425 1388 483 consistere
1414 430 1595 499 pisces,

398 511 537 566 Nam
558 504 794 579 gaudent
818 503 1039 576 pelago,
1066 500 1259 574 ⁴quales
1282 499 1665 574 Scombrique,
1690 502 2003 578 Bovesque3

277 601 359 654 -95
399 579 637 654 Hippuri
662 577 890 640 celereS‚
926 576 981 631 ὃς
1008 575 1165 647 nigro
1194 587 1411 646 tergore
1433 572 1623 637 Milvi3

401 657 480 709 At
504 651 764 724 pretiosus
788 648 1029 723 Helops,
1062 647 1252 703 nostris
1276 647 1583 720 incognitus
1611 649 1801 714 undis;

399 728 485 781 Ae
509 725 672 780 durus
698 723 949 795 XiphiaS,
971 721 1079 776 ietu
1102 738 1214 776 non
1238 721 1421 776 mitior
1442 720 1604 776 enfis:

399 798 473 853 Et
499 797 681 871 pavidi
705 812 903 867 magno
930 795 987 849 fu
1027 796 1197 849 ientes
1220 794 1431 865 agmine
1459 793 1686 850 Thunni
1713 813 1725 848 :

398 871 566 926 Parva
589 868 857 925 Echeneis
883 867 1006 922 adel
1054 867 1321 936 (mirum)
1347 883 1497 921 mora
1520 866 1783 939 puppibus
1810 867 2024 940 ingens:

251 950 363 1000 ³100
400 945 603 1017 Tuque
616 960 798 998 comes
819 941 1041 1005 ratium,
1079 937 1340 1013 traffique
1361 957 1457 1012 per
1482 956 1715 1012 aequora
1738 939 1891 1002 sulci,

403 1017 516 1090 Qui
540 1017 747 1089 semper
769 1015 973 1087 spumas
995 1014 1227 1086 sequeris
1243 1052 1258 1076 ‚
1283 1012 1555 1084 Pompile,
1577 1011 1833 1067 nitentes:

395 1090 778 1164 Cercyrosque
801 1088 984 1151 ferox,
1018 1087 1358 1159 scopulorum
1380 1087 1486 1140 fine
1508 1097 1771 1141 moratus:

110 1279 468 1320 maris.G1÷suu.De
478 1279 600 1317 Bobus
607 1279 783 1317 Aelianus
791 1276 853 1315 lib.
863 1275 1151 1325 1.cap.xx.C101=.

160 1346 220 1381 95.
248 1331 391 1382 Hippuri
413 1330 564 1379 celeres]
606 1330 778 1379 Hippurus
800 1327 820 1364 a
841 1327 978 1365 caudae
991 1327 1151 1383 equinae

107 1381 342 1420 similitudine
361 1392 503 1419 nomen
523 1381 687 1430 accepit,
712 1380 823 1428 pinna
843 1378 977 1415 scilicet
990 1389 1010 1414 a
1033 1377 1150 1425 capite

108 1431 154 1470 ad
184 1433 337 1470 caudam
366 1431 546 1475 deducta,
573 1442 667 1480 quae
686 1429 821 1468 caudae
839 1429 994 1478 equinae
1012 1426 1151 1466 similli-

109 1493 169 1520 ma
188 1482 256 1521 est:
284 1484 410 1521 hieme
430 1482 561 1520 latitat:
582 1480 712 1519 aestate
731 1488 876 1518 tantum
901 1479 1150 1528 capiturzcar-

107 1534 260 1571 nivorus
290 1533 339 1571 est
361 1561 371 1577 ,
408 1532 533 1570 nostris
569 1531 733 1569 litoribus
763 1532 909 1579 ignotus
934 1543 943 1567 :
979 1529 1148 1578 Hispanis

108 1583 315 1632 cognitum
328 1583 456 1633 quibus
469 1590 619 1620 voc-atur
632 1588 817 1630 Lampuga.
830 1580 964 1618 Giscaf.
979 1581 1148 1618 CioFAN.

157 1646 218 1682 95.
247 1633 391 1682 Mil-oi]
421 1632 582 1677 Milvus,
610 1634 693 1670 Lat.
714 1631 816 1679 ἱέραξ
837 1632 990 1669 Graece.
1020 1631 1149 1668 Rondi-

108 1698 175 1729 κα,
210 1685 344 1723 Italice.
372 1684 534 1732 Pelagius
561 1682 664 1720 altius
682 1682 805 1726 volat,
832 1693 943 1731 quam
962 1681 1146 1726 hirundo,

107 1738 147 1773 &
170 1735 213 1773 ad
229 1735 355 1784 lapidis
377 1734 543 1783 jaf’tum:
576 1733 614 1771 id
633 1742 757 1771 autem
776 1732 866 1770 solet
886 1733 1004 1783 facere
1018 1760 1028 1776 ‚
1056 1731 1146 1770 dum

105 1787 239 1824 timet:
267 1787 295 1823 it
314 1785 504 1835 gregatim.
529 1784 616 1822 licet
645 1783 836 1822 edentulus
846 1782 913 1828 fit,
938 1784 1146 1821 carnivorus

88 1844 232 1873 ‘tamen
262 1836 311 1873 est
340 1864 350 1880 ,
401 1835 563 1884 linguam
594 1835 740 1884 igneam
764 1862 774 1879 ,
823 1833 1061 1872 rubicundam
1108 1835 1146 1872 &

90 1885 354 1935 vsplendentem
376 1886 496 1924 habet.
549 1886 666 1924 IDEM.

156 1939 217 1985 96.
244 1937 477 1987 Etpretiofits
505 1935 601 1985 Elops
631 1935 748 1983 nostm‘s
777 1934 967 1984 incognitus
1003 1933 1145 1985 undis.]

104 1988 245 2035 Quod,
280 1997 320 2025 ut
347 1987 465 2026 scribit
491 1987 724 2031 Columella,
759 1986 797 2024 in
817 1987 909 2024 mari
926 1987 1146 2035 Pamphylio

91 2045 248 2076 tantum
283 2044 431 2087 capitur.
481 2036 587 2075 Idem
624 2037 733 2075 tradit
769 2037 944 2074 Aelianus
980 2036 1040 2074 lib.
1075 2049 1143 2074 ux.

104 2099 184 2137 cap.
205 2100 308 2126 xxvi.
338 2090 402 2138 qui
421 2088 571 2138 quidem
588 2087 690 2136 piscis
714 2088 879 2137 squamas
899 2087 943 2126 ad
968 2099 1008 2125 os
1029 2088 1142 2126 versas

103 2138 237 2176 habere
255 2139 397 2177 dicitur.
424 2139 472 2176 Et
485 2151 529 2176 ex
548 2138 668 2176 Plinio
683 2166 694 2183 ,
721 2139 861 2176 &infra
883 2138 1010 2175 exhoc
1019 2138 1143 2176 nostro

101 2190 290 2238 perspicue
310 2189 469 2234 constat,
499 2189 642 2237 Elopen
653 2189 697 2226 ab
715 2188 937 2237 Acipensere
961 2189 1142 2227 diversum

103 2237 196 2277 effe:
233 2251 307 2290 qua
326 2241 362 2277 in
381 2252 419 2277 re
437 2240 607 2277 nonnulli
629 2239 760 2277 eruditi
779 2248 951 2278 errarunt.
979 2240 1145 2278 CioFAN.

99 2289 237 2328 Plinius
254 2290 395 2329 nullum
416 2290 585 2328 ordinem
604 2290 764 2339 sequitur
777 2302 1010 2340 ‚quanquam
1032 2291 1146 2339 plera-

133 2352 179 2378 ue
197 2342 386 2388 expreffit,
423 2341 484 2379 sed
510 2341 588 2389 post
616 2341 730 2385 aiios,
766 2342 830 2390 qui
846 2342 905 2379 hic
922 2341 1144 2390 sequuntur,

104 2350 152 2428 ge
185 2391 333 2438 Helope
361 2392 410 2428 ita
441 2399 567 2429 enotat
587 2407 598 2426 .·
645 2391 791 2439 Helopen
817 2405 948 2440 quoque
977 2391 1062 2428 dicit
1089 2392 1146 2441 effe

107 2439 226 2487 nostris
252 2440 462 2488 incognitum
491 2441 606 2477 undis.
658 2441 908 2488 Quintilianus
943 2442 1003 2479 lib.
1036 2454 1072 2479 v.
1098 2456 1144 2480 ex

105 2491 243 2528 Nostro
262 2493 372 2528 etiam
394 2490 520 2528 habet:
535 2503 591 2526 nec
612 2489 756 2539 Helopen
778 2491 883 2538 nostro
901 2492 993 2528 mari
1012 2491 1117 2529 doceas
1131 2510 1142 2529 :

107 2542 170 2578 An
200 2553 287 2590 ergo
314 2542 353 2579 in
378 2541 500 2578 Ponto
528 2549 671 2578 tantum
693 2540 789 2578 nasci
809 2541 962 2578 credidit
980 2542 1142 2580 Plinius?

107 2590 263 2629 Dixerat
282 2593 406 2629 enim:
435 2591 499 2628 His
514 2591 715 2640 adjiciemus
735 2591 827 2640 apud
845 2591 1015 2628 Ovidium
1039 2591 1145 2642 postta

109 2642 270 2687 nomina,
295 2656 382 2692 qnae
398 2642 490 2691 apud
518 2642 689 2679 neminem
705 2641 818 2678 alium
836 2642 1070 2691 reperiuntur,
1085 2642 1146 2689 sed

100 2691 251 2740 fhrtaffis
269 2693 307 2729 in
328 2700 433 2729 Ponto
460 2693 661 2742 nascuntur.
701 2692 857 2740 Triplici
886 2705 1018 2731 errore.
1057 2694 1145 2732 Non

110 2743 241 2780 Ovidii
272 2743 362 2780 haec
385 2744 488 2787 sunt,
527 2743 609 2788 sed,
644 2744 670 2781 fi
702 2743 790 2792 quid
818 2743 989 2792 probavi,
1019 2744 1146 2782 Gratii.

110 2793 194 2830 Nec
213 2793 272 2830 hic
289 2801 431 2830 tantum
450 2794 604 2841 Helopis
623 2795 788 2838 mentio,
825 2794 884 2846 sed
906 2797 943 2832 ὃς
971 2795 1147 2832 Aristote-

109 2844 161 2880 les
199 2844 237 2880 ὃς
267 2843 450 2881 Hesiodus
480 2844 591 2881 Scuto
621 2845 789 2882 Herculis
828 2848 1013 2886 LAMJ-txq
1044 2844 1147 2890 ἰχθῦς

111 2893 329 2942 indigitavit.
381 2894 554 2944 Denique
571 2907 650 2932 non
679 2896 715 2932 in
732 2895 854 2932 Ponto
869 2924 877 2939 ‚
908 2894 967 2932 scd
987 2896 1022 2932 in
1039 2897 1145 2932 Pam-

110 2945 239 2993 phylio
258 2952 400 2981 tantum
420 2947 509 2982 mari
527 2946 684 2993 capitur,
712 2945 855 2982 testibus
883 2945 1089 2984 ‘'erlolumella
1109 2948 1148 2983 ὃς

113 2996 284 3033 Aeliano.
314 2994 353 3030 In
377 3007 422 3031 eo
442 3006 591 3043 quoque
612 2998 765 3040 fallitur,
792 2998 894 3046 quod
921 2997 982 3034 lib.
1006 3009 1053 3034 rx.
1071 3009 1149 3045 cap.

116 3057 173 3091 17.
207 3045 302 3083 dicat
322 3045 366 3082 de
386 3043 626 3093 Acipenserc:
650 3046 745 3083 nullo
763 3047 801 3083 in
820 3046 942 3084 honore
962 3046 1024 3094 est,
1063 3047 1153 3096 quod

114 3096 254 3144 quidem
276 3095 404 3140 miror,
426 3108 502 3132 cum
513 3092 560 3143 fit
571 3107 671 3131 rarus
701 3096 872 3135 inventu:
902 3098 1047 3148 quidam
1076 3111 1154 3135 eum

114 3146 238 3196 Elopen
257 3156 396 3183 vocant.
425 3145 559 3183 Nostro
582 3154 707 3182 contra
726 3147 795 3192 est,
818 3148 1149 3198 pretiosus-Helopn

114 3199 175 3245 qui
196 3200 233 3235 ἃ
255 3199 526 3241 πολυτῖμκτος,
553 3196 788 3244 Epicharmo.
805 3199 946 3247 sedipse
956 3199 1019 3236 sibi
1039 3201 1150 3236 etiam

114 3248 327 3297 obloquitur
338 3247 485 3291 Plinius,
496 3255 536 3284 ut
545 3246 732 3284 ostendam
744 3247 786 3284 ad
797 3260 886 3285 vers.
897 3250 1113 3287 ult.Vi1T1u
1123 3263 1152 3286 s.

166 3301 226 3347 96.
264 3297 443 3347 pretiosus.
469 3297 486 3346 ]
527 3298 729 3338 Praeclarus
760 3297 889 3338 dicitur
927 3299 946 3337 a
984 3301 1151 3342 Lucilio:

2103 1158 2243 1218 Canss

1204 1275 1320 1323 Quem
1333 1272 1531 1324 praeclarus
1550 1273 1648 1325 Elops
1661 1301 1672 1319 ,
1699 1287 1801 1324 quem
1819 1277 1970 1323 Aegypto
1987 1280 2111 1324 sargus
2128 1280 2246 1314 move&

1206 1324 1270 1363 bit.
1296 1326 1393 1375 Elops
1411 1333 1535 1363 autem
1555 1337 1619 1374 per
1637 1324 1818 1374 fimplexl
1838 1325 1946 1363 metri
1963 1326 2064 1364 causa
2086 1326 2148 1364 hic
2166 1327 2248 1373 scrif

1205 1375 1379 1415 bendum.
1437 1377 1605 1414 C1orAN.

1255 1439 1316 1476 97.
1342 1426 1524 1478 Xiphias.]
1562 1427 1684 1466 Plinio
1712 1439 1789 1476 cap.
1816 1439 1919 1465 xtxx.
1950 1427 2011 1467 lib.
2036 1440 2089 1466 nt.
2114 1433 2248 1477 Trygon

1204 1486 1373 1516 vocatur.
1408 1478 1469 1516 De
1498 1490 1576 1528 quo
1597 1478 1772 1516 Aelianus
1792 1477 1853 1516 lib.
1871 1490 1922 1525 nt,
1946 1490 2023 1527 cap.
2043 1491 2106 1516 xr..
2126 1479 2163 1516 ὃ(
2184 1479 2248 1518 lib.

1204 1540 1286 1566 xiv.
1306 1540 1383 1577 cap.
1404 1540 1499 1567 xxxx.
1528 1529 1720 1578 Oppianus
1736 1528 1798 1566 lib.
1819 1541 1873 1566 11.
1901 1529 2036 1567 Latine
2050 1528 2220 1574 ‚Gladius
2234 1545 2248 1567 .-

1204 1580 1351 1623 Italice,
1391 1579 1486 1628 Pesce
1496 1580 1619 1629 spada.
1647 1580 1874 1617 Giscaferius.
1926 1580 2090 1628 Pelagius
2106 1579 2177 1624 est,
2205 1580 2247 1617 δε

1204 1629 1362 1668 Thunni
1389 1631 1428 1668 δε
1457 1630 1579 1669 Gladii
1605 1631 1785 1679 agitantur
1814 1629 1917 1667 Afilo
1956 1630 2097 1668 circiter
2131 1630 2247 1668 Canis

1203 1690 1374 1718 exortum
1391 1693 1400 1718 :
1426 1681 1561 1719 habent
1579 1682 1679 1719 enim
1702 1682 1845 1731 utrique
1865 1693 1928 1729 per
1949 1681 1986 1718 id
2004 1689 2152 1729 tempus
2182 1680 2246 1718 sub

1202 1732 1314 1779 pinna
1334 1744 1402 1770 ceu
1418 1733 1662 1770 vermiculum
1678 1759 1688 1776 ‚
1716 1731 1834 1781 effigie
1845 1731 2076 1780 Scorpionis,
2104 1731 2247 1779 magni-

1201 1782 1330 1820 tudine
1356 1784 1515 1821 Aranei:
1549 1782 1594 1821 ad
1628 1783 1826 1820 Cetaceam
1855 1781 2147 1831 magnitudinem
2166 1793 2251 1830 per-

1201 1833 1324 1871 venit:
1353 1834 1466 1871 rostro
1491 1834 1539 1872 est
1560 1842 1803 1878 mucronato,
1840 1841 2034 1882 utramque
2057 1831 2246 1870 maxillam

1201 1883 1388 1922 rostratam
1413 1885 1544 1923 habet:
1586 1884 1800 1922 inferiorem
1831 1892 1959 1922 tamen
1985 1883 2136 1920 brevem
2159 1910 2170 1927 ‚
2206 1885 2248 1921 ὃς

1201 1935 1458 1983 triangularem
1474 1936 1717 1984 :superiorem
1736 1935 1849 1984 magis
1862 1932 1997 1972 offeam
2012 1961 2021 1976 ,
2033 1933 2219 1971 duriorem
2235 1960 2248 1979 ,

1199 1985 1469 2035 longiffimam,
1498 1986 1747 2024 enfiformem.
1773 1985 1890 2023 IDEM.
1922 1989 1979 2021 Ac
2003 1984 2111 2022 durus
2140 1984 2250 2023 bene.

1201 2036 1550 2085 scripti.HfflNs1us.

1248 2086 1309 2135 98.
1337 2087 1518 2138 Thunni.]
1548 2087 1716 2125 Thamnus
1736 2114 1747 2133 ,
1781 2087 1937 2125 Latine:
1974 2086 2101 2131 θύννος,
2130 2086 2247 2123 Grae->

1199 2150 1264 2176 ce:
1295 2144 1433 2183 Tanna,
1461 2139 1597 2177 italice.
1622 2139 1698 2176 Ubi
1715 2137 1876 2187 primum
1903 2144 2005 2174 natus
2024 2136 2073 2174 est
2092 2163 2103 2180 ,
2142 2137 2247 2174 Lati-

1200 2190 1255 2227 nis
1274 2189 1436 2233 Cordila;
1466 2190 1526 2227 ubi
1547 2190 1593 2228 ad
1611 2188 1670 2227 sex
1692 2188 1831 2227 menses
1857 2187 2046 2236 pervenit,
2072 2185 2244 2230 Patami„

1201 2240 1263 2277 ubi
1282 2240 1326 2278 ad
1347 2252 1484 2278 annum
1506 2269 1517 2286 ‚
1546 2240 1715 2277 Thunnus
1741 2238 1883 2277 dicitur.
1911 2239 1946 2276 A
1966 2238 2079 2275 verbo
2098 2237 2244 2274 Graeco

1204 2291 1305 2327 θύνειν
1319 2319 1329 2335 ,
1357 2291 1458 2340 quod
1478 2292 1525 2329 est
1548 2303 1633 2329 cum
1656 2291 1799 2340 impetu
1817 2289 2051 2339 promoveri:
2081 2287 2143 2324 ubi
2165 2299 2246 2324 ma-

1197 2341 1259 2390 jor
1279 2341 1393 2380 faeius
1412 2342 1460 2379 est
1477 2341 1625 2388 ὄρκυνος·
1668 2342 1707 2379 in
1727 2340 1949 2378 immensum
1971 2337 2096 2376 auctus
2111 2366 2120 2380 ,
2139 2338 2247 2380 κήτη.

1203 2392 1335 2430 Giscaf.
1370 2393 1586 2430 Cromnos.
1622 2392 1704 2429 MS.
1731 2391 1855 2428 dunni.
1889 2390 2024 2428 Plinius
2055 2388 2161 2425 initio
2180 2400 2246 2427 ex-

1201 2451 1424 2491 cerptorum.
1469 2443 1624 2492 Orplmm
1644 2441 1821 2478 rubentem
1839 2469 1849 2484 ‚
1878 2440 2103 2488 racinumque
2126 2437 2147 2459 *Ε
2165 2438 2247 2488 pul-

1200 2493 1286 2530 lum.
1324 2494 1456 2530 Forte:
1488 2493 1727 2541 pavidumque
1757 2491 1958 2528 Thztnnum.
1994 2490 2094 2527 Nam
2118 2489 2246 2539 pavidi

1199 2543 1259 2579 hic
1282 2543 1451 2581 dicuntur
1470 2542 1621 2579 Thmzni.
1676 2542 1861 2580 VLiTius.

1251 2605 1312 2640 99.
1341 2600 1460 2630 Parva
1482 2592 1643 2629 Echen'e'is
1657 2591 1772 2640 adest,
1799 2592 1953 2636 mirum,
1982 2589 2245 2640 morapuppibus

1200 2642 1356 2693 ingens.]
1396 2644 1530 2681 Plinius
1547 2643 1606 2680 lib.
1626 2656 1676 2681 rx.
1701 2654 1776 2691 cap.
1797 2654 1883 2681 xxv.
1918 2648 2035 2680 Parvo
2053 2640 2244 2678 admodum

1196 2694 1281 2743 pisce
1303 2722 1313 2738 ‚
1360 2693 1548 2730 Echeneide
1582 2693 1709 2730 carinis
1743 2693 1951 2730 adhaerente
1972 2720 1982 2737 ,
2021 2705 2129 2728 naves
2168 2701 2246 2728 tar-

1201 2744 1278 2780 dius
1305 2746 1353 2781 ire
1382 2746 1600 2789 creduntnrf:
1650 2744 1730 2780 inde
1759 2744 1895 2781 nomine
1924 2740 2083 2792 imposito.
2127 2753 2243 2792 quem

1200 2794 1334 2843 piscem
1364 2795 1487 2832 Latini
1522 2801 1704 2832 Remoram
1730 2802 1896 2832 vocant:
1934 2793 1995 2831 sed
2014 2794 2077 2842 qui
2099 2792 2140 2829 fit
2161 2820 2170 2836 ‚
2204 2793 2244 2828 8:

1201 2857 1296 2894 quae
1309 2846 1385 2894 ejus
1402 2855 1535 2890 notae,
1548 2845 1685 2883 diversa
1704 2844 1840 2882 intersc
1858 2843 2082 2882 tradiderunt
2104 2842 2246 2889 Oppia-

1202 2908 1268 2933 nus
1291 2924 1301 2939 ,
1334 2896 1506 2934 Aelianus
1527 2924 1537 2941 ,
1574 2897 1613 2934 &
1645 2895 1866 2933 Aristoteles.
1902 2894 2115 2932 Cromnos.
2160 2892 2244 2928 MS.

1202 2945 1376 2983 Etheneir.
1403 2946 1443 2983 F.
1465 2955 1580 2995 parva
1604 2958 1648 2986 (θ’
1674 2946 1836 2983 Echeneis
1857 2973 1867 2989 ,
1914 2945 2056 2982 mirum.
2092 2953 2176 2979 nain
2202 2942 2245 2977 ’τὸ

1203 2997 1294 3043 adest
1311 2996 1499 3037 infititium
1529 2998 1588 3035 est.
1613 2997 1749 3035 Plinius
1772 3010 1781 3034 :
1816 2995 1873 3044 Est
1897 3005 2028 3045 parvus
2053 2991 2244 3028 admodum

1199 3048 1319 3096 piscis,
1357 3047 1518 3085 Echeneis
1548 3047 1756 3098 appellatus.-
1792 3047 1852 3084 hoc
1881 3045 2013 3098 carinis·
2035 3042 2244 3098 adhaerente

1205 3111 1312 3135 naves
1342 3099 1479 3135 tardius
1506 3098 1555 3136 ire
1584 3099 1794 3143 creduntur,
1823 3097 1902 3133 inde
1919 3106 2056 3130 nomme
2072 3091 2246 3142 tmpofito‚

1206 3161 1278 3188 (γε.
1306 3149 1381 3184 ἀπὸ
1401 3151 1464 3185 τοῦ
1484 3152 1553 3192 τὰς
1574 3150 1656 3192 νῆας
1673 3150 1782 3195 ἔχειν.
1814 3147 1998 3182 vimus.
2025 3144 2140 3188 Puto,
2156 3148 2244 3179 Par-

1207 3213 1256 3235 va
1276 3198 1453 3241 Echineis,
1482 3209 1523 3236 ut
1542 3210 1574 3236 et
1601 3202 1686 3246 (m)
1707 3213 1753 3235 m.
1771 3207 1801 3244 p.
1828 3196 1850 3232 i.
1886 3196 2100 3232 Hmsms.

1263 3261 1345 3286 loo.
1358 3255 1380 3285 '1
1387 3249 1569 3299 rafiique]
1586 3250 1744 3298 Ειέῖἱιμιε
1764 3246 1845 3283 MS.
1857 3246 1992 3283 Plinius
2005 3243 2219 3293 ,Pompilum
2232 3271 2245 3290 ,

1210 3299 1268 3350 qui
1279 3301 1411 3350 semper
1429 3301 1607 3340 comitetur
1626 3298 1844 3345 navigiorum
1865 3300 1990 3348 corsus.
2028 3296 2144 3335 IDEM.

1447 3352 1452 3354 “
1615 3350 1779 3398 Ggggg
1807 3360 1827 3387 z
2058 3352 2256 3399 mimam-
