2553 3676
247 507 348 569 560

232 1231 364 1293 570‘

360 198 735 254 ARTIS
807 193 1561 257 AMATORIAE
1635 223 1807 260 Lrss.

396 287 526 359 Quo
550 286 743 354 magis,
767 282 801 332 o
821 279 1070 348 juveneS‚
1107 279 1443 350 deprendere
1465 287 1667 358 parcite
1692 287 1896 343 vestras.

466 360 727 412 Peccent:
767 366 1050 422 peccantes
1077 352 1237 405 verba
1262 352 1462 409 dedifle
1485 371 1689 428 putent.

393 429 598 484 Crescit
622 442 771 477 amor
796 423 1006 494 prenfis.
1045 422 1135 478 ubi
1160 441 1252 495 par
1278 424 1495 480 fortuna
1521 430 1754 486 duorum
1780 430 1882 495 est,

458 500 516 552 In
540 494 710 552 caussa
735 496 913 550 damni
939 495 1131 568 perstat
1164 510 1392 569 uterque
1416 498 1508 552 sui.

384 570 578 625 Fabula
601 582 841 623 narratur
865 582 984 623 toto
1009 568 1276 624 notiffima
1300 571 1484 634 coe10‚

461 641 777 697 Mulciberis
803 642 944 713 capti
968 641 1227 715 Marsque
1257 641 1547 718 Venusque
1571 645 1721 699 dolis.

381 714 530 771 Mars
554 727 731 787 pater,
756 714 935 768 insano
965 713 1188 770 Veneris
1213 715 1453 770 turbatus
1477 735 1687 782 amore,

456 788 543 842 De
569 788 708 842 duce
734 787 955 840 terribili
979 785 1144 841 faclus
1168 800 1374 842 amator
1399 803 1525 844 erat.

238 864 338 929 565
375 861 493 916 Nec
518 860 705 915 Venus
731 859 901 913 oranti
932 862 1142 931 (neque
1170 860 1312 912 enim
1337 860 1456 914 Dea
1481 863 1694 917 mollior
1719 863 1822 918 ulla
1847 861 1955 929 est)

450 932 670 987 Rustica
695 932 965 995 Gradiv0‚
1000 929 1302 985 difficilisve
1327 932 1444 986 fuit.

377 1005 469 1061 Ah
493 1006 705 1078 quoties
729 1005 913 1059 lasciva
942 1003 1108 1076 pedes
1133 1003 1290 1057 risisse
1315 1005 1491 1059 mariti

452 1078 694 1141 Dicitur,
733 1076 788 1131 &
814 1077 971 1132 duras
1001 1077 1125 1147 igne
1148 1077 1233 1130 vel
1256 1090 1368 1131 arte
1392 1082 1601 1133 manus!

378 1150 560 1205 Marte
584 1152 753 1223 palam
777 1150 978 1203 fimulat
1002 1148 1306 1204 Vulcanum
1330 1150 1562 1215 imitata,
1597 1151 1850 1208 decebat:

446 1222 733 1296 Multaque
757 1239 882 1275 cum
906 1221 1079 1275 forma
1104 1223 1271 1292 gratia
1297 1226 1462 1278 mixta
1489 1224 1607 1278 fuit.

1882 204 1952 264 ΙΙ.
2142 208 2240 272 637

374 1295 481 1351 Sed
506 1295 642 1350 bene
667 1294 982 1349 concubitus
1008 1294 1209 1365 primos
1235 1297 1409 1350 celare
1433 1295 1686 1352 solebant.

444 1368 612 1423 Plena
635 1367 932 1423 verecundi
955 1367 1109 1441 culpa
1133 1367 1356 1440 pudoris
1381 1381 1509 1423 erat.

5 1433 9 1657 i
73 1568 178 1618 hali,
212 1570 285 1607 huc
313 1569 482 1607 facientia
509 1568 658 1608 adducit
686 1569 896 1608 Erhardus:

34 1640 37 1643 ·
67 1624 72 1628 '
134 1626 214 1656 Non
234 1619 334 1656 nubis
348 1647 359 1663 ‚
380 1619 586 1665 Proculina,
608 1621 671 1668 sed
683 1621 822 1667 fateris.

78 1666 168 1707 Vid.
190 1671 228 1708 ὃς
249 1670 294 1708 ad
314 1670 464 1708 Phaedr.
485 1683 538 1708 iv.
557 1683 616 1719 25.
645 1677 716 1707 Nec
727 1671 849 1720 fugiat
871 1669 1125 1708 multiediti&

79 1718 214 1768 scripti.
268 1721 530 1758 BuRMANNus.

72 1818 75 1821 Ι
132 1771 215 1818 ςόῐ.
242 1771 377 1808 Fabula
396 1771 606 1821 narratur.]
635 1771 1012 1817 Malim5narrantur.
1023 1772 1123 1809 Mars

76 1819 117 1858 &
142 1821 268 1859 Venus
287 1821 469 1859 videlicet.
496 1823 534 1859 ὅ(
555 1834 644 1859 mox
665 1823 752 1869 630.

128 1877 172 1907 Ut
194 1885 368 1921 quamque
383 1872 562 1921 attigeris,
580 1872 710 1918 fabula
731 1873 840 1922 turpis
855 1881 969 1911 erunt,

75 1921 236 1960 Martial.
254 1923 314 1960 lib.
331 1935 402 1959 ΧΠ.
424 1936 481 1971 52.
501 1923 546 1959 ad
570 1923 849 1971 Semproniam:

128 1972 251 2009 Dulcis
271 1974 309 2009 in
326 1971 435 2022 Elyfio
458 1973 613 2010 narraris
620 1972 750 2020 fabula
768 1983 895 2023 campo.

72 2022 210 2069 Statius
231 2024 437 2061 Achilleide
461 2036 518 2061 11.
536 2035 622 2072 273.

127 2073 196 2120 Ast
217 2087 268 2122 ego
289 2073 347 2109 vel
359 2074 493 2123 primae
510 2074 652 2122 puerilis
663 2073 794 2121 fabula
815 2073 930 2124 culpae

180 2124 362 2160 Narrabor
373 2124 540 2170 famulis.

9 2197 12 2217 .
77 2173 213 2212 Horat.
241 2174 361 2222 Epod.
383 2186 436 2212 xr.

126 2231 191 2262 Per
208 2225 326 2261 urbem
337 2225 469 2271 fabula
490 2236 626 2277 quanta
636 2225 695 2273 fui
706 2231 722 2262 !

0 2290 2 2295 ’
68 2273 123 2314 ‘Et
142 2276 203 2316 lib.
227 2288 257 2314 1.
277 2275 385 2324 Epist.
412 2288 471 2326 13.

566 2326 761 2377 Asinaeque
781 2336 965 2377 paternum

126 2382 321 2425 cognomen
338 2387 457 2414 vertas
476 2375 515 2414 in
534 2378 641 2427 risum
665 2407 674 2422 ,
701 2390 743 2418 ΕΤ
754 2379 885 2426 sabula
899 2379 981 2428 fias.

76 2426 248 2465 Tibullus
267 2428 359 2465 libro
385 2441 428 2464 η.
449 2429 550 2477 Eleg.
579 2441 660 2467 111.

65 2479 69 2485 '
130 2477 264 2514 Fabula
287 2477 455 2524 nuncjlle
471 2478 525 2525 est.

13 2535 15 2575 l
74 2526 125 2564 Et
143 2540 171 2565 1.
190 2540 246 2565 1v.
268 2528 287 2565 8
294 2540 327 2577 3.

13 2585 15 2625 ξ
133 2582 254 2624 Parce,
263 2589 368 2628 puer,
382 2579 524 2630 quaefh:
550 2593 591 2617 ne
611 2581 719 2631 turpis
730 2580 860 2630 fabula
870 2580 975 2630 fiam.

14 2632 15 2635 ’
81 2626 212 2664 Noster
235 2631 403 2668 Amonl.
430 2643 509 2668 111.
529 2631 630 2680 Eleg.
659 2645 689 2669 1.

132 2676 263 2715 Fabula
281 2694 339 2717 nec
347 2682 458 2730 sentis
471 2710 481 2725 ,
511 2691 584 2718 tota
595 2682 745 2730 Jaffaris
765 2682 803 2718 in
820 2681 913 2719 urbe.

81 2726 186 2765 Plura
204 2728 249 2765 ad
272 2741 300 2767 1.
320 2732 450 2769 Amor.
464 2733 564 2782 Eleg.
585 2745 695 2771 xiix.
723 2733 937 2772 Heinsius.
963 2732 1010 2771 fic
1031 2740 1121 2782 puto

82 2777 179 2826 apud
200 2777 352 2818 Terent.
378 2784 515 2832 Hecyr.
540 2796 596 2821 1v.
629 2797 711 2822 111.

134 2826 269 2884 Fabula
279 2831 414 2876 sumus,
428 2834 534 2881 senex
552 2845 657 2883 atque
677 2849 778 2873 anus.

80 2880 190 2926 Quae
211 2887 260 2915 ita
278 2881 447 2936 capienda
461 2912 471 2928 ‚
500 2896 563 2932 per
582 2886 710 2923 urbem
724 2887 803 2933 jam
823 2895 986 2924 narratur
1004 2887 1122 2935 pueris

80 2929 200 2967 fabula
222 2957 232 2972 ,
260 2940 360 2977 cujus
389 2933 532 2972 initium
550 2963 560 2978 ,
583 2934 692 2984 senez:
720 2946 825 2985 atque
861 2950 951 2973 anus
972 2940 1124 2984 suerunt

63 2979 256 3036 ‘quondam
278 2981 350 3036 &c
378 2989 416 3017 ut
434 2981 563 3022 similes
581 2987 722 3024 fabulae
744 2998 763 3023 a
784 2988 980 3025 nutricibus
1003 2989 1122 3024 infan-

80 3030 175 3068 tibus
193 3042 326 3067 narrari
345 3029 470 3067 solent.
499 3032 552 3069 Ita
572 3036 608 3071 ὃ(
626 3037 759 3074 Horat.
782 3037 900 3085 Epod.
922 3038 1124 3084 x1.fabula

17 3080 19 3099 ⁴
81 3092 218 3130 quanta
236 3080 302 3127 fui.
322 3081 357 3118 in
378 3079 701 3122 declamationibus
712 3088 956 3134 Quincffiliani
985 3089 1123 3137 passim.

78 3132 153 3169 vid.
174 3131 219 3168 ad
248 3143 329 3169 111.
350 3132 482 3168 Amor.
507 3145 537 3169 1.
556 3144 617 3170 21.
643 3137 818 3174 Ceterum
848 3140 943 3176 hanc
963 3140 1123 3177 fabulam

66 3181 265 3220 'illustravit
296 3182 416 3219 Barth.
439 3182 485 3219 ad
507 3183 593 3219 Stat.
615 3195 678 3220 111.
701 3184 823 3224 Theb.
844 3202 927 3235 274.
947 3191 983 3227 ὃς
1002 3191 1125 3240 seq&

79 3241 151 3280 yn.
172 3232 292 3269 Theb.
312 3233 372 3269 61.
392 3235 430 3269 «Sc
449 3232 547 3282 seqq.
599 3233 728 3272 Eum.

130 3284 214 3332 562..
242 3282 428 3334 Mulciberi
461 3284 551 3335 capti
587 3290 756 3338 marsque
788 3291 963 3340 Kenusque
1000 3290 1127 3344 dclix-{1

2089 1451 2231 1510 Indi-

1182 1567 1237 1608 Ita
1258 1569 1409 1620 quidem
1428 1569 1596 1620 vulgatae
1628 1568 1809 1607 editiones
1834 1566 1982 1606 habent.
2033 1565 2233 1608 Priscianus

1182 1630 1308 1659 autern
1331 1621 1532 1658 Mulciberis
1550 1621 1638 1670 legit
1655 1621 1823 1669 genitivo
1848 1619 1929 1657 casu
1945 1646 1955 1663 ‚
1982 1617 2234 1657 declinatione

1181 1672 1310 1710 tertia:
1357 1674 1517 1721 citatque
1540 1672 1640 1709 hunc
1668 1671 1784 1719 ipsum
1814 1669 1958 1707 versum
1989 1669 2083 1707 libro
2114 1670 2235 1708 sexto.

1183 1722 1301 1770 Quod
1323 1735 1534 1772 quanquam
1560 1724 1735 1770 exiguum
1763 1732 1805 1758 ac
1823 1722 1906 1758 leve
1927 1748 1938 1764 ,
1976 1728 2154 1756 annotare
2180 1729 2236 1757 ta-

1179 1784 1269 1810 men
1290 1774 1364 1811 hoc
1382 1774 1469 1810 loco
1488 1774 1646 1822 placuit,
1674 1772 1734 1810 vel
1754 1772 1874 1809 versus
1898 1770 2012 1818 gratia
2028 1797 2039 1813 ‚
2073 1771 2135 1818 qui
2164 1770 2236 1807 hac

1178 1823 1341 1861 lectione
1384 1824 1573 1873 aliquanto
1619 1823 1738 1861 levior
1782 1833 1825 1859 ac
1867 1820 2019 1858 mollior
2057 1819 2234 1860 redditur.

1179 1874 1405 1912 MlcYLLUS.

1233 1926 1316 1975 563.
1344 1924 1518 1962 Turbatus
1537 1923 1690 1973 amore.]
1718 1922 1898 1969 succensus
1916 1921 2055 1970 Regius
2072 1948 2083 1965 ,
2110 1929 2233 1970 turpa-

1182 1985 1239 2012 tus
1257 1975 1415 2025 Aprofii.
1429 1976 1634 2023 stimulatus
1646 1974 1804 2013 malebat
1815 1973 1998 2010 Francius.
2008 1981 2098 2009 mox
2110 1999 2121 2016 ,
2131 1984 2237 2020 amaf

1182 2036 1236 2062 tor
1260 2041 1334 2063 eras
1357 2027 1566 2064 patavinus.

1234 2077 1314 2125 565.
1330 2084 1400 2113 Nec
1412 2083 1521 2114 Venus
1542 2076 1658 2114 oranti
1671 2076 1747 2122 (nec
1759 2075 1852 2112 enim
1864 2075 1927 2111 dea
1937 2072 2073 2111 mollior
2085 2071 2159 2109 ulla
2172 2072 2234 2122 est)

1179 2127 1315 2175 Rustica
1334 2128 1493 2164 Gradivo
1508 2155 1517 2170 ,
1531 2126 1745 2176 difficilisque
1759 2125 1870 2175 suit.]
1901 2124 2080 2162 Martialis
2097 2135 2127 2162 1.
2148 2124 2211 2172 580·

1231 2178 1319 2214 Nolo
1337 2178 1443 2215 nimis
1453 2178 1596 2226 facilem
1611 2206 1622 2222 ,
1649 2175 1887 2227 difficilemque
1910 2175 2027 2213 nimis.

1178 2227 1387 2276 Propertius
1409 2242 1454 2265 11.
1476 2240 1592 2265 xvxix.
1611 2240 1670 2277 43.

1230 2284 1311 2315 Aut
1321 2277 1356 2328 fi
1373 2294 1403 2316 es
1420 2280 1510 2316 dura
1529 2291 1611 2328 nega
1624 2295 1635 2315 .·
1647 2276 1683 2328 fi
1702 2291 1770 2315 non
1790 2291 1824 2314 es
1840 2277 1931 2314 dura
1945 2305 1956 2322 ‚
1984 2275 2113 2313 venito.

1180 2329 1390 2368 Hemsxus.

1235 2382 1316 2429 567.
1345 2381 1468 2417 Pedem
1491 2377 1629 2430 rissffe]
1658 2380 1762 2417 Pedes
1785 2378 1927 2427 scripti:
1957 2378 1995 2414 δί
2015 2376 2131 2425 prima
2154 2375 2238 2414 edi—'-

1180 2431 1247 2469 tio.
1301 2432 1515 2470 Hfimsms.

1235 2482 1317 2531 569.
1347 2489 1467 2519 Marte
1496 2481 1617 2531 palam
1645 2479 1756 2530 simul
1786 2478 1829 2525 est
1862 2477 2057 2514 Vulcanum
2084 2475 2234 2513 imitata

1182 2532 1359 2583 decebat.]
1398 2532 1543 2569 simulet
1578 2533 1743 2580 quinque
1772 2529 1864 2566 libri.
1886 2526 2048 2582 ¹fimulat
2087 2527 2231 2564 Moreti

1183 2583 1314 2620 codex.
1343 2585 1381 2620 δε
1402 2595 1468 2632 pro
1488 2581 1625 2618 decebat
1647 2592 1738 2618 unus
1769 2580 1965 2616 Patavinus
1996 2577 2171 2632 decenter.
2187 2584 2230 2614 ut

1182 2634 1273 2670 infra
1296 2634 1318 2670 l.
1340 2645 1402 2671 111.
1435 2645 1516 2680 291.
1544 2632 1679 2681 discam
1704 2631 1897 2678 lacrymare
1915 2628 2080 2665 decenter.
2106 2628 2145 2665 in
2163 2626 2229 2664 1110

1183 2684 1324 2721 Tibulli
1348 2697 1403 2721 1v.
1427 2696 1473 2721 11.
1497 2695 1549 2729 14.

1231 2734 1336 2772 Mille
1355 2734 1457 2770 hab-st
1477 2743 1620 2770 orna-tus
1633 2760 1641 2775 ‚
1656 2731 1751 2768 mille
1768 2731 1923 2767 decenter
1939 2727 2054 2765 habet.
2081 2728 2237 2766 Helm.-

1180 2785 1291 2822 simul
1309 2797 1351 2825 ω’
1370 2784 1528 2822 Aldinae
1550 2783 1730 2820 editiones
1750 2783 1788 2818 &
1807 2790 1877 2818 tres
1896 2779 1977 2817 libri
2003 2778 2231 2816 Bersmanni.

1170 2835 1299 2885 fimilis
1318 2848 1410 2873 unus
1438 2834 1594 2872 Heiufii.
1615 2833 1704 2871 illud
1717 2831 1866 2882 fimulat
1893 2830 2038 2868 imitata
2066 2830 2130 2867 vix
2153 2830 2235 2878 pla<

1180 2895 1248 2924 cet.
1275 2888 1369 2924 forte

1230 2944 1348 2973 Marte
1356 2914 1473 2985 palam
1479 2934 1593 2984 saltat
1605 2964 1614 2980 ‚
1629 2930 1824 2971 Vulcanum
1841 2931 2001 2976 imitata,
2013 2929 2148 2966 decebat
2158 2937 2236 2967 (fc,

1177 2989 1250 3025 Vel
1270 2988 1385 3025 simile
1397 2987 1497 3036 quid.
1517 2998 1603 3023 nam
1624 2986 1709 3023 saltu
1730 2987 1766 3022 ὃς
1786 2984 1884 3033 gestu
1904 2982 2111 3037 iniit-abatur
2133 2980 2232 3015 clau-

1180 3038 1268 3076 dum
1291 3038 1515 3076 Vulcanum.
1529 3035 1698 3085 fimulare
1716 3037 1753 3073 &
1774 3033 1915 3072 imitari
1925 3044 2040 3070 unum
2056 3030 2232 3076 idemque

1181 3089 1250 3127 est:
1279 3089 1440 3137 ideoque
1463 3089 1499 3125 in
1520 3088 1654 3136 scriptis
1671 3088 1774 3136 saepe
1795 3083 1956 3123 confusa.
1986 3079 2121 3118 decebat
2140 3089 2238 3116 νεα)

1181 3140 1341 3177 absolute
1364 3140 1525 3187 ponitur.
1553 3148 1593 3176 ut
1614 3140 1675 3177 lib.
1702 3151 1732 3175 1.
1757 3148 1840 3186 533.

1233 3189 1425 3227 Clamabat
1437 3188 1613 3240 flebatque
1623 3187 1733 3238 fimul
1752 3203 1763 3231 ;
1785 3186 1851 3236 sed·
1874 3193 2061 3230 utrumque
2081 3177 2238 3218 decebat..

1182 3241 1230 3279 Et
1255 3241 1393 3289 paffim.
1448 3241 1576 3277 Bunm.
1933 3283 1938 3289 .
2230 3282 2233 3286 η

1238 3292 1322 3340 569.
1347 3290 1517 3341 Palam]
1547 3289 1591 3329 Id
1612 3289 1660 3328 est
1682 3299 1807 3376 ezraffi
1820 3313 1830 3328 ‚
1855 3282 2067 3325 &ndente-
2087 3282 2136 3324 fic
2128 3293 2239 3386 ῥςὶἐᾳ,

1837 3347 1856 3382 ,ἶ
2147 3380 2151 3384 ,
2193 3345 2241 3383 ⁷34
