2553 3676
653 176 1290 237 HEROIDES
1364 198 1474 234 ΕΡ.
1549 200 1597 237 v.

356 281 452 337 'Tu
474 293 687 352 quoque
711 272 969 328 clamabis.
1045 271 1201 326 Nulla
1224 272 1522 343 reparabilis
1548 285 1660 330 arte

421 349 586 407 Laesa
613 346 869 420 pudicitia
893 344 992 399 est:
1035 342 1244 414 deperit
1269 344 1351 397 illa
1375 344 1550 399 semel.

210 442 308 494 105
342 423 515 480 Ardet
537 437 716 474 amore
741 419 844 473 tui:
884 417 952 470 fic
979 415 1036 469 &
1056 415 1347 469 Menelaon
1372 418 1596 478 amavit3

421 493 578 547 Nune
599 492 737 563 jacet
760 492 816 544 in
837 489 1003 543 viduo
1028 487 1274 542 credulus
1298 488 1384 541 ille
1409 501 1548 541 toro.

353 564 503 620 Felix
529 561 940 624 Andromache,
977 573 1129 615 certo
1154 559 1289 613 bene
1313 572 1477 631 nupta
1503 560 1719 614 marito!

418 635 573 690 Uxor
597 636 663 689 ad
688 635 994 705 exemplum
1016 632 1189 687 fratris
1213 631 1453 685 habenda
1477 630 1569 685 fui.

347 707 442 762 Tu
465 709 633 761 levior
657 707 820 770 foliis,
862 721 988 760 tune
1014 723 1166 767 eum,
1205 703 1311 757 sine
1334 703 1575 775 pondere
1599 703 1770 764 succi,

210 797 303 835 110

412 779 702 834 Mobilibus
726 780 895 832 ventis
919 777 1063 831 arida
1087 775 1246 839 fasta,
1282 777 1478 829 Volant.

348 850 421 908 Et
444 853 616 905 minus
641 851 716 905 est
737 852 787 904 in
815 864 896 913 te,
934 867 1094 922 quam
1116 849 1315 901 summa
1340 847 1550 919 pondus
1575 848 1752 911 arista,

425 924 578 995 Quae
601 924 727 978 levis
752 923 976 976 adsiduis
999 921 1188 974 solibus
1211 919 1496 990 ulla-riget.

349 995 482 1053 Hoc
508 1010 596 1050 tua
623 999 777 1066 (nam
800 995 1016 1061 recolo)
1043 991 1316 1065 quondam
1339 1009 1588 1062 germana
1611 990 1864 1055 canebat,

423 1068 509 1122 Sic
534 1068 663 1121 mihi
688 1067 883 1121 diffusis
906 1066 1184 1121 vaticinata
1210 1064 1412 1117 comis?

210 1158 303 1210 115

343 1140 493 1213 Quid
520 1139 674 1202 facis,
711 1139 971 1193 Oenone?
1011 1137 1143 1210 quid
1168 1153 1355 1190 arenae
1379 1136 1574 1191 semina
1596 1134 1844 1190 mandas?

423 1213 550 1267 Non
570 1211 884 1284 profesturis
909 1212 1063 1266 litora
1085 1208 1254 1263 bubus
1277 1225 1402 1263 aras,

112 1382 210 1431 Qid
227 1382 388 1420 Priamus
405 1382 446 1418 de
463 1395 516 1418 me
527 1410 538 1426 ‚
565 1381 701 1419 Priami
715 1381 800 1431 qaid
817 1381 946 1431 cenfhat
962 1393 1060 1417 uxor.

60 1434 271 1471 Heinsius.
292 1434 510 1482 Recepimus
528 1434 622 1469 hanc
638 1433 938 1470 emendationem
953 1459 963 1475 ,
981 1442 1095 1480 quam

61 1483 176 1532 poscit
189 1484 336 1521 verbum
366 1483 504 1532 consule.
532 1481 785 1531 Consulebant,
813 1484 877 1533 qui
902 1481 1095 1520 sententias

61 1534 254 1583 rogabant,
282 1531 456 1581 censebant
477 1534 538 1582 qui
562 1533 740 1571 dicebant,

113 1596 173 1632 99.
201 1584 235 1619 si
264 1583 414 1631 capias.]
445 1584 550 1630 Lego
572 1610 582 1626 ,
611 1596 671 1618 nec
696 1583 781 1626 tibi,
801 1581 836 1630 fi
853 1582 978 1630 sapias.
1004 1582 1098 1618 hanc

65 1635 166 1671 enim
184 1633 384 1669 lec‘tionem
409 1633 446 1668 ὃς
466 1632 539 1667 aliis
561 1632 773 1679 quibusdam
795 1632 938 1678 probari
962 1631 1074 1667 video
1088 1658 1098 1674 ‚

67 1682 271 1730 eademque
289 1682 425 1718 sensum
446 1680 561 1717 reddit
579 1682 776 1728 puriorem.
792 1681 968 1716 Mrcrrr..
995 1680 1029 1715 Si
1040 1680 1102 1728 sa-

61 1732 139 1782 pias
155 1732 422 1780 praestantiores
441 1731 530 1767 libri.
559 1739 598 1767 ut
619 1731 776 1777 Epistola
798 1730 970 1773 Acontii‚
995 1740 1075 1775 174.

121 1788 222 1816 Hunc
238 1791 296 1823 tu,
316 1779 352 1829 si
361 1781 477 1829 sapias
489 1808 500 1824 ‚
527 1780 634 1816 limen
649 1780 745 1816 adire
765 1789 868 1817 vetes.

69 1830 225 1869 Remed.
245 1842 329 1875 477.

122 1886 221 1917 Hanc
239 1880 326 1916 mihi
341 1908 350 1923 ‚
369 1877 404 1928 fi
412 1878 528 1927 sapiat
540 1907 550 1923 ,
571 1879 680 1928 perse
697 1878 856 1914 concedat
875 1878 1042 1916 Achilles.

70 1931 173 1979 Lege
196 1930 313 1980 sapies.
340 1931 378 1966 ὃς
410 1929 494 1966 vide
513 1941 606 1978 quae
625 1937 718 1966 noto
738 1930 891 1965 Metam.
912 1941 999 1965 xrv.
1019 1930 1103 1977 675.

69 1982 107 2020 in
126 1982 311 2018 Puteaneo
329 1981 389 2017 hic
415 1979 527 2017 rursus
557 1979 707 2028 duplicis
728 1979 880 2028 paginae
900 1978 949 2016 est
969 1978 1100 2016 hiatus.

71 2031 279 2070 HEmsxus.

128 2093 208 2118 102.
234 2079 429 2130 Externa]
458 2091 493 2117 ν.
521 2077 648 2118 Passer.
670 2079 718 2118 ad
742 2080 906 2129 Propert.
938 2091 970 2117 1.
998 2078 1103 2129 Eleg.

76 2142 158 2172 111.
235 2160 243 2169 .

127 2143 286 2230 1034.4Tu
309 2195 437 2233 quoque
466 2179 667 2230 clamabis]
696 2181 890 2230 Perperam
916 2179 1102 2229 sequentia

73 2231 334 2280 distinguuntur
364 2234 402 2269 in
435 2232 586 2280 vulgatis
612 2231 707 2269 libris
731 2260 742 2276 ‚
789 2243 831 2268 ac
862 2230 888 2267 fi
916 2232 1103 2268 clamantis

74 2282 236 2320 Menelai
262 2283 369 2319 verba
395 2281 474 2319 fint.
513 2281 615 2330 quod
644 2283 757 2319 Poeta
787 2282 943 2318 minime
973 2281 1103 2318 voluit.

76 2333 171 2370 forte
198 2341 319 2369 tamen
341 2331 544 2376 damnabis,
567 2334 606 2369 &
635 2332 736 2369 versu
754 2331 937 2380 superiore
954 2331 1105 2368 damnat

74 2382 280 2430 legendum.
307 2383 514 2420 Heinsms.
550 2382 652 2420 Nihil
678 2391 797 2419 muto.
825 2381 975 2418 clamare
1002 2382 1104 2419 enim

77 2432 126 2468 est
152 2433 211 2470 hic
235 2433 336 2470 Deos
359 2433 552 2470 inclamare
573 2433 622 2469 ob
649 2433 818 2471 temerati
835 2431 982 2469 foedera
1003 2432 1102 2470 lecti.

79 2481 155 2519 vid.
174 2482 286 2530 ipsum
310 2483 433 2520 Heins.
456 2483 501 2520 ad
518 2484 665 2520 Petron.
686 2495 799 2520 Lvnx.

134 2543 213 2574 107.
239 2538 337 2569 Certo
355 2532 519 2581 marita]
549 2533 627 2581 Qui
650 2541 788 2580 praeter
806 2532 1107 2571 Andromacham

77 2580 171 2629 Justo
196 2584 432 2620 matrimonio
462 2583 596 2620 nullam
626 2581 689 2620 fibi
711 2584 844 2632 junxit.
883 2583 946 2620 etfi
976 2584 1107 2620 liberos

85 2641 130 2666 ex
156 2632 336 2680 pellicibus
369 2645 454 2670 eum
483 2631 663 2681 suscepisse
685 2660 695 2676 ,
734 2634 819 2670 licet
859 2645 903 2669 ex
933 2633 1108 2682 Euripide

86 2678 250 2727 suspicari.
276 2683 377 2732 quod
398 2685 436 2719 8<
452 2683 684 2720 Anaxicrates
704 2684 964 2731 Argolicorum
982 2684 1110 2721 secun-

91 2727 138 2764 do
160 2730 297 2769 videtur
315 2733 501 2770 affirmare.
527 2735 789 2771 Pannflasrus.

144 2789 220 2817 110.
245 2785 347 2818 Fae‘ia
375 2783 547 2832 cadunt.]
575 2784 633 2821 Sic
658 2784 867 2832 legendum.
894 2784 1110 2823 emmaus.

90 2825 210 2863 Volant
227 2832 409 2877 meliores,
436 2842 475 2870 ut
495 2833 591 2881 apud
608 2834 804 2882 Virgilium
824 2846 884 2872 VI.
903 2847 960 2882 74.

145 2880 333 2924 -foliis
352 2895 390 2917 ne
410 2884 564 2919 carmina
583 2884 735 2927 manda,

143 2932 197 2982 Ne
217 2927 353 2965 turbata
371 2933 485 2969 volent
503 2934 630 2982 rapidis
642 2934 793 2983 perjuria
811 2934 938 2972 ventis.

90 2975 139 3013 Et
158 2989 194 3013 in
218 2977 400 3026 Georgicis
423 2994 451 3018 1.
473 2984 552 3030 368.
588 3003 590 3005 ·

143 3031 241 3074 Saepe
262 3025 347 3062 levis
357 3029 452 3075 palea
472 3043 513 3069 ω’
524 3033 663 3077 frondes
683 3034 831 3071 volitare
854 3034 1011 3074 caducae.

92 3074 196 3113 Idem
216 3084 339 3112 tamen
359 3078 416 3113 lib.
438 3091 496 3116 v1.
518 3083 669 3120 Aeneid.
692 3095 776 3133 310.

142 3128 247 3174 Lapsa
268 3126 396 3161 cadant
408 3128 508 3172 folia.

92 3174 223 3214 Noster
245 3176 323 3212 Art.
344 3178 427 3212 Am.
454 3190 529 3214 [Π.
552 3181 628 3218 162.

143 3230 187 3274 Ut
204 3230 305 3262 Borea
316 3226 458 3273 frondes
476 3229 662 3267 excutiente
680 3234 818 3273 cadunt.

2029 1277 2190 1348 GraJa

1148 1376 1263 1416 Plaut.
1291 1377 1489 1415 Menaech.
1515 1388 1571 1415 11.
1596 1384 1679 1416 111:
1702 1388 1762 1423 24.
1789 1375 1886 1413 Folia
1917 1386 2009 1411 nunc
2047 1374 2192 1412 cadunt.

1149 1429 1236 1466 hinc
1257 1430 1296 1466 ὅ(
1306 1428 1399 1476 fiilia
1421 1428 1550 1465 caduca
1570 1455 1581 1473 ,
1617 1438 1660 1468 ω’
1681 1427 1828 1465 caducae
1839 1425 1992 1474 frondes.
2021 1425 2108 1462 Am.
2136 1434 2192 1461 υ.

1150 1479 1208 1516 El.
1237 1491 1324 1516 xvr.

1205 1528 1310 1565 Verba
1325 1529 1522 1578 puellarum
1529 1530 1627 1578 foliis
1648 1528 1779 1566 leviora
1796 1527 1943 1565 caducis.
1996 1525 2142 1563 Hans.

1209 1591 1289 1616 111.
1318 1582 1439 1627 Qam
1449 1580 1633 1629 summa]
1664 1582 1786 1628 Qam
1805 1579 1844 1616 in
1860 1578 2004 1627 summa
2021 1577 2194 1624 antiquae

1154 1629 1335 1666 editiones
1361 1657 1371 1673 ,
1416 1631 1455 1667 &
1496 1631 1654 1679 Gryphii
1689 1632 1727 1665 &
1757 1628 1977 1666 Bersmanni.
2014 1626 2063 1662 fic
2097 1623 2195 1673 apud

1157 1679 1305 1716 Phaedr.
1327 1691 1382 1717 1v.
1403 1691 1438 1725 4.
1457 1679 1542 1716 Plus
1556 1679 1613 1729 effe
1629 1679 1667 1715 in
1684 1691 1750 1715 uno
1762 1677 1880 1727 saepe,
1908 1688 2015 1726 quam
2032 1674 2070 1710 in
2089 1673 2195 1710 turba

1156 1727 1246 1765 boni.
1273 1729 1335 1767 ubi
1364 1729 1565 1766 Schefferus
1593 1730 1724 1777 ejicere
1753 1729 1792 1763 in
1818 1727 1977 1764 volebat.
2006 1725 2132 1760 Levius
2151 1722 2196 1771 est

1155 1777 1194 1813 in
1212 1787 1264 1820 te,
1286 1779 1398 1815 etiam
1419 1777 1656 1816 Lovanienfis
1680 1776 1811 1814 codex.

1211 1839 1290 1876 113.
1319 1835 1391 1864 Hoc
1407 1838 1470 1864 tua
1490 1841 1574 1864 nam
1592 1826 1733 1876 recolo.]
1762 1827 1876 1873 Refero
1895 1825 1978 1864 libri
2001 1822 2198 1870 nonnullij

1159 1877 1294 1915 eodem
1314 1878 1427 1916 sensu.
1454 1878 1501 1916 fic
1521 1877 1706 1915 Remedio
1729 1877 1881 1914 Amoris
1899 1888 1985 1924 299.

1157 1978 1188 2015 E
1208 1934 1305 2014 Saepe
1321 1929 1407 1976 refer
1424 1938 1535 1966 tecum
1546 1926 1733 1977 sceleratae
1740 1928 1842 1975 faci-'a
1856 1926 2004 1978 puellae.

1191 1979 1234 2015 ti
1260 1979 1308 2016 id.
1329 1982 1411 2026 644.

1209 2034 1328 2078 Deque
1347 2039 1410 2065 tua
1432 2028 1573 2066 domina
1593 2028 1709 2065 malta
1727 2027 1901 2079 querenda
1923 2029 2037 2075 refers.

1159 2080 1269 2127 Quae
1295 2080 1369 2117 illic
1394 2091 1481 2117 vera
1504 2079 1628 2117 lestio.
1655 2087 1696 2117 ut
1716 2080 1755 2116 &
1775 2079 1964 2116 Amorum
1982 2078 2043 2116 lib.
2064 2087 2120 2116 11.
2140 2075 2199 2114 El.

1211 2157 1272 2215 At·
1287 2190 1418 2229 quanto
1443 2177 1493 2229 (fi
1501 2181 1595 2227 fhrte
1613 2179 1736 2227 refers)
1757 2178 1966 2229 praesentior
1981 2177 2046 2229 ipsi

1258 2236 1323 2266 Per
1343 2231 1476 2267 Veneris
1485 2231 1555 2277 feci
1571 2231 1720 2267 numina
1737 2242 1864 2279 magna
1873 2229 1996 2276 fidem.

1157 2279 1275 2329 Quod
1295 2292 1484 2329 perperam
1506 2289 1660 2318 mutant.
1679 2281 1786 2317 Pont.
1810 2292 1841 2317 1.
1858 2279 1912 2317 El.
1937 2293 1994 2317 rx.

1210 2336 1307 2379 Saepe
1324 2332 1426 2378 refert
1447 2331 1588 2368 animus
1608 2330 1700 2380 lusus
1714 2330 1893 2379 gravitate
1909 2338 2071 2367 carentes.

1159 2382 1317 2419 Metam.
1337 2394 1396 2418 xv.
1417 2393 1502 2429 450.

1211 2438 1304 2468 Haec
1325 2431 1493 2469 Helenum
1511 2431 1654 2480 cecinisse
1673 2430 1866 2481 penatigero
1893 2434 2015 2468 Aenea

1212 2488 1333 2518 Mente
1352 2495 1481 2519 memor
1500 2484 1615 2529 resera.

1162 2532 1272 2570 Trist.
1301 2545 1356 2570 1v.
1376 2533 1430 2569 El.
1456 2545 1538 2569 111.

1215 2587 1356 2632 Tempus
1371 2582 1429 2619 abi
1449 2582 1492 2629 est
1504 2611 1514 2626 ‚
1542 2595 1606 2632 quo
1623 2591 1655 2618 te
1678 2582 1693 2629 (
1705 2579 1770 2631 nist
1777 2579 1812 2630 si
1822 2579 1920 2629 fitgis
1936 2578 2000 2616 illa
2020 2575 2167 2626 referre)

1264 2638 1311 2668 Et
1328 2632 1395 2669 dici
1417 2633 1560 2669 memini
1580 2661 1590 2677 ‚
1610 2632 1711 2681 juvit
1733 2643 1776 2670 (γ’
1796 2629 1852 2679 effe
1869 2643 1994 2667 meam.

1165 2683 1218 2720 Ita
1239 2683 1340 2728 enim
1362 2683 1602 2720 scribendum.
1630 2684 1790 2730 Propert.
1809 2681 1870 2718 lib.
1901 2691 1929 2717 1.
1954 2692 1984 2717 1.
2008 2677 2067 2728 38.

1218 2735 1294 2769 Heu
1313 2735 1430 2780 referet
1447 2743 1578 2782 quanto
1598 2731 1704 2769 verba
1728 2730 1837 2767 dolore
1856 2743 1931 2767 mea
1944 2738 1960 2766 ἒ

1168 2783 1211 2821 Id
1237 2784 1286 2821 est
1311 2783 1565 2821 recordaberis.
1593 2783 1668 2820 Alii
1691 2781 1857 2825 codices,
1884 2778 2040 2817 memini.
2066 2779 2203 2827 Regius

1168 2847 1324 2871 memoro.
1352 2842 1391 2871 ut
1407 2834 1466 2870 lib.
1489 2845 1574 2869 xiv.
1597 2833 1755 2869 Metam.
1776 2831 1861 2880 813.

1221 2890 1317 2919 Nam
1334 2896 1479 2920 memoro
1497 2883 1703 2932 memorique
1717 2880 1834 2918 animo
1843 2881 1904 2931 pia
1922 2879 2028 2916 verba
2046 2877 2181 2915 notavi.

1168 2934 1240 2971 Sed
1272 2935 1310 2970 &
1342 2934 1414 2970 illic
1444 2931 1672 2970 scribendum
1706 2931 1835 2970 censeo
1867 2937 1964 2967 Nam
2002 2931 2115 2976 refero.
2151 2928 2203 2963 At

1169 2984 1397 3021 Sarravianus
1416 2983 1591 3020 hocloco
1608 2982 1722 3019 recolo.
1751 2981 1947 3031 quomodo
1968 2981 2077 3017 etiam
2097 2977 2204 3014 multi

1170 3045 1216 3070 ex
1236 3034 1368 3081 scriptis
1387 3033 1511 3081 legunt
1528 3061 1537 3077 ‚
1559 3033 1714 3081 Epistola
1737 3031 1870 3070 Paridis
1890 3043 1974 3077 279.

1221 3091 1292 3121 Hoc
1310 3093 1373 3119 tua
1394 3083 1503 3131 (nam
1522 3085 1651 3132 repeto)
1662 3086 1738 3129 fore
1759 3093 1798 3118 ut
1818 3081 1843 3118 ὰ
1862 3080 1991 3127 caeleste
2003 3077 2137 3126 sagitta
2203 3114 2206 3118 .

1271 3133 1394 3181 Figar,
1421 3144 1496 3171 erat
1514 3147 1623 3169 verax
1641 3133 1840 3169 vaticinata
1851 3131 1962 3180 ftror.

1170 3184 1282 3224 Trist.
1303 3184 1364 3220 lib.
1390 3197 1420 3221 1.
1443 3185 1497 3221 El.
1518 3196 1597 3221 111.

1226 3240 1318 3272 Cum
1335 3243 1440 3284 repeto
1458 3237 1586 3273 noctem
1597 3262 1608 3280 ‚
1634 3247 1703 3285 qua
1722 3244 1772 3270 tot
1790 3231 1877 3271 mihi
1896 3241 1975 3267 cara
1992 3225 2127 3278 reliqui.

1692 3284 1708 3321 Ι
2129 3275 2208 3316 Ubi
