2553 3676
28 3268 33 3291 1

19 3311 23 3314 ”
42 3327 43 3330 =
91 3305 183 3346 fiuin
205 3307 279 3345 hoc
302 3303 522 3350 Turnebus,
552 3303 753 3342 Lambinus
768 3303 1129 3355 ,Torrentius2alii,

352 190 715 273 ARTIS
787 211 1551 275 AMATORIAE
1627 242 1801 280 ΗΒ.
1876 223 1949 283 H,-

2143 229 2170 278 6
2177 246 2240 293 ,17

2194 280 2200 296 Ι

387 300 504 356 Nec
536 313 729 373 quotus
753 305 918 350 annus
946 308 1057 358 eat,
1095 313 1198 350 nee
1223 314 1333 367 quo
1358 299 1418 351 fit
1443 314 1564 355 nata
1590 304 1805 376 require

459 371 716 428 Consule:
755 386 890 441 quae
915 368 1118 439 rigidus
1146 385 1371 422 munera
1394 371 1599 428 Censor
1623 375 1804 430 habet,-

95 571 139 609 tis
154 570 303 608 liaberet
323 565 543 618 perspectam
556 594 566 610 ,
592 572 633 603 ut
647 564 692 603 de
711 577 752 603 ea
771 565 1014 604 moribundus
1023 568 1134 605 etiarn

94 620 138 658 fit
165 621 399 670 conquestuS‚
435 625 510 654 tarn
545 616 719 654 serviliter
749 626 874 654 tamen
894 619 926 655 ei
947 619 1136 655 obsecutus

5 691 7 694 ⁴
54 712 62 715 ⁸
92 679 202 720 atque
222 671 382 709 adulatus
399 667 447 705 est
465 668 502 705 in
519 667 696 715 epistolis,
725 676 765 705 ut
788 669 864 717 ejus
885 668 1138 713 simultatibus,

94 733 184 770 quas
206 719 476 770 propemodum
498 720 708 756 innumeras
729 720 1138 762 exercebat,iinniisce-

60 766 67 773 ’
93 783 132 808 16
153 773 223 809 sese
243 799 253 813 ‚
281 770 410 819 easque
431 782 497 817 pro
524 768 591 806 suis
612 769 744 806 ducere
770 770 867 807 haud
889 769 929 806 sit
946 779 1136 819 gravatus,

93 821 366 869 Heinsiumque
394 832 492 857 nunc
516 821 613 856 miris
634 821 798 858 laudibus
818 821 990 864 extollat,
1021 821 1136 868 (levi-

92 879 204 910 tatem
238 871 371 920 quaeso
400 872 438 907 in
465 872 619 907 homine
635 879 765 919 togato
787 872 825 908 ὃς
852 873 1028 909 Senatore
1058 884 1137 909 non

91 922 280 960 ferendam
311 921 417 967 vide)
457 933 556 958 nunc
582 921 721 970 sugillet
749 934 791 960 ac
827 923 1137 971 conteinptissime

92 974 269 1021 excipiat;
301 973 520 1010 calumniam
544 984 696 1021 quoque
719 974 752 1010 ei
774 985 850 1010 non
881 985 993 1010 unam
1022 973 1138 1021 asper-

14 1013 25 1037 ’Ῑ
52 1050 54 1053 -
90 1032 162 1072 gat.
190 1024 364 1073 Denique
385 1024 481 1072 apud
498 1023 693 1061 Heinsium
714 1032 813 1061 totus
834 1023 876 1061 sit
897 1023 1115 1062 Heinfianus
1129 1053 1138 1068 ,

94 1074 328 1112 Salmasianus
360 1075 456 1122 apud
493 1074 706 1112 Salmasium
734 1103 743 1118 ,
778 1075 852 1112 hoc
886 1075 961 1119 est,
992 1075 1135 1114 Heinsii

93 1125 318 1162 obtrecftator
336 1124 491 1174 insignis.
523 1125 691 1174 ignosce,
719 1126 876 1174 quaeso,
898 1128 949 1163 mi
967 1126 1137 1175 Menagi,

91 1174 118 1212 fi
139 1175 283 1213 delicias
304 1175 380 1213 istas
403 1177 632 1224 patriciarum
657 1176 787 1213 artium
801 1188 869 1213 nos
882 1175 1005 1214 Batavi
1022 1189 1136 1226 ‚quae

89 1226 262 1264 rusticitas
291 1228 337 1264 est
366 1227 482 1264 nostra
496 1255 505 1270 ‚
541 1238 617 1263 non
639 1225 859 1275 assequimur
877 1234 939 1264 aut
957 1229 1137 1276 approba-

89 1287 184 1313 mus.
239 1277 306 1315 Sed
328 1277 493 1314 Sarravio
513 1277 663 1323 pessime
683 1278 888 1315 consultum
909 1278 1010 1315 ivere
1024 1305 1033 1321 ,
1071 1280 1134 1328 qui

89 1327 255 1375 epistolas
276 1328 351 1364 illas
371 1327 603 1375 divulgarunt
618 1355 627 1371 ,
645 1339 720 1364 non
739 1327 879 1365 sublatis
899 1335 1010 1377 atque
1032 1329 1134 1367 erasis

87 1377 153 1422 iis,
196 1390 292 1427 quae
323 1379 535 1426 integritatis
565 1378 703 1415 famam
734 1379 771 1415 in
796 1379 860 1416 illo
886 1379 964 1427 ipso
993 1381 1134 1428 prorsus

88 1436 270 1466 evertunt.
326 1429 424 1465 Nam
458 1440 569 1477 quam
603 1428 756 1466 candide
773 1429 967 1467 nobiscum
998 1431 1140 1479 egerit,

89 1479 128 1516 ὃς
148 1487 186 1516 tu
209 1491 253 1516 ex
277 1492 337 1516 nie
363 1480 454 1516 olim
476 1479 706 1523 intellexisti,
736 1480 774 1516 &
796 1480 911 1528 ipsum
937 1480 1021 1518 facti
1040 1483 1133 1519 iridi-

87 1530 245 1578 gniffimi
277 1539 360 1568 ante
389 1538 550 1566 mortem
579 1528 743 1578 puduisse
770 1542 848 1567 11011
870 1532 1039 1579 ignorant
1060 1533 1131 1578 illi,

87 1581 153 1629 qui
177 1592 222 1618 eo
244 1580 294 1617 ufi
312 1581 392 1617 sunt
415 1580 649 1618 familiariter.
677 1581 926 1619 Decreveram
940 1583 1031 1620 haec
1043 1595 1135 1620 con-

87 1642 249 1678 coquere
268 1632 306 1667 &
326 1631 542 1668 diffimuiare
563 1632 599 1669 in
629 1632 777 1679 publico
792 1660 802 1675 ‚
838 1644 885 1669 rie
911 1645 995 1670 curn
1025 1634 1133 1672 larvis

82 1679 299 1719 lucrandum
331 1682 424 1719 mihi
455 1681 540 1719 effer
560 1710 569 1724 ‚
614 1682 675 1719 sed
713 1683 889 1731 quoniam
922 1695 986 1731 per
1014 1684 1132 1723 filium

85 1731 116 1780 ej
126 1743 163 1768 iis
188 1732 224 1769 id
255 1743 332 1769 non
357 1732 484 1776 licuit,
530 1732 696 1770 dicentur
717 1745 759 1770 ea
777 1733 849 1770 alio
869 1734 957 1771 loco
978 1736 1015 1772 &
1036 1737 1134 1773 testi—

23 1780 24 1787 ’
82 1783 221 1819 moniis
238 1783 304 1820 suis
323 1782 638 1821 confirmabuntur
651 1812 661 1826 ,
689 1795 783 1833 quae
803 1783 986 1822 extorsisse
1007 1786 1041 1823 se
1063 1788 1134 1824 mi-

82 1833 122 1870 hi
143 1834 263 1871 invito
286 1832 431 1870 fortasse
453 1835 558 1871 nolit.
601 1835 714 1875 Nunc
734 1834 779 1871 de
792 1834 908 1872 Fabro
929 1836 1133 1875 videamus.

9 1894 25 1934 ‘j
83 1883 241 1922 Accusat
270 1885 330 1922 ille
361 1884 555 1922 Heiiifium
589 1886 624 1921 in
649 1885 816 1933 Epistolis
835 1914 845 1930 ,
874 1887 976 1936 quod
1004 1888 1132 1926 locum

81 1935 333 1973 Horatianum
355 1947 400 1972 ex
415 1942 423 1967 <
441 1935 631 1973 'allimachi
649 1936 916 1984 epigrammate
927 1938 1132 1986 expressum

23 1988 25 1999 '
81 1985 300 2030 observarit,
328 1986 543 2024 dissimulata
566 1987 735 2035 Scaligeri
752 1987 1130 2038 laude,quiidipsum

80 2036 296 2074 observasset
309 2039 387 2086 J'am
410 2045 494 2075 ante
510 2066 520 2081 ,
548 2037 659 2086 idque
682 2039 718 2074 in
741 2038 900 2086 Epistola
930 2040 975 2076 ad
994 2040 1133 2078 Salma-

9 2093 17 2149 ῑ
78 2087 173 2125 sium
195 2097 351 2125 exarata.
377 2087 413 2124 Si
431 2086 661 2125 consuluisset
678 2088 810 2136 primas
832 2090 979 2127 Horatii
1005 2091 1124 2128 Hein-

81 2137 171 2176 fiani
189 2138 369 2176 editiones
388 2138 524 2181 Faber,
547 2140 625 2187 jain
649 2138 778 2183 sciret,
807 2138 961 2178 extitisse
987 2141 1132 2189 publice

11 2174 27 2217 ‘s
63 2200 164 2228 ‚earn
187 2189 328 2227 Heinsii
345 2189 663 2233 observationem,
692 2198 777 2227 ante
797 2191 934 2228 editam
963 2192 1131 2240 Scaligeri

15 2265 21 2289 5
82 2240 282 2285 epistolam.
329 2243 452 2290 itaque
486 2240 716 2288 probandum
753 2242 951 2280 accusatori
989 2243 1106 2281 fuerat
1118 2250 1137 2289 ,·

81 2291 250 2340 Scaligeri
269 2291 455 2339 epistolam
477 2319 487 2335 ‚
515 2303 600 2329 cum
621 2292 782 2330 necdum
802 2294 877 2331 luci
904 2291 992 2330 effer
1023 2306 1129 2332 60111-

80 2340 203 2386 miffa,
231 2342 275 2379 ab
290 2342 446 2379 Heinsio
466 2343 663 2389 pei-lediarn
686 2341 813 2381 fuiffe:
841 2344 944 2393 quod
962 2345 1129 2393 probabit

18 2416 19 2420 ,
78 2403 282 2441 nunquam.
310 2393 537 2441 probandum
560 2397 694 2440 etiam,
737 2396 986 2444 Antliologiae
1013 2396 1128 2434 Grae-

82 2454 146 2480 cae
166 2452 305 2490 partem
327 2444 524 2489 ineditam,
552 2447 588 2482 in
610 2457 682 2493 qua
706 2445 922 2484 Callimachi
950 2447 986 2484 id
1018 2447 1130 2486 exstet

18 2508 29 2527 1,
82 2493 331 2547 epigramma,
359 2494 395 2530 111
418 2506 547 2532 mamis
565 2495 781 2534 Heinsianas
803 2509 994 2545 nunquam
1018 2497 1130 2535 deve-

85 2543 194 2587 nisse;
224 2544 372 2593 ejusque
399 2547 572 2584 notitiam
606 2545 761 2583 Heinsio
791 2559 837 2584 ex
860 2547 933 2584 sola
959 2547 1129 2597 Scaligeri

86 2592 232 2639 epistola
266 2595 401 2633 datam,
457 2597 572 2646 Atqui
599 2605 737 2634 norunt
765 2598 957 2646 populares
994 2600 1130 2644 nostri,

86 2642 281 2683 Heinsiurn
301 2648 388 2685 totis
409 2648 485 2685 fere
504 2649 770 2697 quinquaginta
794 2649 897 2686 annis
920 2660 1043 2686 curam
1065 2651 1131 2687 ha-

0 2687 31 2738 '¹
84 2691 196 2730 buiffe
216 2697 377 2743 publicae
400 2697 638 2736 Leidenfium
656 2699 911 2736 bibliothecae.
938 2708 1075 2737 norunt
1093 2702 1129 2738 in

30 2763 31 2767 =
87 2745 218 2782 eadem
247 2746 461 2786 bibliotheca
497 2747 661 2787 asservari
702 2751 932 2799 Antliologie
969 2751 1130 2789 ineditae

30 2817 31 2821 =
85 2798 284 2844 exemplar.
300 2810 411 2847 quem
434 2800 567 2838 libi-uin
586 2801 630 2838 ab
652 2801 808 2838 Heinsio
829 2801 1020 2850 diligenter
1044 2815 1126 2851 per-

84 2846 225 2885 leetum
245 2848 344 2886 fuiffe
362 2861 488 2887 manus
510 2852 586 2900 ejus
609 2851 687 2888 satis
705 2853 864 2894 evincit,
893 2853 1126 2901 quaeinipso

13 2901 33 2949 “j
88 2900 219 2937 codice
237 2898 359 2945 passim
381 2911 536 2948 apparet.
565 2902 752 2938 Evincunt
770 2905 807 2939 &
828 2907 1003 2949 poemata
1024 2904 1100 2951 ejus
1115 2932 1126 2948 ,

30 2953 33 2981 f
87 2951 127 2989 in
145 2950 274 2999 quibus
298 2949 409 2986 muita
430 2951 553 2997 passim
573 2952 910 2990 occurruntinserta
930 2954 1035 3002 hujus
1047 2955 1127 2990 Ari-

84 3002 272 3049 thologiae
302 2998 321 3035 a
342 2999 374 3036 se
400 3000 536 3037 Latinis
556 3003 690 3040 donata
709 3003 876 3041 versibus.

0 3052 3 3053 ’
31 3068 33 3082 i
86 3053 247 3090 imitatio
269 3049 481 3087 callimachi
503 3051 703 3090 Horatiana
733 3054 826 3092 adeo
857 3055 904 3091 est
933 3064 1053 3103 aperta
1085 3067 1128 3094 36

930 3005 1009 3050 Jam
1037 3017 1127 3042 vero

82 3103 295 3145 luculenta,
321 3110 361 3138 ut
382 3102 445 3149 qui
475 3099 646 3137 Flaccum
675 3104 736 3139 vel
761 3105 871 3142 semel
895 3106 1044 3154 legerit,
1074 3107 1131 3143 in=

24 3179 27 3182 -
86 3154 289 3202 c-ideritque
312 3153 432 3200 postea
454 3151 491 3187 in
508 3151 709 3198 hot-ipsum
724 3153 1130 3205 Caiiimachiepigram—

87 3216 148 3242 ma
175 3233 183 3245 ‚
221 3204 393 3240 facillime
421 3201 704 3249 deprehensurus
729 3202 770 3239 sit
806 3213 880 3242 tam
900 3208 1128 3245 manifestam

88 3256 350 3297 imitationem.
381 3254 512 3300 Neque
534 3252 685 3289 dubium
709 3252 777 3296 est,
805 3257 894 3302 quin
914 3266 997 3294 ante
1008 3259 1131 3295 Hein-

2078 446 2179 504 Fra
2185 468 2240 505 eo

1192 574 1286 613 quos
1299 565 1414 615 jaciat
1433 565 1569 612 Faber,
1598 568 1636 605 &
1655 570 1717 618 qui
1738 572 1939 610 Horatium
1953 572 2020 611 suis
2045 584 2248 611 conmieri==v

1192 617 1288 654 tariis
1313 618 1532 656 illustravere
1566 620 1633 656 viri
1661 621 1813 665 eruditi,
1851 623 2134 662 animadversuri
2159 627 2247 663 fue„-

1192 667 1284 712 rint,
1322 667 1347 705 fi
1379 668 1594 707 Callimachi
1624 671 1850 720 epigramma
1879 675 1916 710 in
1943 675 2088 711 illorum
2110 686 2242 713 manus

1193 717 1383 756 incidisset.
1439 723 1488 758 At
1505 733 1618 765 vero,
1647 722 1798 770 quando
1820 723 1962 760 severus
1983 725 2075 762 adeo
2096 727 2143 763 est
2173 725 2242 763 Fa-

1193 766 1277 813 ber,
1306 779 1346 808 ut
1370 771 1567 809 Heinsiuin
1591 773 1705 810 multa
1725 785 1811 811 cuin
1842 774 2037 810 acerbitate
2067 776 2242 813 vellican-

1193 817 1280 856 duin
1308 829 1410 867 putet
1459 823 1561 870 quod
1583 824 1725 871 ignarus
1747 825 1785 862 in
1807 824 1937 861 eadem
1962 836 2047 861 cum
2060 825 2242 875 Scaligero

1194 870 1407 918 conspirarit
1430 872 1710 918 observatione,
1746 874 1792 912 de
1813 875 1849 911 se
1871 875 2027 916 viderit,
2070 877 2133 923 qui
2167 877 2244 914 Sal-

1194 920 1369 959 masianas
1396 921 1440 959 ad
1475 923 1628 961 Palliuiii
1656 925 1878 962 Tertulliani
1898 927 2015 962 Notas
2036 924 2099 962 sibi
2126 926 2245 973 perle-

1194 969 1267 1008 etas
1287 971 1356 1009 esse
1377 972 1522 1010 diffiteri
1540 986 1616 1012 non
1636 976 1742 1022 possit
1756 1004 1766 1019 ‚
1794 975 2242 1020 aiitsidiffiteatur,fideni

1192 1021 1227 1057 se
1248 1034 1325 1059 11011
1344 1023 1584 1062 inventurum
1614 1021 1663 1063 sat
1689 1026 1785 1063 sciat„
1841 1026 1936 1064 lllud
1964 1038 2056 1063 vero
2085 1027 2241 1065 minime

1194 1073 1366 1111 omnium
1394 1075 1610 1120 ferendum,
1639 1077 1742 1125 quod
1765 1078 1802 1114 in
1834 1077 1963 1114 eadem
1979 1105 1990 1122 ,
2027 1089 2098 1126 qua
2121 1077 2241 1115 116111ιῖῧ

1193 1121 1285 1160 sium
1309 1127 1467 1174 exagitat
1486 1127 1634 1175 epistola
1649 1155 1659 1171 ‚
1690 1128 1887 1165 Horatiani
1912 1129 2055 1165 alterius
2078 1128 2153 1165 loci
2183 1140 2243 1167 ca«

1192 1173 1424 1222 stigationem
1453 1189 1530 1215 non
1568 1178 1686 1215 solum
1723 1178 1788 1217 sibi
1815 1178 1856 1216 fit
1891 1179 1994 1216 ausus
2031 1179 2240 1224 vindicare,

1194 1236 1305 1272 quam
1339 1228 1510 1265 Marcilio
1542 1230 1579 1265 ὃς
1607 1230 1772 1267 Piccarto
1811 1229 1935 1267 deberi
1959 1230 2038 1278 jam
2067 1229 2241 1275 ostendi,

1192 1287 1322 1314 verum
1345 1279 1481 1322 etiam,
1520 1280 1622 1328 quod
1653 1281 1807 1318 alterum
1839 1280 1963 1317 nescio
1982 1292 2094 1328 quem
2117 1280 2244 1317 horni-

1191 1338 1278 1364 nem
1313 1328 1466 1366 doc‘lum
1499 1330 1586 1367 furti
1613 1331 1779 1374 accuset,
1817 1332 1880 1379 qui
1910 1330 2072 1368 eundem
2092 1331 2242 1368 Horatii

1188 1376 1317 1415 locum
1350 1378 1370 1416 3
1397 1380 1432 1417 se
1456 1392 1608 1429 quoque
1626 1382 1702 1429 pari
1725 1381 1842 1418 modo
1865 1381 2066 1419 restitutum
2089 1380 2159 1418 effe
2188 1383 2242 1419 af·-

1190 1427 1352 1467 firmarit.
1407 1431 1597 1468 Nonnulla
1618 1433 1699 1469 sane
1723 1432 1968 1481 Tanaquillus
1991 1431 2106 1469 Faber
2124 1432 2242 1470 felici-2

1189 1487 1244 1516 ter
1273 1481 1310 1517 in
1340 1481 1488 1518 Nasone
1516 1482 1690 1527 restituit,
1727 1483 1786 1520 sed
1820 1494 1981 1532 quorum
2009 1494 2087 1531 pars
2119 1483 2242 1532 major

1189 1531 1320 1577 partim
1343 1543 1363 1568 a
1387 1543 1448 1569 me
1466 1533 1504 1570 in
1530 1533 1650 1581 priore
1670 1533 1834 1572 editione
1849 1561 1859 1578 ,
1888 1535 2017 1582 partim
2037 1533 2080 1570 ab
2100 1534 2176 1571 aliis
2197 1533 2241 1572 fit

1189 1591 1367 1629 occupata
1382 1609 1392 1626 ,
1435 1582 1472 1619 in
1501 1584 1687 1622 nonnullis
1711 1584 1826 1633 lapsus
1846 1586 1884 1622 δε
1908 1583 2143 1633 conjecturae
2174 1585 2242 1621 fal-

1189 1630 1243 1668 sus
1273 1632 1340 1669 est:
1380 1645 1450 1670 nec
1483 1643 1675 1682 propterea
1700 1635 1803 1672 illum
1837 1635 2028 1672 inseftatus
2060 1635 2150 1672 sum.
2178 1634 2240 1673 sed

1189 1680 1332 1719 silentio
1354 1683 1572 1733 plerumque
1595 1686 1762 1730 involvi,
1789 1697 1883 1735 quae
1912 1685 2240 1734 reprehensionem

1189 1732 1422 1772 merebantur
1432 1749 1444 1778 3
1473 1746 1568 1784 quae
1587 1735 1693 1773 laude
1713 1736 1820 1785 digua
1833 1735 2044 1785 judicabam
2060 1763 2071 1780 ,
2098 1736 2243 1783 praedi-

1190 1785 1269 1821 cavi
1289 1785 1461 1834 ingenue.
1514 1786 1635 1824 Exuat
1654 1799 1776 1824 mores
1795 1787 1879 1824 istos
1900 1786 2085 1824 feroculos
2113 1787 2243 1824 Tana-

1187 1835 1318 1882 quillus
1342 1836 1455 1874 vester
1476 1865 1486 1880 ‚
1514 1849 1608 1886 quos
1635 1839 1707 1886 ipse
1735 1839 1773 1875 in
1805 1837 1984 1885 discipulis
2008 1836 2118 1874 credo
2146 1837 2242 1883 suis,

1187 1897 1264 1933 quo
1285 1886 1332 1923 est
1352 1887 1543 1937 supercilio
1557 1916 1567 1932 ,
1596 1900 1673 1925 non
1697 1889 1830 1933 ferret,
1858 1888 2047 1937 ferulaque
2067 1900 2110 1925 ac
2132 1887 2241 1926 scuti-

1190 1947 1229 1972 ca
1251 1937 1484 1976 debellandos
1505 1938 1568 1976 fibi
1591 1947 1826 1988 proponeret.
1853 1939 1928 1976 hoc
1954 1938 1980 1976 fi
1998 1940 2193 1987 impetrare
2216 1939 2239 1977 a

1188 1985 1223 2023 se
1251 1989 1392 2035 potest,
1430 2001 1498 2027 nos
1522 1990 1674 2039 ingenio
1705 1991 1782 2040 ejus
1813 1991 1851 2028 &
1877 1989 2021 2035 fludi0‚
2050 1989 2153 2039 quod
2185 1991 2238 2029 rei

1186 2036 1362 2076 literariae
1381 2040 1570 2089 augendae
1588 2041 1773 2079 dedicavit
1792 2041 2047 2090 dedicabitque
2060 2069 2070 2085 ,
2099 2040 2241 2079 favebi=

1188 2099 1269 2126 mus
1292 2091 1386 2127 inter
1406 2092 1545 2140 primos
1561 2100 1672 2141 atque
1689 2092 1964 2141 appi-audemus.
2018 2092 2109 2129 Non
2131 2092 2240 2141 igno·=

1187 2147 1240 2176 rat
1267 2152 1379 2188 penes
1400 2153 1462 2179 me
1482 2142 1616 2179 exstare
1638 2142 1826 2191 epistolam
1850 2143 1949 2181 suam
1969 2171 1980 2188 ,
2023 2143 2061 2180 in
2081 2154 2153 2191 qua
2182 2143 2240 2180 in-

1188 2189 1390 2229 clementer
1412 2192 1526 2230 multa
1547 2192 1718 2231 dicuntur
1739 2195 1778 2231 in
1800 2195 1924 2231 virum
1959 2193 2146 2243 quendam
2169 2193 2238 2229 do-

1188 2240 1385 2280 &iffimum
1402 2271 1412 2287 ,
1442 2245 1544 2294 cujus
1566 2253 1692 2281 tamen
1714 2245 1877 2282 amicum
1911 2244 2008 2293 apud
2026 2244 2116 2281 alios
2141 2243 2174 2279 se
2193 2242 2236 2281 fit

1186 2291 1382 2339 professus:
1412 2306 1507 2344 quae
1529 2294 1555 2331 fi
1577 2296 1782 2342 proferatur
1799 2297 1836 2333 in
1860 2295 2005 2337 lucem,
2041 2294 2145 2331 facile
2171 2304 2248 2341 apa*

1184 2353 1331 2391 pareat,
1357 2357 1433 2382 non
1453 2345 1548 2383 solos
1568 2345 1755 2394 scriptores
1772 2349 1943 2396 antiquos
1964 2344 2035 2383 esse
2049 2373 2058 2389 ‚
2085 2345 2122 2381 in
2152 2343 2236 2392 qui-

1185 2394 1249 2431 bus
1268 2395 1426 2433 multum
1449 2396 1723 2434 emendandum
1742 2397 1858 2435 restet.
1884 2409 1944 2434 1116
1968 2395 2118 2445 quidem
2141 2395 2237 2432 arni-

1186 2456 1270 2482 cum
1293 2446 1441 2494 posthac
1462 2448 1668 2495 experiatur
1694 2449 1803 2490 licet,
1840 2447 1865 2484 fi
1892 2448 2060 2496 injuriam
2092 2446 2236 2493 parenti

1185 2507 1275 2533 meo
1305 2496 1440 2535 illatam
1472 2498 1614 2546 publice
1645 2498 1823 2546 agnoscat.
1852 2499 1889 2534 &
1921 2496 2092 2545 agnoscet
2118 2523 2129 2540 ‚
2164 2495 2234 2534 nifi

1186 2558 1341 2584 ornnem
1366 2549 1505 2595 prorsus
1526 2549 1726 2585 candorem
1748 2549 1914 2595 ejuravit.
1968 2548 2074 2583 Haec
2103 2547 2238 2594 copio⁸²>

1186 2595 1254 2634 sius
1274 2607 1415 2645 praeter
1445 2599 1661 2635 institutum.
1713 2598 1784 2634 Sed
1813 2610 1882 2635 nec
1906 2606 1985 2635 tute
2009 2597 2240 2645 improbabis

1186 2656 1261 2685 tam
1280 2649 1361 2696 piae
1385 2649 1606 2686 velitationis
1627 2648 1766 2685 causam
1783 2677 1792 2692 ,
1821 2648 1846 2685 si
1865 2648 1910 2685 de
1934 2657 2081 2696 paterna
2112 2647 2234 2685 existi-

1187 2709 1353 2736 matione
1374 2701 1430 2748 agi
1451 2701 1685 2741 memineris,
1727 2698 1944 2736 Doc'tiffiine
1964 2698 2139 2747 Men-agi,
2168 2710 2237 2736 cu=

1180 2752 1240 2800 jus
1267 2751 1512 2798 patrocinium
1534 2750 1605 2798 ipsa
1622 2760 1770 2786 naturae
1783 2750 1864 2798 jura
1884 2751 1994 2788 unice
2014 2749 2106 2786 mihi
2126 2761 2243 2787 como*

1182 2802 1370 2839 mendent.
1402 2813 1500 2838 nunc
1522 2801 1559 2837 iii
1582 2800 1726 2837 Nasone
1759 2812 1962 2848 pergamus.
2017 2801 2232 2838 Hnmsms,

1181 2851 1280 2889 Vide
1301 2852 1339 2888 δε
1360 2850 1554 2889 Heinsiuin
1576 2851 1620 2888 ad
1654 2852 1781 2888 Claud.
1807 2851 1886 2888 'sseii
1930 2852 2050 2888 Getic.
2078 2863 2161 2900 437.
2190 2853 2231 2888 ὃς

1183 2903 1317 2940 Doiiza
1331 2903 1449 2939 codici
1462 2903 1526 2939 suo
1545 2902 1792 2950 adscripscrat,
1805 2902 1897 2938 male
1905 2902 1996 2938 viva
2009 2930 2019 2946 ,
2044 2903 2080 2939 &
2095 2904 2231 2938 6111111-

1184 2953 1268 2991 cilio
1282 2954 1505 3002 probaverat.
1520 2965 1631 3002 quare
1643 2953 1860 2990 Gevartiuin
1874 2954 1946 2990 falli
1959 2953 2102 2990 credam
2117 2980 2125 2994 ‚
2141 2963 2226 2988 611111

1183 3005 1278 3041 dicat
1307 3004 1480 3041 Douzam
1501 3004 1643 3052 legere,
1672 3004 1764 3040 male
1782 3004 1881 3051 nisa,
1918 3016 2001 3041 cuin
2038 3005 2073 3040 in
2102 3003 2160 3038 lib.
2199 3013 2240 3037 1,-

1184 3055 1340 3104 praecid.
1361 3056 1400 3092 in
1419 3056 1567 3092 Petron.
1589 3066 1666 3102 cap.
1700 3067 1753 3100 14.
1781 3055 1872 3090 male
1903 3055 1994 3090 viva
2020 3054 2135 3100 legat,
2164 3050 2228 3087 ad·

1185 3106 1297 3144 dudio
1320 3107 1432 3143 etiam
1457 3107 1592 3143 Lucilii
1620 3105 1719 3143 loco,
1776 3104 2032 3142 Rumam-212.
2151 3151 2156 3155 .

1238 3158 1320 3194 661.
1349 3157 1417 3193 Dic
1445 3156 1593 3206 agilem,
1633 3169 1853 3205 quaecunque
1881 3150 2232 3206 brevialHabtlem

1185 3209 1221 3245 in
1241 3208 1468 3255 quibusdam.
1508 3208 1768 3244 Nauonarus.
1807 3204 1966 3240 Habilem
1991 3203 2106 3249 scripti
2138 3213 2230 3238 611111.

1185 3255 1303 3306 111111111
1335 3258 1511 3298 editione.
1548 3260 1660 3297 etiam
1683 3257 1787 3294 bene.
1813 3255 1873 3293 lib.
1897 3266 1942 3292 11.
1962 3253 2095 3291 Amor.
2123 3252 2242 3301 meg,-

1188 3319 1258 3355 xv,-

2142 3360 2242 3401 Hae}
