2553 3676
336 204 435 254 492
819 172 1366 232 noviom

1439 175 1973 236 NASONIS-

625 267 818 325 Fertur
841 267 898 321 in
924 263 1149 321 Euadne
1173 262 1450 321 6011683111
1470 267 1712 339 Asopide
1736 269 2012 324 flammam-

696 341 937 397 Vincere
963 337 1259 409 gurgitibus
1283 355 1393 392 non
1416 340 1643 411 potuitl'e
1671 343 1785 397 suis,

626 414 809 469 Siccus
834 424 893 466 ut
922 409 1166 482 ample&
1193 411 1497 465 Salmonida
1520 412 1690 484 poss'et
1718 415 1985 488 EnipeUS,

702 486 918 541 Cedere
937 482 1081 556 juffit
1106 502 1322 557 aquam:
1358 484 1486 553 juffa
1513 484 1723 538 recessit
1749 507 1898 561 aqua.

511 580 577 629 45
616 560 735 615 Nec
760 573 815 614 te
837 570 1147 632 praetereo,
1185 557 1307 628 qui,
1342 573 1438 625 per
1466 574 1593 608 cava
1616 556 1733 611 saxa
1756 562 2032 624 volutans.

697 632 919 687 Tiburis
944 630 1114 700 Argei
1136 626 1389 699 spumifer
1415 645 1535 680 arva
1563 628 1713 698 rigas,

620 703 711 763 IIia
735 706 821 759 cui
845 703 1070 776 placuit,
1108 699 1349 771 quamvis
1374 710 1485 753 erat
1514 699 1731 755 horrida
1760 704 1908 757 cultu
1925 744 1940 768 ‚

697 777 893 847 Ungue
919 785 1101 828 notata
1124 788 1330 835 comas,
1370 789 1549 844 ungue
1578 787 1760 829 notata
1786 793 1961 846 genas.

627 852 742 913 Illa,
782 863 1000 919 gemens
1025 844 1311 916 patruique
1336 845 1511 909 nefaS‚
1550 845 1847 922 delictaque
1872 848 2103 914 Martis³

516 943 586 994 50

334 1138 423 1177 Vid.
452 1137 499 1177 ad
528 1151 588 1179 xv.
618 1138 774 1176 Metam.
805 1145 891 1184 275.
917 1135 1129 1175 Hemsxus.
1173 1136 1257 1186 Ego
1286 1135 1376 1175 nihil

331 1198 489 1228 mutem.
525 1200 628 1227 tanta
659 1190 758 1226 enim
785 1199 880 1237 aqua
918 1188 1095 1226 convenit
1122 1188 1289 1236 epitheto
1321 1188 1378 1224 di·

331 1241 441 1285 vitis,
470 1253 545 1290 quo
571 1240 698 1278 Nilum
717 1238 874 1276 ornavit.
901 1239 1001 1277 unde
1021 1250 1112 1276 mox
1130 1238 1185 1280 jis,
1201 1251 1262 1285 94.
1280 1238 1379 1276 divi-

331 1292 401 1328 tias
429 1301 540 1329 vocat
569 1303 679 1340 aquas
713 1289 898 1338 copiosas,
926 1291 964 1327 &
997 1302 1041 1327 11·-
1067 1289 1149 1326 Art.
1175 1289 1265 1327 Am.
1292 1301 1377 1340 343.

331 1351 413 1391 opes.
431 1343 570 1389 sraeiae
586 1355 697 1393 aquae
717 1341 896 1378 Palatinus
915 1348 998 1378 tert.
1024 1339 1086 1388 qui
1096 1340 1233 1387 fhntem
1255 1350 1378 1378 tantae

332 1393 499 1437 Moreti‚
523 1405 617 1442 quae
639 1392 687 1429 est
706 1389 830 1440 gloffa.
867 1390 942 1429 vid.
970 1390 1081 1439 Epist.
1110 1403 1162 1428 vx.
1192 1390 1274 1429 108.
1303 1391 1379 1439 Qi

327 1444 463 1492 patriae
482 1454 601 1480 tantas
622 1453 698 1479 tam
721 1442 800 1479 bene
830 1441 916 1478 celat
943 1455 1066 1491 aquas.
1094 1441 1200 1480 Unus
1220 1442 1378 1481 Heinfil'.

329 1494 591 1533 Bunmxaaus.

380 1558 439 1591 41.
462 1544 640 1595 Evadne.]
663 1549 814 1581 Evanne
829 1543 905 1582 duo
924 1543 1024 1583 libri:
1044 1551 1245 1595 utrumque
1265 1544 1379 1584 reete.

325 1594 529 1634 Busirim.

377 1659 437 1697 43.
457 1647 599 1697 Siccus]
622 1647 733 1685 Forte
746 1675 757 1692 ,
762 1645 879 1694 fiffus·
903 1646 1098 1695 Neptunus
1119 1648 1220 1685 enim
1241 1647 1375 1696 Enipei

326 1699 490 1736 formam
521 1698 749 1737 adsumsetat.
783 1699 946 1746 Propert.
984 1697 1046 1736 lib.
1086 1709 1128 1736 1..
1155 1699 1257 1747 Eleg.
1284 1711 1374 1739 x111.

327 1749 541 1787 Heinsius.

381 1813 439 1849 45.
470 1807 542 1837 Nec
561 1811 594 1838 te
611 1809 801 1849 praetereo,
817 1799 877 1850 qui
893 1808 953 1848 per
975 1812 1066 1836 cava
1075 1798 1169 1849 saxa
1188 1799 1369 1850 volutas]

327 1851 496 1888 volutans
533 1853 738 1889 Puteaneus
775 1852 813 1888 &
854 1851 1061 1899 complures
1091 1851 1162 1888 alii.
1203 1859 1245 1889 ut
1276 1852 1374 1901 apud

328 1900 529 1940 Maronem
555 1915 617 1939 111.
640 1903 726 1943 607,

381 1952 599 2002 Genibusqae
623 1952 789 1988 volutans
816 1951 1000 1990 Haerebat.

325 2002 477 2042 Deinde
497 2004 725 2041 Sarraviauus
748 2015 832 2040 cum
855 2003 1086 2041 Menteliano
1101 2032 1111 2048 ,
1134 2008 1205 2040 Nec
1225 2014 1257 2042 te
1271 2015 1374 2056 prae-

325 2063 469 2092 teream.
500 2055 619 2093 Scribe
633 2083 643 2099 ‚
673 2060 727 2090 Ne
748 2064 780 2089 te
788 2063 1013 2103 praeteream.
1042 2055 1251 2104 cujusmodi
1272 2069 1373 2095 erto-

325 2116 380 2143 r.es
397 2105 515 2154 plures
532 2107 569 2143 in
592 2107 665 2143 1106
685 2116 796 2153 opere
816 2104 1135 2153 deprehendimus.
1157 2106 1275 2144 IDEM.

379 2157 438 2203 46.
466 2155 635 2206 spumifer
661 2168 754 2192 arva
781 2155 911 2204 riga5.]
943 2156 1097 2205 Legitur
1118 2157 1179 2201 &‚
1201 2158 1372 2206 pomifer,

325 2206 430 2256 quod
450 2208 489 2244 &
507 2208 682 2245 Horatius
699 2206 761 2244 lib.
788 2218 816 2243 1.
837 2205 911 2243 Od.
932 2217 966 2251 7.

377 2261 425 2294 Et
438 2267 592 2308 praeceps
614 2257 731 2301 Anio,
754 2267 798 2296 (φ’
815 2255 969 2304 Tyburni
992 2255 1108 2302 lacus,
1129 2266 1173 2297 ω’
1195 2256 1268 2294 uda

431 2308 620 2345 Mobilibus
632 2308 789 2357 pomaria
812 2307 904 2356 ripis.

325 2358 541 2409 Utrumque
572 2361 682 2398 recte.
712 2359 968 2396 NAuGExxxus.
1010 2358 1188 2408 spumifer.
1216 2360 1372 2400 Necesse

327 2412 430 2448 enim
462 2410 512 2448 est
531 2437 541 2455 ,
576 2419 616 2448 ut
639 2410 781 2458 spumas
809 2410 918 2446 faciat
945 2409 1099 2452 fluvius,
1127 2411 1191 2459 qui
1211 2412 1374 2451 volvitur

326 2473 391 2510 per
409 2462 579 2499 saxorum
599 2460 733 2499 obices.
761 2460 915 2497 Dixerat
943 2460 1043 2497 enim
1066 2459 1193 2508 supra,
1224 2462 1300 2509 Qi
1312 2472 1375 2512 per

326 2526 418 2549 cava
444 2512 538 2561 saxa
569 2511 720 2549 volutas.
766 2510 962 2559 Quaedam
995 2518 1120 2548 tamen
1151 2512 1375 2561 exemplaria

326 2563 500 2612 scriptum
532 2563 668 2601 habent
690 2590 698 2606 ‚
738 2561 889 2605 Pomifer
912 2575 920 2598 ε
958 2573 1052 2610 quae
1078 2561 1191 2600 166110
1210 2564 1374 2603 maxime

326 2613 457 2661 placet.
486 2615 583 2652 Nam
608 2615 645 2652 &
663 2613 870 2662 Propertius
890 2612 950 2649 lib.
974 2624 1027 2650 xv.
1045 2612 1147 2661 Eleg.
1170 2624 1203 2660 7.
1221 2613 1335 2653 dixit:

380 2664 529 2714 Ramofi's
548 2665 645 2702 Anio
664 2678 733 2714 qua
747 2663 892 2714 pomifer
907 2662 1051 2700 incubat
1069 2663 1182 2704 arvis.

328 2713 377 2753 Et
397 2715 544 2753 Flaccus
558 2716 618 2753 lib.
646 2729 675 2754 1.
697 2716 938 2753 Carminum:

382 2769 429 2801 Et
451 2774 601 2815 praeceps
629 2766 745 2810 Anio,
776 2778 845 2806 σε.
873 2765 1054 2803 MARIUS.

332 2816 503 2865 spumifer
532 2817 644 2854 iidem
672 2817 751 2854 libri
774 2817 931 2861 habent,
961 2817 1056 2854 male
1073 2815 1133 2854 alii
1154 2816 1306 2866 legunt,
1335 2818 1375 2856 δὲ

331 2868 371 2904 in
399 2866 454 2903 his
483 2867 683 2914 paganinus
706 2896 715 2911 ‚
755 2867 914 2914 Pomif'er.
951 2868 1170 2905 CxOFANus.
1223 2868 1376 2915 Pomifer

330 2918 536 2956 Puteaneus
567 2918 604 2953 &
635 2917 691 2954 alii
713 2930 849 2966 magno
870 2930 1040 2956 numero.
1068 2919 1223 2967 optime.
1253 2918 1374 2958 Tibur

331 2969 433 3006 enim
455 2967 561 3016 copia
584 2967 620 3004 &
639 2968 848 3015 praestantia
868 2980 1069 3015 pomorum
1086 2969 1373 3009 laudatiffimum

332 3020 501 3068 antiquis.
528 3018 734 3065 Propertius
752 3018 844 3055 libro
868 3030 917 3054 xv.
939 3019 1065 3066 Elegia
1085 3019 1257 3065 septima:

385 3067 536 3117 Ramosis
557 3068 652 3104 Anio
672 3082 741 3118 qua
757 3068 902 3116 pomifer
920 3068 1063 3103 incubat
1081 3068 1192 3104 arvis.

334 3119 406 3158 Sed
436 3121 473 3157 ὃς
505 3118 609 3156 Silius
638 3118 782 3156 Italicus
812 3118 983 3164 pomifera
1008 3116 1142 3154 Tiburis
1164 3130 1258 3155 arva
1280 3118 1373 3159 dixit

329 3171 424 3212 libro
447 3183 499 3208 xv.
524 3170 604 3219 526.

382 3224 543 3271 §Luesque
556 3219 622 3270 sub
641 3219 812 3258 Herculeis
834 3219 1007 3256 taciturno
1018 3218 1167 3270 flumine
1184 3221 1294 3262 muris
1306 3248 1335 3270 2.

382 3273 564 3321 Romifem
576 3285 669 3313 arva
689 3281 806 3313 tenent
822 3270 1048 3326 Anienicolae
1065 3271 1201 3325 catilli.⁴

694 919 916 976 Errabat
941 917 1091 974 nudo
1115 934 1212 990 per
1237 918 1354 973 loca
1377 918 1483 975 sola
1507 919 1667 991 pede.

2319 995 2488 1055 Hane
2512 1022 2513 1025 ¹

1432 1135 1536 1175 Male
1554 1136 1627 1176 illic
1647 1138 1922 1185 circumfertur,
1944 1138 2233 1191 Anienicolaeque
2261 1145 2386 1177 contra
2414 1151 2489 1179 au«

1434 1187 1642 1227 {toritatem
1677 1198 1846 1229 veterum
1882 1192 2072 1231 librorum.
2110 1190 2282 1240 produxit
2309 1191 2408 1228 enim
2436 1193 2478 1241 86

1432 1238 1606 1289 Virgilius
1634 1242 1792 1289 primam
1813 1243 1852 1280 in
1873 1243 2004 1280 Catillo
2023 1243 2207 1292 syllabam.
2235 1241 2281 1278 de
2308 1241 2480 1278 Pomariis

1432 1288 1584 1329 Tiburis
1612 1292 1789 1332 Horatius
1821 1306 1972 1345 quoque
1994 1322 2004 1340 ,
2042 1305 2156 1343 quem
2178 1293 2306 1330 locum
2326 1292 2480 1341 Nauge-⁴

1433 1341 1507 1379 rius
1521 1342 1601 1390 jam
1624 1343 1749 1382 vidit:.

1483 1396 1531 1428 Et
1542 1403 1696 1444 praeceps
1716 1395 1811 1432 Anio
1826 1423 1836 1439 ‚
1864 1406 1908 1435 ey
1929 1394 2074 1432 Tiburni
2094 1393 2210 1440 lacus,
2239 1405 2283 1434 φ’
2301 1392 2374 1431 uda

1537 1444 1726 1483 Mobilibus
1736 1447 1895 1496 pomaria
1915 1446 2006 1496 ripis.

1434 1492 1567 1532 Statius
1586 1495 1648 1533 lib.
1670 1509 1701 1534 1.
1719 1497 1807 1534 Silv.
1827 1510 1890 1534 111.
1913 1496 1972 1535 81.

1485 1545 1586 1593 Qid
1607 1545 1715 1593 bifera
1736 1547 1878 1584 Alcinoi
1898 1547 2036 1585 laudem
2053 1546 2211 1597 pomaria
2226 1575 2236 1590 ,
2262 1561 2392 1597 vosque

1481 1596 1558 1644 Qi
1573 1609 1768 1648 numquam
1790 1598 1898 1635 vacui
1910 1598 2066 1647 prodistis
2086 1598 2123 1635 in
2139 1598 2280 1634 aethera
2299 1599 2391 1636 rami
2405 1608 2421 1637 ,Ρ

1430 1645 1677 1696 Symmachus
1696 1648 1789 1686 libro
1812 1661 1882 1686 vix.
1904 1649 2065 1696 Epistola
2085 1661 2181 1685 xxxx.
2204 1655 2303 1685 Num
2322 1663 2375 1697 ego
2384 1650 2483 1697 scire·

1422 1697 1552 1746 postulo
1563 1726 1573 1742 ,
1595 1698 1680 1748 quid
1697 1699 1737 1735 in
1760 1697 1959 1736 Tiburtibus
1972 1699 2137 1749 pomariis
2154 1698 2355 1736 litterarum
2373 1702 2482 1749 operis

1428 1761 1580 1786 exerceas
1592 1759 1607 1788 ,ἓ
1620 1750 1681 1788 ubi
1701 1749 1866 1788 litterarii
1885 1752 1987 1801 operis
2005 1750 2249 1789 scribendum.
2269 1750 2483 1791 Columella.

1429 1799 1469 1837 in
1489 1800 1616 1838 Horto
1632 1814 1640 1839 z

1481 1855 1533 1887 Et⁴
1548 1851 1657 1889 Turni
1677 1852 1773 1890 lacus
1790 1862 1833 1893 69·
1845 1851 1971 1903 pomofi
1986 1852 2122 1889 Tiburis
2141 1865 2246 1890 arva.

1429 1900 1500 1940 Sed
1522 1902 1560 1940 &
1580 1903 1677 1941 recte
1698 1904 1832 1942 Noster
1850 1909 2007 1951 Argeum
2028 1903 2134 1940 Tibur
2150 1911 2350 1953 nuncupat.
2376 1909 2479 1955 quo—j

1427 1953 1546 1991 modo
1567 1955 1663 2003 apud
1678 1955 1958 1993 Horatiumlib.
1980 1968 2026 1993 xx.
2047 1954 2122 1992 Od.
2142 1956 2175 1993 6.

1478 2015 1586 2055 Tibur
1614 2022 1726 2067 Argeo
1747 2017 1895 2070 positum
1923 2017 2044 2057 colono.

1426 2080 1604 2118 Martialis
1621 2081 1893 2130 Epigrammate
1915 2093 2009 2120 vax.
2029 2081 2121 2120 libro
2141 2094 2192 2120 xv,
2214 2082 2260 2121 de
2282 2081 2423 2121 Tibure
2436 2095 2463 2122 τ’

1481 2147 1533 2178 Tu
1554 2141 1631 2179 colis
1651 2141 1756 2190 Argei
1777 2155 1940 2190 regnum,
1969 2142 2147 2190 Faustine,
2174 2143 2303 2180 coloni.-

1530 2195 1609 2240 ¹GQto
1629 2202 1662 2229 te
1682 2192 1732 2229 bis
1753 2193 1904 2229 decimus
1924 2193 2020 2230 (lucit
2037 2193 2081 2229 ab
2102 2193 2184 2231 urbe
2201 2193 2297 2244 lapis.

1430 2255 1486 2293 Ita
1505 2257 1668 2305 optimae
1688 2258 1936 2295 membranae.
1955 2258 1992 2295 in
2013 2258 2190 2307 vulgatis,
2208 2259 2341 2308 Argivi
2358 2260 2475 2302 coloni.

1429 2307 1642 2345 Guntherus
1671 2309 1840 2357 Ligurini
1866 2308 1959 2345 libro
1991 2321 2045 2346 xv.
2077 2315 2172 2345 Inter
2201 2321 2245 2349 ω’
2268 2317 2400 2360 Argeas
2413 2323 2474 2363 po-

1429 2355 1513 2406 mosi
1539 2357 1675 2395 Tiburis
1704 2372 1808 2396 arces.
1845 2358 1894 2396 fic
1924 2360 2023 2397 enim
2054 2359 2185 2397 censeo
2215 2360 2475 2411 castigandum.

1429 2419 1530 2446 nunc
1557 2410 1813 2448 circumfertur
1832 2438 1843 2454 ‚
1879 2413 2014 2458 Argeas
2040 2409 2171 2458 famofi
2203 2411 2338 2449 Tiburis
2370 2427 2473 2454 arces.

1431 2459 1643 2497 Hmsms.
1671 2462 1772 2509 Quia
1795 2461 1857 2498 hic
1877 2460 1994 2498 Poe'ta
2022 2462 2095 2510 agit
2122 2461 2168 2498 de
2196 2463 2326 2511 rapidis
2354 2464 2472 2505 fluviis

1431 2510 1470 2547 &
1501 2512 1641 2560 magnis
1663 2540 1674 2556 ,
1713 2511 1811 2549 reste
1839 2511 1976 2549 censuit
1996 2511 2241 2550 Broukhufius
2264 2542 2274 2558 ,
2310 2518 2471 2563 optimus
2528 2547 2530 2561 3

1428 2560 1630 2600 Poetarum
1651 2562 1849 2611 interpres,
1878 2562 2041 2609 Pomiseri
2062 2563 2253 2611 epitheton
2282 2565 2356 2603 hoc
2382 2566 2470 2606 loco

1429 2612 1537 2650 valde
1566 2611 1636 2650 effe
1665 2613 1807 2658 debile,
1833 2625 1956 2663 neque
1983 2614 2029 2651 ad
2055 2626 2133 2651 rem
2163 2615 2321 2652 multum
2340 2617 2470 2657 facere.

1431 2663 1518 2700 vide
1540 2675 1627 2701 eum
1648 2663 1694 2702 ad
1719 2665 1883 2713 Propert.
1903 2664 1964 2702 lib.
1985 2676 2038 2701 xv.
2066 2665 2168 2713 Eleg.
2187 2677 2258 2702 vx1.
2277 2665 2330 2709 stis.
2350 2666 2407 2706 81.
2431 2660 2487 2707 &¹

1431 2722 1529 2751 certe
1561 2715 1692 2753 melius
1722 2716 1891 2765 spumifer
1927 2716 2104 2753 convenit
2135 2715 2250 2754 fluvio
2275 2745 2285 2762 ,
2323 2720 2386 2766 qui
2409 2728 2468 2769 per

1432 2777 1523 2800 cava
1536 2765 1628 2814 saxa
1650 2765 1813 2812 volutat,
1841 2765 1939 2804 unde
1957 2766 2085 2814 spuma
2104 2767 2229 2804 oritur.
2256 2768 2295 2804 &
2317 2768 2469 2820 Dionys.

1432 2815 1591 2854 Halicar.
1611 2817 1672 2854 lib.
1689 2829 1725 2854 v.
1746 2830 1823 2866 cap.
1845 2827 1903 2866 37.
1923 2816 1967 2854 de
1988 2817 2160 2854 Aniene:
2189 2815 2256 2860 Ός.
2270 2817 2313 2854 ἐκ
2335 2824 2469 2865 πολέως

1430 2868 1494 2911 μὲν
1515 2867 1669 2912 Τιβύρων
1690 2863 1768 2904 καθ’
1787 2867 1924 2910 ὑψηλοῦ
1945 2870 2058 2909 πολὺς
2078 2868 2249 2913 §uxeio-:ci
2266 2872 2464 2917 σκοπέλου,

1429 2917 1491 2967 qui
1510 2931 1551 2954 ex
1564 2918 1676 2967 oppido
1699 2917 1823 2955 Tibure
1840 2917 1973 2955 multus
1999 2918 2051 2965 (id
2073 2919 2121 2955 est
2144 2918 2268 2964 dives,
2283 2921 2466 2970 copiosus)

1428 2968 1619 3016 effunditur
1651 2968 1691 3005 de
1721 2969 1792 3005 alto
1822 2968 1961 3017 scopulo.
2000 2968 2130 3006 Statius
2164 2981 2317 3019 quoque
2343 2971 2400 3009 lib.
2433 2985 2465 3011 1.

1429 3019 1516 3055 Silv.
1530 3031 1562 3067 3.
1575 3018 1698 3055 tribuit
1717 3019 1767 3056 illi
1788 3019 1965 3055 tumidam
1984 3018 2131 3063 rabiem,
2143 3020 2180 3057 &
2194 3020 2352 3070 spumosa
2369 3035 2464 3060 mur⁴

1427 3081 1552 3104 mitra:
1580 3068 1683 3117 quod
1712 3081 1801 3107 vero
1834 3070 1937 3107 Silius
1971 3082 2059 3107 eum
2090 3071 2307 3108 taciturnum
2335 3073 2462 3119 faciat,

1429 3119 1467 3155 ὃς
1490 3119 1551 3155 lib.
1571 3131 1640 3156 xxx.
1665 3130 1747 3168 539.
1769 3120 1855 3157 Labi
1867 3119 2141 3170 finemurmure
2163 3121 2282 3166 dicat,
2305 3122 2376 3160 h'oc
2397 3123 2462 3162 suo

1423 3169 1507 3218 jure
1535 3170 1632 3208 facit.
1659 3170 1763 3219 saepe
1791 3172 1890 3209 enim
1917 3172 2056 3209 Po'e'tae
2086 3172 2237 3210 eosdem
2270 3173 2400 3211 fluvios
2423 3176 2464 3213 δέ

1425 3219 1587 3269 placidos
1612 3249 1622 3265 ,
1661 3222 1698 3258 &
1729 3221 1805 3259 aliis
1831 3222 1922 3260 locis
1949 3222 2094 3271 rapidos
2125 3223 2278 3272 fingunt.
2315 3223 2359 3260 de
2385 3236 2463 3273 quo

1425 3270 1566 3321 plenius
1584 3272 1628 3313 ad
1643 3272 1765 3314 Valer.
1784 3272 1882 3326 Flac.
1902 3285 1938 3328 v.
1961 3275 2045 3315 180.
2061 3285 2223 3324 agemus.
2241 3272 2295 3312 Cl.
2315 3273 2468 3331 Bentle-

2401 3335 2478 3373 jus.
