2553 3676
223 220 286 255 12·

676 193 736 247 P.
811 188 1226 248 OVIDII
1300 187 1835 245 NASONIS

518 281 758 336 Dulichii
782 280 1078 351 Samiique,
1103 278 1187 342 &,
1209 296 1344 351 quos
1368 279 1490 332 tulit
1515 280 1614 334 alta
1639 280 1974 354 Zacynthos,

593 353 782 408 Turba
805 365 965 409 ruunt
990 352 1046 403 in
1068 367 1155 404 me
1182 350 1474 414 luxuriosa,
1507 354 1685 424 proci:

520 426 688 499 Inque
711 441 802 479 tua
824 434 1077 495 regnant,
1114 423 1268 477 nullis
1290 423 1720 495 prohibentibus,
1760 427 1888 481 aula.

410 518 478 569 90
588 499 808 554 Nsisccra
831 495 1034 558 nostra,
1057 510 1178 549 tuae
1203 495 1522 550 dilaniantur
1545 514 1688 568 opes

526 571 677 643 Quid
703 570 799 625 tibi
823 568 1162 631 Pisandrum,
1201 568 1993 646 Polybumque,Medontaque
2020 570 2225 635 dirum,

601 641 1036 715 Eurymachique
1059 641 1263 704 avidaS,
1300 641 1636 714 Antinoique
1663 661 1872 707 manUS,

531 715 718 789 Atque
743 716 870 769 alios
894 714 1150 776 reseram,
1190 731 1325 786 quos
1351 732 1536 769 omnes
1559 716 1784 787 turpiter
1808 716 1986 771 absens

636 788 749 860 Ipse
772 800 867 842 tuo
890 786 1050 859 partis
1071 785 1321 859 sanguine
1347 786 1503 842 rebus
1527 787 1647 841 alis?

290 977 349 1028 83.
378 982 452 1015 Tua
466 976 564 1029 sim]
595 983 668 1016 Tua
679 979 761 1029 sum
779 979 838 1019 sex
863 978 1032 1023 codices,
1067 975 1171 1029 quod
1202 976 1280 1015 effi-

240 1032 387 1074 cactus,
414 1042 493 1067 non
512 1031 612 1067 enim
632 1039 769 1076 vovet,
805 1030 866 1068 sed
894 1029 1066 1068 asseverat
1094 1029 1281 1078 Penelope

243 1081 280 1118 se
299 1080 417 1117 Ulixis
440 1078 535 1124 effe,
575 1082 613 1118 ὅ(
644 1081 730 1119 ideo
760 1093 912 1131 quoque
942 1081 1014 1119 dici
1040 1080 1153 1117 Ulixis
1179 1080 1281 1124 vult,

242 1142 366 1179 neque
387 1131 488 1168 alteri
508 1132 544 1168 in
556 1131 773 1180 conjugium
786 1131 1001 1170 concedere.
1014 1132 1062 1169 ita
1073 1130 1285 1179 Epist.vm.

295 1180 360 1217 Sed
379 1191 441 1217 tua
451 1180 534 1228 srsm
549 1209 557 1224 ‚
588 1191 768 1231 tecumque
776 1182 837 1229 fui
847 1182 1036 1231 puerilibus
1055 1180 1159 1217 annis
1171 1209 1181 1223 ,

347 1236 392 1266 Et
409 1241 470 1267 tua
492 1231 734 1281 quodsuperest
754 1232 911 1281 temporis
928 1232 984 1281 effe
1003 1241 1128 1282 precor.
1157 1231 1285 1269 Bunm.

299 1281 358 1319 86.
389 1282 608 1331 Frangitur]
634 1282 734 1320 Vide
754 1294 849 1332 quae
871 1283 916 1320 de
936 1284 1010 1320 hoc
1031 1282 1146 1320 verbo
1164 1282 1288 1319 Hein-

245 1331 314 1370 sius
344 1333 380 1369 &
409 1344 478 1381 ego
501 1333 592 1370 olim
623 1334 836 1371 notavimus
865 1332 912 1371 ad
937 1334 1085 1371 Petron.
1110 1345 1146 1369 c.
1174 1345 1286 1370 Lxxv.

248 1385 287 1420 ὅ(
313 1383 485 1420 Heinsius
514 1395 666 1432 quoque
699 1383 745 1421 ad
772 1384 899 1421 (laud.
942 1396 974 1422 1.
1009 1383 1120 1432 Epist.
1149 1395 1207 1430 50.
1241 1383 1290 1420 fic

249 1434 390 1482 corrige
427 1445 471 1470 ex
522 1434 651 1472 codice
681 1433 859 1472 Mediceo
892 1434 1053 1472 Senecae
1090 1433 1219 1472 locum
1252 1434 1291 1472 in

252 1482 395 1522 Troad.
418 1496 501 1533 743.

557 1534 702 1584 Spiritus
717 1535 852 1585 genitor
861 1535 973 1585 facit,

245 1621 253 1632 Β
379 1584 441 1621 Sed
460 1594 575 1634 nempe
580 1587 731 1632 fractus.

252 1633 367 1683 vulgo
385 1638 517 1672 truffas
534 1637 800 1675 circumfertur.
826 1635 1273 1683 Auci01⁴06taviae.586.

557 1687 690 1722 Alerita
710 1698 743 1723 te
760 1687 838 1723 divi
850 1687 963 1736 patris
975 1713 984 1730 ‚

357 1741 537 1786 Aetasque
547 1738 700 1785 frangat
722 1738 869 1786 conjugis
883 1764 892 1780 ,
914 1735 1090 1786 probitas,
1095 1735 1220 1785 pudor.

257 1786 472 1824 Callimacli.
492 1788 612 1835 Hym.
642 1789 680 1823 in
707 1789 817 1824 Delo.
843 1799 925 1833 107.

364 1835 456 1872 otte
477 1837 733 1879 κατεκλείσθης
756 1849 799 1872 τε
818 1839 879 1874 καὶ
897 1837 1066 1878 σ’ίκτισοις.
1094 1835 1227 1873 Burm-

315 1886 374 1924 86.
402 1892 579 1935 Temperat
613 1886 705 1936 ipſse]
742 1887 853 1925 Forte
876 1915 886 1931 ‚
923 1896 1088 1936 temperat
1122 1886 1175 1922 ira
1200 1884 1297 1934 suas.

233 1951 236 1953 ’
255 1937 405 1976 HEiNs.
434 1937 570 1975 Melius
589 1946 713 1975 tamen
731 1939 912 1987 legeretur
928 1947 1093 1987 temperat
1111 1936 1190 1972 inde
1201 1935 1299 1983 suas.

255 1997 409 2036 propter
446 1988 622 2036 pietatem
651 2001 774 2026 nicam
799 1991 838 2026 ὃς
856 2001 980 2037 preces
1007 1987 1167 2036 pudicas.
1193 1987 1297 2033 saepe

257 2040 350 2076 haec
372 2038 505 2075 vocula
527 2039 607 2075 inde
624 2040 711 2077 loco
732 2039 827 2087 pulsa
845 2039 889 2076 ab
909 2037 971 2087 ipft
992 2040 1030 2075 &
1053 2037 1121 2074 ille.
1150 2035 1224 2073 vid.
1252 2035 1298 2074 ad

258 2101 295 2126 v.
317 2090 410 2126 Met.
431 2089 513 2137 356.
535 2090 573 2127 &
595 2102 645 2126 vi.
667 2093 751 2138 650.
772 2091 810 2126 ἃ
829 2090 877 2127 ita
899 2087 1297 2137 Epist.sequcnte.654.

352 2138 557 2188 Partesatis
574 2141 670 2189 potui
691 2139 842 2190 qualibet
862 2139 942 2175 inde
959 2139 1042 2188 capi.

255 2187 432 2227 'Francius
453 2192 607 2228 malebat
625 2204 720 2227 voces
740 2199 904 2240 temperat
917 2189 980 2239 ipste
995 2189 1099 2238 suas;
1115 2187 1299 2237 quodmi-

259 2241 363 2278 nime
387 2240 514 2289 placet.
553 2242 790 2278 Bersin'annus
820 2241 1096 2288 Propertianam
1125 2240 1303 2276 imitatio-

260 2302 350 2327 nem
369 2291 516 2328 volebat
538 2304 583 2328 ex
600 2292 662 2330 lib.
683 2305 748 2329 111.
766 2292 868 2339 Eleg.
887 2303 945 2327 21.
972 2290 1305 2338 >Vittricestemperat

261 2341 319 2378 ira
335 2354 473 2377 manus.
501 2342 563 2379 ubi
584 2344 621 2378 ἃ
640 2341 703 2378 illa
719 2370 728 2385 ,
759 2342 842 2378 vide
865 2340 1027 2378 Broukh.
1055 2340 1182 2377 Bunm.

317 2391 377 2435 87.
405 2392 498 2428 Alta
527 2391 751 2441 Zacynthos]
781 2390 938 2441 Egregie
966 2391 1129 2428 Homeri
1159 2390 1304 2429 versum

265 2453 311 2479 ex
333 2441 463 2491 Odyss.
483 2456 516 2479 α.
539 2443 737 2480 transtulit:

319 2494 479 2539 Δυλιχὶῳ
501 2506 543 2529 τε
557 2522 566 2537 ,
595 2496 703 2539 Σάμῃ
724 2506 765 2530 τε
783 2494 845 2530 uxi
863 2493 1004 2533 ὑλήεντι
1024 2493 1191 2540 Ζκκῦνθῳ.

265 2543 328 2580 ubi
343 2544 477 2581 mirum
498 2544 600 2593 quod
618 2546 762 2584 ὑλήεντι
782 2544 981 2582 masculino
998 2556 1132 2593 genere
1154 2543 1306 2587 dixerit,

263 2595 368 2643 quod
384 2595 463 2642 jam
487 2596 745 2632 Grammaticis
770 2594 815 2632 ad
845 2595 947 2632 illuni
978 2596 1104 2632 locum
1136 2602 1306 2631 notatum

268 2645 337 2681 est:
373 2644 531 2683 Ovidius
551 2655 675 2683 autem
705 2675 715 2690 ,
745 2658 829 2683 cuin
862 2645 1036 2694 Virgilius
1063 2646 1197 2694 aliique
1218 2643 1307 2681 illud

266 2695 421 2732 verbum
444 2696 615 2745 nemorosa
635 2698 872 2740 transferant,
899 2696 975 2731 alta
1007 2697 1144 2733 maluit.
1186 2695 1239 2731 Ita
1267 2695 1306 2731 ὃς

267 2744 341 2781 alio
363 2746 450 2783 loco
474 2747 603 2796 virgil.
620 2748 681 2784 lib.
710 2760 743 2785 v.
768 2747 849 2796 588.
879 2747 1028 2784 Cretam
1040 2746 1154 2783 altam
1167 2745 1278 2782 dixit:

321 2820 366 2849 Ut
385 2816 559 2864 quondam
573 2821 677 2852 Creta
690 2818 800 2857 fertur
822 2815 1058 2866 Labyrinthus
1079 2816 1117 2854 in
1138 2814 1214 2851 alta
1230 2843 1240 2860 ,

323 2865 518 2903 Parietibus
538 2877 674 2903 textum
698 2868 800 2904 caecis
824 2868 901 2905 iter.

273 2915 482 2954 HliiNsIuS.
519 2917 719 2955 Bochartus
748 2927 872 2955 tamen
903 2918 997 2956 libro
1031 2930 1060 2955 1.
1090 2916 1135 2955 de
1164 2917 1308 2955 Phocn.

270 2967 410 3003 Colon.
423 2979 498 3015 cap.
514 2980 568 3016 23.
582 2981 599 3004 a
621 2970 807 3007 montibus
820 2998 830 3015 ,
842 2969 972 3018 quibus
985 2969 1132 3007 effertur
1146 2996 1156 3013 ,
1171 2969 1218 3006 ita
1238 2967 1309 3006 dici

271 3017 362 3054 vult.
387 3017 490 3054 Silius
507 3019 567 3055 lib.
580 3032 603 3056 1.
617 3032 659 3063 27
671 3033 700 3065 ς.

379 3068 548 3104 Conditus
563 3070 683 3117 excelso
696 3070 857 3117 sacravit
876 3069 955 3106 celle
972 3068 1177 3118 Zacynthos.

276 3116 335 3154 ubi
358 3116 429 3153 late
449 3129 530 3155 cam
562 3118 746 3164 describit,
785 3132 896 3170 quani
927 3120 1209 3168 descriptionem
1229 3119 1310 3157 illu-

276 3168 358 3204 strat
378 3167 534 3205 Tristan.
552 3177 645 3205 tom.
659 3183 704 3206 11.
724 3173 943 3208 Continent.
964 3170 1145 3218 Histor.p.
1164 3181 1312 3219 415.te-

276 3229 334 3254 net
355 3230 444 3256 vero
463 3219 510 3256 est
530 3219 567 3256 in
588 3219 729 3257 duobus
751 3221 946 3258 codicibus.
969 3221 1095 3258 Bunm.

327 3268 386 3308 88.
414 3268 529 3308 Turba
560 3281 668 3308 ruunt
696 3271 733 3308 in
751 3285 803 3310 me
827 3271 1000 3322 luxuriosa
1011 3269 1136 3323 proci]
1162 3270 1313 3323 Proprie

2162 882 2191 934 9
2200 882 2227 931 ς
2265 862 2376 919 Irus

1336 978 1375 1016 ὃς
1395 976 1713 1027 significantissime
1736 979 1901 1030 loquitur
1923 992 1931 1016 ι
1963 977 2079 1016 Turba
2099 979 2222 1023 6111111,
2257 986 2299 1017 ut
2324 980 2376 1017 ait

1338 1029 1515 1077 Ulpianus
1532 1029 1592 1067 lib.
1615 1043 1708 1069 Lvix.
1725 1031 1770 1069 ad
1793 1031 1967 1070 Edictum
1987 1030 2042 1068 tit.
2062 1041 2154 1067 vin.
2174 1030 2219 1067 de
2239 1030 2276 1068 vi
2299 1041 2382 1078 rap-

1337 1088 1464 1118 torum
1479 1109 1489 1124 ,
1517 1080 1558 1117 de
1574 1081 1696 1131 multis
1713 1082 1863 1126 dicitur,
1891 1083 1940 1119 ita
1961 1088 2001 1118 ut
2021 1083 2133 1129 poeta
2152 1081 2289 1119 indicet
2300 1093 2381 1118 ina·

1339 1142 1457 1180 gnum
1480 1129 1585 1169 fuiffe
1607 1143 1807 1181 procorum
1833 1143 2030 1170 numerum
2047 1159 2057 1176 ‚
2085 1132 2148 1180 qui
2167 1132 2381 1180 Penelopen

1340 1181 1387 1218 ad
1403 1181 1455 1219 sui
1474 1193 1645 1220 amorem
1666 1183 1909 1221 sollicitarent.
1947 1183 2152 1219 Procorum
2180 1194 2381 1220 numerum

1341 1234 1448 1281 ponit
1476 1233 1666 1272 Homerus
1692 1234 1752 1272 lib.
1780 1244 1857 1271 xvi.
1885 1230 2016 1282 Odyff.
2043 1232 2142 1270 unde
2171 1233 2262 1271 haec
2290 1245 2384 1270 con-

1341 1283 1442 1321 versa
1458 1283 1549 1322 sunt.
1576 1285 1728 1334 Ulpiani
1744 1285 1854 1323 verba
1880 1284 1980 1322 sunt:
2018 1281 2171 1319 Turbam
2197 1294 2315 1320 autem
2343 1297 2386 1320 ex

1344 1347 1409 1384 quo
1428 1348 1570 1372 numero
1586 1336 1808 1372 admittimus
1820 1345 1834 1373 ἒ
1854 1333 1888 1384 fi
1903 1335 1969 1371 duo
1987 1334 2105 1371 rixam
2131 1334 2384 1383 commiserint,

1345 1384 1466 1435 utique
1483 1399 1550 1422 non
1561 1387 1768 1436 accipiemus
1787 1386 1825 1422 in
1843 1385 1947 1422 turba
1965 1385 2003 1421 id
2015 1385 2156 1432 factum
2170 1401 2180 1420 .·
2233 1386 2292 1421 uia
2318 1385 2386 1422 duo

1347 1434 1451 1472 turba
1467 1449 1536 1472 non
1553 1437 1685 1487 proprie
1702 1437 1872 1474 dicentur.
1925 1436 2114 1472 Enimvero
2130 1432 2164 1483 fi
2182 1399 2296 1483 pyures
2305 1439 2389 1483 fue-

1348 1496 1434 1523 runt
1449 1515 1458 1530 ‚
1487 1487 1598 1524 decem
1619 1497 1684 1524 aut
1704 1487 1901 1538 quindecim
1918 1485 2072 1523 homines
2084 1513 2093 1529 ,
2120 1485 2224 1522 turba
2242 1487 2388 1525 dicetur.

1350 1537 1452 1584 Qud
1468 1551 1539 1586 ergo
1550 1536 1586 1587 fi
1604 1548 1671 1575 tres
1687 1567 1695 1582 ‚
1732 1548 1797 1574 aut
1824 1547 1974 1588 quatuor
1992 1546 2008 1574 ?
2042 1535 2146 1572 turba
2173 1537 2292 1587 utique
2320 1550 2389 1574 non

1351 1588 1428 1624 erit.
1456 1589 1508 1625 At
1528 1589 1617 1637 quid
1635 1589 1794 1626 Ovidius
1812 1588 1885 1636 ipse
1899 1588 1960 1625 lib.
1981 1588 2234 1634 Metamorph.
2258 1601 2283 1624 1.
2308 1598 2393 1636 355.

1352 1648 1480 1674 nonne
1498 1639 1642 1674 turbam
1666 1639 1712 1675 de
1732 1639 1873 1677 duobus
1888 1638 1972 1681 ,illo
1991 1637 2221 1674 hemistichio
2236 1665 2245 1681 ‚
2257 1638 2391 1675 nosduo

1354 1685 1616 1735 turbasumus,
1643 1686 1759 1726 dixit?
1786 1687 1847 1724 sed
1865 1686 2056 1735 praeclare.
2093 1686 2262 1725 Ostendit
2287 1689 2390 1725 enim

1353 1735 1648 1780 Deucalionem,
1686 1739 1725 1774 ὅ(
1752 1738 1927 1786 Pyrrham
1956 1737 2099 1775 tantum
2116 1766 2125 1781 ,
2162 1739 2288 1775 ceteris
2314 1738 2392 1776 aliis

1353 1786 1566 1823 hominibus
1583 1787 1725 1824 diluvio
1746 1787 1940 1836 absumptis
1956 1795 2015 1830 ,ut
2036 1788 2179 1824 turbam
2201 1787 2388 1836 quandam

1353 1835 1551 1884 superesse,
1579 1837 1786 1886 praesertim
1811 1840 1851 1874 τὸ
1871 1851 1928 1873 nos
1944 1837 2070 1874 addito
2086 1865 2095 1881 ‚
2120 1837 2140 1874 {1
2163 1838 2292 1887 quibus
2305 1850 2390 1876 om-

1354 1898 1401 1923 ne
1421 1888 1621 1925 hominum
1640 1899 1753 1936 genus
1774 1887 1859 1926 esset
1881 1888 2132 1937 reparandum.
2161 1889 2330 1926 CiorAN.

1405 1949 1465 1986 90.
1493 1938 1773 1988 Dilacerantur.]
1805 1939 1847 1976 In
1864 1947 1937 1975 vet.
1964 1938 2395 1987 quibusdam,dilanian-

1354 1997 1424 2025 tur.
1454 1989 1587 2037 Aeque
1598 1990 1701 2026 bene.
1714 1992 1812 2026 Cior
1821 2002 1882 2026 AN.
1902 1989 2140 2025 Dilaniantur
2156 1999 2226 2039 opes
2241 2018 2250 2034 ‚
2262 1991 2393 2030 reditus

1354 2039 1525 2077 meliores
1548 2053 1592 2077 ex
1612 2039 1746 2088 scriptis
1759 2068 1769 2084 ,
1797 2051 1909 2089 quam
1928 2039 2166 2076 dilacerantur
2180 2069 2189 2082 ‚
2217 2042 2319 2090 quod
2343 2042 2393 2080 est

1356 2090 1394 2127 in
1414 2090 1578 2139 vulgatis.
1592 2091 1763 2139 Respexit
1782 2091 1944 2128 Homeri
1966 2090 2040 2127 Illa.
2065 2089 2193 2140 Odyff.
2206 2091 2295 2135 ⁷5.ssst
2310 2104 2393 2142 315.

1354 2142 1531 2184 κτήματα
1550 2140 1821 2186 δαρδάπτουσιν.
1848 2142 1938 2179 Hoc
1955 2141 2109 2178 verbum
2131 2142 2235 2190 saepe
2248 2143 2393 2182 Ovidio

1356 2191 1619 2230 redonavimus
1649 2192 1687 2230 in
1719 2191 2026 2241 Metamorphosi.
2068 2192 2120 2229 Ita
2155 2194 2193 2229 ὃς
2223 2193 2307 2230 Infr.
2333 2208 2394 2233 111.

1358 2245 1447 2281 Am.
1469 2256 1503 2292 9.
1522 2243 1698 2280 dilaniata
1717 2257 1838 2280 comas.
1860 2244 1898 2280 ὃ(
1919 2242 2009 2280 Ibid.
2031 2243 2111 2290 595·
2131 2242 2319 2280 Dilanient
2337 2246 2396 2281 vi-

1355 2293 1467 2342 gilum
1486 2304 1518 2330 te
1535 2308 1664 2344 quoque
1681 2293 1785 2330 turba
1805 2307 1930 2330 canum
1951 2309 1961 2329 .·
1990 2293 2135 2342 vulgata
2160 2301 2286 2332 tamen
2312 2296 2399 2334 reti-

1360 2345 1438 2382 neri
1458 2345 1575 2393 potest
1598 2357 1642 2382 ex
1667 2345 1775 2394 Epist.
1790 2344 1921 2382 111.86.
1942 2344 2026 2381 ubi:

1413 2411 1513 2460 Qid
1530 2410 1659 2448 lacerat
1676 2418 1822 2448 Danaas
1838 2410 1977 2461 impiger
1996 2411 2117 2448 Heffi‘or
2135 2419 2214 2460 opes.
2227 2411 2372 2450 HE1NS.

1412 2493 1470 2530 91.
1498 2480 1666 2529 polybum
1688 2478 1950 2530 Medontaque]
1962 2479 2009 2516 Et
2026 2479 2087 2516 hic
2098 2477 2263 2517 addenda
2285 2492 2400 2529 copu-

1360 2533 1395 2571 la
1418 2533 1486 2570 fuit
1516 2560 1525 2576 ,
1579 2544 1665 2569 cum
1698 2531 1824 2568 Medon
1862 2532 1901 2568 &
1933 2530 2005 2579 ipse
2032 2531 2189 2579 primam
2217 2531 2398 2580 corripiat.

1363 2584 1589 2621 EGNmus.
1616 2583 1743 2620 Primo
1763 2583 1800 2619 in
1828 2580 1970 2619 duobus
1996 2580 2132 2630 scriptis
2160 2580 2397 2631 Polybonque,

1365 2635 1510 2672 Gracco
1529 2645 1657 2677 more,
1674 2643 1715 2670 ut
1732 2632 1859 2681 paffim
1881 2632 2024 2669 Noster.
2055 2633 2100 2669 Et
2120 2633 2169 2668 ita
2195 2631 2397 2669 Helmstad.

1362 2685 1509 2722 exhibet
1533 2683 1758 2734 Polybonque.
1786 2683 1856 2721 Sed
1869 2694 1981 2732 quare
2001 2682 2128 2718 Medon
2138 2681 2234 2717 dirus
2243 2681 2399 2728 dicitur,

1361 2736 1419 2773 cui
1440 2735 1515 2771 fere
1536 2746 1735 2782 procorum
1762 2735 1827 2771 uni
1853 2731 1999 2783 Ulyffes
2019 2733 2202 2782 pepercit,
2238 2732 2286 2785 ob
2314 2745 2399 2770 mo-

1364 2785 1513 2823 destiam
1537 2785 1574 2822 ὃ(
1593 2784 1733 2822 leviora
1751 2783 1903 2827 delicta,
1932 2784 2079 2820 caeteris
2106 2782 2302 2819 interfectis
2322 2783 2400 2821 Od.

1364 2834 1462 2873 xm?
1493 2835 1534 2871 In
1552 2836 1674 2873 multis
1695 2834 1881 2872 codicibus
1899 2833 2067 2881 polybum
2087 2833 2319 2883 Medontaque
2345 2834 2402 2872 in-

1365 2886 1464 2924 veni.
1492 2885 1619 2922 Haesit
1640 2887 1750 2923 etiam
1769 2886 1830 2922 hic
1847 2896 1939 2934 aqua
1961 2883 2190 2932 Mari-angelo
2203 2884 2375 2922 Accurfio
2389 2913 2401 2930 ,

1366 2937 1430 2986 qui
1447 2937 1483 2973 in
1498 2935 1668 2973 Diatribis
1687 2935 1886 2985 legendum
1906 2933 2097 2972 contendit
2117 2933 2283 2981 Polybum
2303 2940 2399 2971 Am-

1358 2986 1652 3037 phimedontaque
1667 3015 1674 3029 ‚
1686 2986 1788 3036 quod
1804 2985 1913 3022 hosce
1934 2984 2026 3022 duos
2037 2996 2122 3022 cum
2132 2984 2302 3022 Pisandro
2315 2985 2401 3023 Ho-

1368 3049 1489 3076 merus
1511 3045 1620 3074 etiam
1644 3044 1896 3086 conjunxerit:

1417 3103 1611 3146 Εὑρυνυμὸς
1622 3115 1664 3138 τε
1679 3103 1741 3139 καὶ
1763 3099 1990 3148 Ἀμφιμέδων
2004 3129 2014 3145 ,
2034 3097 2317 3145 Δημοπτολεμὸς
2330 3111 2374 3135 τε
2385 3127 2397 3145 ,

1420 3153 1628 3198 Πεισανδρός
1642 3165 1684 3190 τε
1698 3152 1962 3197 Πολυκτορίδης
1973 3181 1984 3197 ,
1997 3153 2162 3198 Πολυβός
2176 3163 2217 3187 τε
2233 3149 2399 3196 δαὶφρων.

1369 3219 1439 3257 Sed
1469 3227 1721 3267 praeterquam
1752 3218 1855 3268 quod
1879 3221 1971 3257 haec
1988 3218 2100 3256 lectio
2118 3217 2259 3254 versum
2287 3216 2399 3264 paulo

1368 3270 1555 3312 duriorem
1571 3269 1712 3318 reddit,
1739 3270 1844 3311 restat
1861 3269 2044 3323 scrupulus
2060 3268 2106 3308 de
2127 3266 2411 3358 Penelgipliffigg
