2553 3676
602 173 1143 260 AM'ORUM
1216 215 1390 251 mn.
1466 197 1537 253 11.
1618 222 1662 266 3.

371 291 532 348 Hanc
557 287 717 358 imple
740 281 968 337 meritis:
1008 281 1160 353 hujus
1186 283 1282 339 tibi
1307 286 1473 355 gratia
1497 287 1675 360 profit.
1704 294 1706 297 ’

444 363 497 416 Si
521 374 694 415 careas
714 356 825 418 illa,
866 355 984 427 quis
1009 367 1132 410 tuus
1157 356 1276 409 usus
1303 358 1435 410 erit?

368 433 461 488 Est
484 429 641 485 etiam
664 428 851 490 facie3‚
888 427 1008 481 sunt
1030 428 1138 501 apti
1162 427 1352 482 lufibus
1376 430 1512 483 anni.

436 503 654 573 Indigna
676 499 750 553 est
774 500 931 573 pigro
954 501 1126 555 forma
1148 502 1326 573 perire
1350 499 1463 555 situ.

265 596 325 646 15
363 575 560 631 Fallere
585 587 639 627 te
663 574 842 645 potuit
858 613 873 636 ‚
910 573 1149 646 quamvis
1174 573 1398 628 habeare
1424 572 1699 628 molestus:

435 647 562 700 Non
586 659 732 702 caret
757 644 976 710 effeclm
1016 645 1166 720 quod
1190 647 1410 702 voluere
1438 646 1566 720 duo.

360 719 553 790 Aptius
578 733 637 775 ut
662 718 822 775 fuerit
846 719 1092 791 precibus
1123 719 1369 783 tentaffe‚
1406 736 1682 792 rogamus:

431 791 580 845 Dum
603 792 736 847 bene
761 792 1001 866 ponendi
1025 809 1244 866 munera
1267 805 1477 865 tempus
1500 791 1677 846 habeS.

133 932 191 972 Vir
207 941 310 970 natus
329 929 418 981 quod
435 942 507 966 rem
518 931 740 977 feminarum
759 930 920 979 tetigerit.

85 983 256 1034 Quinc'til.
283 980 388 1020 Decl.
416 992 588 1018 CCLxxn.
619 988 660 1018 In
686 982 802 1018 eadem
820 996 876 1026 re,
904 982 944 1019 in
964 994 1033 1032 qua
1052 989 1111 1030 pro

76 1037 182 1086 statere
204 1032 348 1081 venisti,
376 1031 438 1069 ubi
467 1032 562 1068 male
589 1031 677 1079 veste
695 1032 824 1080 reponi
838 1032 944 1081 jubet
962 1033 1113 1070 Grono-

85 1086 169 1124 vius.
196 1084 350 1122 Terent.
378 1083 514 1120 Heaut.
541 1094 586 1120 11.
615 1095 693 1120 111.
717 1081 829 1119 Nulla
851 1082 948 1120 mala
966 1096 1000 1120 re
1017 1091 1112 1132 expo-

76 1134 143 1186 sita
172 1133 341 1172 muliebri.
372 1137 423 1169 Tu
442 1132 536 1182 spem
566 1132 687 1183 depone
713 1132 854 1171 virilem
886 1134 1114 1173 Francofurt.

31 1200 33 1208 ²
83 1180 338 1224 Bmzmwus.
390 1226 394 1230 ,

32 1275 33 1285 ¹
131 1248 186 1274 10.
212 1242 299 1272 Sunt
315 1232 417 1284 aba]
446 1233 523 1271 Sint
536 1233 601 1271 tibi
620 1243 691 1273 tres
708 1235 801 1272 libri.
828 1235 1040 1273 Herusxus.

30 1296 33 1329 ξ
81 1305 83 1309 <
131 1297 187 1335 15.
216 1292 260 1323 Te
269 1285 421 1335 potuit.j
453 1290 496 1320 Te
510 1284 631 1333 poterit
649 1284 798 1323 Palatin.
820 1285 1009 1324 secundus.

130 1347 187 1383 17.
213 1336 341 1385 Aptius
363 1344 403 1371 ut
421 1335 534 1381 fuerit
553 1334 705 1385 precibus
724 1336 863 1384 tentaffie
883 1364 893 1380 ‚
928 1349 1110 1385 rogamus:

79 1388 175 1424 Dum
204 1386 284 1423 bene
300 1385 447 1435 ponendi
476 1399 621 1423 munera
650 1385 954 1437 tempus'habe5.]
985 1387 1111 1425 Sensus

82 1437 147 1475 est:
174 1437 298 1476 Potuit
317 1435 468 1486 quidem
487 1436 546 1474 illa
562 1445 598 1475 te
617 1437 761 1481 fallere,
789 1436 816 1475 si
836 1437 1023 1475 molestior
1040 1436 1113 1476 esse

17 1530 24 1535 ,
81 1486 211 1526 venes:
238 1487 298 1526 sed
317 1495 443 1525 tamen
464 1488 550 1536 quia
571 1487 808 1525 commodius
827 1499 869 1525 ac
889 1489 1019 1526 melius
1038 1488 1087 1526 est
1100 1517 1118 1534 ,γ

78 1539 235 1586 precibus
256 1549 384 1587 agere,
409 1548 582 1584 rogamus
608 1546 645 1575 te
660 1566 670 1583 ,
697 1548 738 1576 ut
760 1538 896 1576 scilicet
913 1551 1048 1577 munus
1069 1551 1113 1577 ac

78 1587 293 1634 beneficium
313 1597 420 1625 tuum
440 1587 534 1624 bene
562 1587 742 1632 colloces,
771 1589 860 1626 dum
881 1598 1026 1637 tempus
1047 1590 1112 1627 ha-

35 1667 37 1671 s
76 1637 135 1675 bes
165 1639 258 1676 bene
284 1636 449 1686 ponendi
470 1665 480 1681 ‚
518 1635 591 1674 five
619 1638 837 1676 collocandi.
863 1639 1032 1677 Dicimus
1049 1652 1113 1678 au·

38 1715 39 1719 ,
73 1695 150 1725 tem
179 1688 258 1725 bene
273 1696 392 1736 ponere
405 1715 415 1732 ‚
442 1686 517 1724 five
540 1686 696 1724 collocare
713 1688 935 1726 beneficium
953 1697 1014 1727 aut
1030 1702 1115 1728 mu-

34 1737 41 1794 'J
75 1748 141 1775 nus
159 1765 169 1782 ,
197 1737 345 1787 quando
367 1739 404 1775 in
427 1737 580 1786 dignum
603 1747 665 1776 aut
691 1747 833 1787 gratum
862 1740 1086 1778 collocamus
1102 1768 1112 1785 ,

38 1828 41 1840 .
77 1787 139 1836 qui
164 1788 252 1825 illud
281 1786 495 1836 compenset
514 1815 525 1832 ‚
569 1789 608 1825 &
639 1789 767 1826 contra
793 1791 946 1839 gratiam
972 1791 1113 1828 referat.

40 1842 41 1847 ’
79 1837 299 1876 Μιεγιιυε.
404 1867 409 1870 .

133 1899 187 1935 17.
213 1895 256 1925 Ut
275 1886 411 1936 fieret.]
440 1886 557 1925 Fuerit
583 1889 742 1926 omnino
765 1888 964 1937 legendum
987 1901 1032 1927 ex
1051 1901 1115 1927 an-

81 1938 182 1989 tiquo
211 1939 349 1979 codice.
376 1939 555 1978 Martius.
582 1939 696 1977 Liber
714 1939 958 1986 Maffeianus‚
985 1940 1116 1990 Aptius

559 2087 640 2152 E
735 2086 937 2153 L'·E
1032 2088 1095 2152 G

1163 940 1204 967 ut
1231 929 1354 975 fuerit.
1386 928 1606 967 Crormus.
1654 929 1765 968 Forte
1788 956 1800 974 ‚
1829 927 1975 978 ·Aptius
2011 937 2049 965 at
2081 928 2206 976 suerit.

1166 982 1382 1019 Hemsrus.
1476 984 1478 986 ’

1192 1043 1277 1120 d17.
1304 1029 1487 1081 Tentasse]
1518 1035 1664 1068 Tentare
1685 1029 1805 1069 codex
1821 1029 2000 1075 Douzae,
2023 1030 2061 1067 &
2090 1032 2206 1079 prima

1168 1094 1188 1120 e
1216 1091 1295 1120 itio.

1224 1133 1280 1170 18.
1307 1138 1394 1170 Bene
1405 1131 1592 1182 ponenda]
1623 1138 1710 1170 Bene
1722 1130 1920 1181 praestandi
1939 1130 2182 1172 Scriverianus
2194 1160 2206 1177 ,

1168 1183 1271 1233 quod
1300 1181 1507 1232 glossatoris
1523 1183 1571 1220 est
1594 1197 1603 1221 ;
1640 1182 1782 1221 locutio
1803 1183 1903 1219 enim
1925 1193 1945 1218 a
1967 1182 2210 1219 foeneratori-

1166 1235 1231 1272 bus
1270 1233 1463 1279 desumta‚
1506 1234 1570 1284 qui
1599 1242 1734 1284 ponunt
1767 1233 1970 1282 pecuniam
1999 1240 2038 1269 ut
2075 1233 2210 1270 Horat.

1166 1285 1287 1334 Epod.
1324 1299 1369 1324 Π.
1407 1296 1497 1323 vers.
1538 1284 1602 1322 ult.
1639 1284 1677 1322 ὃς
1722 1284 1876 1322 Terent.
1906 1282 2064 1331 Adelph.
2093 1295 2140 1320 11.
2173 1295 2210 1321 2.

1167 1342 1349 1374 Foenerare
1381 1335 1485 1374 dixit.
1528 1344 1569 1374 ut
1602 1343 1727 1373 autem
1765 1334 1892 1372 omnia
1925 1334 2032 1382 hujus
2070 1332 2210 1370 distichi

1168 1388 1333 1425 membra
1348 1388 1441 1425 inter
1459 1386 1493 1424 se
1513 1387 1732 1425 cohaereant
1745 1414 1755 1431 ,
1778 1386 1817 1422 ὃς
1834 1383 1950 1422 sensus
1970 1383 2209 1428 commodus,

1167 1450 1280 1487 quem
1314 1439 1352 1476 in
1389 1437 1532 1487 vulgata
1568 1437 1729 1475 lecftione
1761 1436 1824 1474 vix
1855 1435 1967 1473 video
1990 1462 2001 1479 ,
2046 1434 2209 1479 oriatur,

1168 1489 1317 1526 mallem
1339 1489 1376 1526 in
1394 1489 1506 1538 priori
1523 1488 1629 1526 versu
1645 1488 1788 1537 legere:

1218 1539 1347 1589 Aptius
1367 1549 1407 1575 ut
1414 1538 1528 1587 fuerit
1537 1539 1646 1588 pretio
1666 1549 1821 1582 tentare,
1849 1549 2018 1585 rogamus.

1169 1589 1277 1627 Licet
1306 1590 1401 1627 forte
1428 1590 1576 1627 brevior
1604 1590 1663 1626 via
1688 1590 1726 1627 &
1753 1589 1873 1636 aptior
1901 1585 1986 1624 effet
2009 1594 2046 1624 te
2066 1591 2208 1624 tentare

1167 1641 1344 1687 pecunia,
1372 1641 1554 1678 malumus
1573 1647 1698 1677 tamen
1723 1647 1758 1677 te
1776 1650 1926 1687 rogare,
1955 1638 2044 1676 dum
2062 1644 2209 1684 tempus

1166 1690 1275 1727 habes
1303 1690 1524 1728 beneficium
1551 1690 1625 1727 hoc
1654 1690 1748 1727 bene
1777 1688 1973 1737 ponendi,
2008 1695 2208 1735 antequam

1167 1749 1204 1778 te
1230 1742 1425 1788 praeterito
1449 1741 1570 1778 fallere
1592 1748 1629 1778 te
1655 1740 1814 1778 instituat
1845 1739 1998 1777 domina
2016 1746 2101 1781 tua,
2128 1749 2208 1785 quo

1167 1790 1265 1829 saeco
1285 1818 1295 1834 ,
1322 1803 1390 1829 nec
1417 1792 1569 1840 gratiam
1586 1818 1597 1834 ,
1624 1802 1693 1828 nec
1717 1790 1914 1839 pecuniam
1942 1790 2096 1827 auferes.
2124 1792 2212 1824 Pre-

1168 1841 1259 1878 tium
1281 1853 1370 1879 vero
1388 1843 1426 1879 in
1444 1850 1552 1892 preces
1572 1840 1708 1878 transiit
1732 1852 1777 1877 ex
1796 1840 1966 1877 consueta
1984 1839 2042 1876 illa
2063 1838 2209 1875 formu-

1168 1892 1226 1936 la,
1251 1892 1310 1928 vel
1331 1901 1426 1941 prece
1460 1891 1519 1929 vel
1541 1891 1660 1941 pretio.
1698 1891 1770 1929 vid.
1798 1890 1934 1928 Horat.
1960 1903 2006 1928 11.
2034 1888 2142 1937 Epist.
2164 1900 2209 1927 11.

1173 1954 1255 1993 173.
1284 1944 1322 1981 ὃς
1343 1943 1518 1982 Nostrum
1535 1942 1599 1980 lib.
1617 1955 1662 1982 11.
1680 1941 1771 1980 Fast.
1790 1940 1874 1980 806.
1893 1941 2156 1981 Buammus.

1193 2088 1224 2152 Iv
1315 2092 1376 2155 A
1534 2089 1693 2157 IV.

512 2266 602 2321 On
628 2283 731 2338 ego
755 2266 1038 2322 mendosos
1061 2268 1222 2324 ausim
1249 2269 1545 2325 defendere
1570 2287 1778 2333 mores;

524 2369 528 2373 ·
580 2339 829 2412 Falsaque
855 2358 953 2411 pro
980 2342 1120 2395 vitiis
1147 2360 1290 2395 arma
1312 2359 1532 2398 movere
1557 2344 1704 2399 meis.

365 2413 681 2485 Confiteor3
724 2415 761 2465 fi
784 2413 914 2484 quid
938 2413 1154 2484 prodest
1178 2413 1367 2468 delicta
1390 2414 1572 2469 fateri:

440 2485 500 2538 In
524 2502 642 2539 mea
663 2502 805 2539 nunc
831 2485 1051 2539 demens
1076 2486 1324 2549 crimina,
1359 2485 1539 2549 falsus,
1577 2505 1660 2540 eo,

299 2575 328 2624 ς
366 2556 502 2611 Odi:
542 2575 642 2611 nec
667 2555 871 2628 possum
896 2558 1113 2628 cupiens
1136 2575 1248 2612 non
1275 2557 1407 2621 esse,
1443 2558 1593 2630 quod
1619 2558 1727 2611 odi.

434 2628 568 2683 Heu
591 2646 776 2701 quam,
811 2647 944 2701 quae
969 2629 1171 2684 studeas
1194 2648 1426 2702 ponere,
1463 2629 1604 2684 ferre
1629 2646 1789 2701 grave
1813 2628 1913 2683 est!

366 2701 507 2755 Nam
530 2702 717 2755 desunt
742 2701 878 2754 vires
901 2701 967 2754 ad
991 2720 1076 2757 me
1102 2703 1232 2757 mihi
1251 2703 1440 2775 jusque
1465 2703 1779 2773 regendum.

436 2774 699 2837 Auferor,
742 2785 802 2827 ut
829 2774 1010 2845 rapida
1035 2776 1246 2830 concita
1269 2776 1458 2847 puppis
1481 2776 1631 2848 aqua.

141 2979 172 3007 1.
197 2974 277 3005 Non
302 2980 364 3016 ego.
385 2967 402 3017 ]
436 2969 537 3007 Huic
563 2969 717 3010 similem
742 2971 905 3021 Elegiam
932 2974 1112 3022 Propertii

96 3017 152 3056 lib.
172 3033 216 3058 ιι.
239 3019 293 3056 18.
311 3019 570 3056 conferendam
590 3021 685 3059 reete
703 3032 833 3060 monet
853 3025 1005 3061 Marius.

145 3080 173 3106 1.
197 3067 360 3117 Aufim.]
386 3069 458 3105 Pro
474 3069 634 3105 auderem
649 3073 838 3120 antiquum
861 3075 908 3112 est
922 3103 932 3119 ‚
954 3074 1014 3112 sed
1034 3087 1111 3124 quo

8 3117 23 3159 3}
96 3124 210 3156 tamen
237 3119 494 3167 elegantissime
521 3130 618 3155 nunc
635 3121 783 3159 utimur.
798 3123 976 3163 Manius.
1003 3127 1113 3163 Anti-

96 3178 161 3215 que
179 3181 243 3218 pro
263 3169 421 3206 audeam.
449 3169 662 3206 Cromnos.
1039 3213 1043 3216 ι

0 3235 26 3267 *tw
94 3219 242 3313 prigiasi
279 3219 412 3271 quid.]
453 3219 515 3257 Sed
555 3218 641 3268 quid
685 3218 770 3290 duo·
797 3220 878 3260 libri
919 3225 957 3261 &
996 3224 1110 3264 editio

2076 2846 2202 2902 Non

1217 2986 1250 3021 ς.
1288 2980 1371 3010 Non
1394 2972 1450 3022 effi·
1478 2973 1570 3023 quod
1599 2972 1699 3023 odi.]
1745 2972 1854 3023 Odifflz
1884 2973 1974 3025 quod
2000 2972 2055 3010 odi
2084 2973 2199 3022 plures

1163 3023 1294 3072 scripti.
1321 3025 1404 3067 alii,
1434 3037 1501 3060 non
1523 3024 1617 3073 noffe.
1646 3025 1854 3062 Hmusrus.

1216 3078 1251 3112 6.
1278 3075 1382 3123 Qud
1398 3073 1546 3121 studeas.
1566 3075 1581 3123 ]
1619 3077 1719 3123 {Qae
1744 3076 1947 3112 Puteaneus
1977 3084 2061 3111 cum
2083 3072 2199 3119 prima

1167 3123 1330 3211 ‹Ie—ditione
1357 3126 1396 3162 &
1425 3137 1503 3163 uno
1528 3125 1723 3164 Vaticano.
1766 3129 1996 3175 anquam
2022 3120 2202 3160 Arondel.

1211 3187 1380 3211 EINSIUS.

1216 3235 1251 3270 7.
1279 3224 1343 3260 Ad
1361 3224 1454 3274 ma]
1485 3232 1527 3261 In
1543 3239 1597 3263 me
1614 3226 1800 3272 Junianus.
1826 3225 1976 3265 reditum
2005 3221 2080 3259 dixi
2100 3220 2202 3269 supra

1166 3274 1230 3313 lib.
1252 3285 1282 3313 1.
1299 3274 1401 3323 Eleg.
1423 3287 1453 3313 1.
1474 3276 1686 3314 Hemsws.

2036 3320 2072 3361 8.
2099 3321 2211 3369 Aufe0
