2553 3676
711 148 1350 205 HEROIDES
1424 172 1518 208 Ep.

389 237 593 293 Interea
614 234 837 306 patum,
874 232 1025 287 vultu
1048 247 1353 301 moerente,
1388 236 1587 294 satelles

458 307 650 366 Venit,
689 303 744 357 δε
768 304 1015 375 indignos
1041 306 1212 360 edidit
1238 326 1332 361 ore
1355 310 1537 365 sonos:

280 398 343 450 95
382 378 581 434 Aeolus
603 375 744 429 hunc
771 376 947 430 ensem
970 378 1134 432 mittit
1160 378 1280 433 tibi:

454 447 527 501 Et
545 447 694 518 jubet
723 467 790 502 ex
814 449 1008 503 merito
1031 450 1190 514 scire,
1229 452 1360 524 quid
1384 452 1477 506 iste
1500 456 1642 510 velit.

382 520 614 580 Scimus3
657 519 710 572 &
734 533 947 575 utemur
970 523 1208 577 violento
1233 524 1445 578 fortiter
1469 526 1615 580 ense:

452 591 760 646 Pecloribus
786 594 1016 648 condam
1041 595 1180 649 dona
1204 609 1420 668 paterna
1442 599 1589 652 meis.

379 663 485 718 His
508 682 625 718 mea
647 666 977 730 muner-ihm,
1014 668 1254 738 genitor,
1292 669 1557 724 connubia
1583 670 1780 725 donas?

238 754 339 792 100

447 734 570 789 Hac
596 749 683 790 tua
708 737 864 801 dote,
902 751 1077 810 pater,
1119 741 1222 795 filia
1246 742 1393 797 dives
1419 743 1550 797 erit?

380 807 542 880 Tolle
566 811 752 880 procul
776 811 1003 882 decepte
1027 813 1192 876 faceS‚
1233 813 1578 889 Hymenaee,
1615 818 1854 871 maritas:

447 879 520 933 Et
546 882 672 952 fuge
701 882 913 936 turbato
937 883 1072 938 tecta
1095 885 1320 939 nefanda
1344 888 1498 957 pede.

377 951 536 1006 Ferte
560 954 699 1007 faces
722 955 778 1007 in
799 973 914 1018 me,
951 974 1078 1028 quas
1102 957 1275 1022 fertis,
1310 957 1572 1032 Erinnyes
1596 972 1767 1024 atrae,

446 1024 522 1077 Ut
548 1043 696 1079 meus
722 1044 790 1081 ex
812 1027 910 1080 isto
934 1029 1106 1083 luceat
1129 1030 1253 1100 igne
1277 1050 1454 1103 rogus,

230 1111 330 1163 105
367 1096 570 1151 Nubite
597 1098 805 1162 feliceS‚
843 1099 1006 1154 Parca
1032 1102 1280 1166 meliore,
1315 1105 1546 1160 sorores:

444 1169 676 1223 Admissi
699 1190 966 1226 memores
989 1173 1080 1228 sed
1110 1188 1288 1229 tamen
1318 1178 1423 1230 este
1449 1179 1571 1232 mei.

372 1241 523 1315 Quid
550 1259 680 1314 puer
704 1244 934 1308 admisit,
974 1258 1082 1299 tam
1106 1249 1284 1318 paucis
1312 1250 1484 1303 editus
1509 1250 1678 1306 horis:

441 1314 570 1386 Quo
597 1315 736 1369 laesit
760 1315 926 1380 fado,
965 1318 1057 1372 vix
1080 1319 1214 1373 bene
1239 1333 1417 1384 natm,
1456 1325 1643 1377 avum?

364 1385 418 1440 Si
446 1387 623 1458 potuit
646 1388 888 1443 meruiffe
913 1408 1130 1454 necem,

427 1459 518 1514 Ah
542 1460 696 1515 miser
723 1461 942 1518 admiffo
966 1463 1215 1537 plectitur
1243 1465 1328 1521 ille
1353 1469 1503 1523 meo!

221 1472 320 1512 110

0 1669 1 1715 i
73 1675 158 1714 261.
185 1679 248 1727 qui
264 1677 378 1726 poffet
398 1679 580 1729 vulgatam
601 1681 707 1730 hujus
726 1680 799 1719 loci
816 1680 1027 1730 scripturam
1047 1681 1111 1721 ad-

75 1726 208 1764 struere
227 1728 361 1765 videri:

71 1792 76 1799 =
124 1781 195 1812 Nec
210 1777 388 1813 dominam
398 1778 498 1826 jubeo
510 1780 649 1828 pretiofh
669 1794 807 1818 munere
825 1782 936 1818 dones.

71 1823 142 1863 Sed
172 1827 209 1863 in
238 1828 466 1864 Menteliano
498 1839 572 1866 erat
601 1830 688 1865 dites
709 1859 718 1873 ,
758 1834 900 1879 egregia
920 1833 1003 1869 sane
1023 1861 1032 1877 ‚
1070 1834 1110 1871 &
1164 1848 1166 1850 ·

73 1885 156 1914 vera
174 1875 334 1914 lectione
349 1905 358 1921 ‚
387 1877 431 1914 de
451 1890 523 1926 qua
542 1879 590 1915 ibi
608 1891 768 1927 agemus.
796 1882 1055 1919 BuRMANNus.

125 1938 205 1964 101.
233 1927 323 1963 Tolle
346 1929 460 1976 procul
486 1929 658 1978 decepta]
697 1930 785 1966 HOC
814 1930 862 1967 est
884 1959 893 1974 ‚
932 1933 988 1968 abi
1020 1933 1108 1972 hinc

72 1975 292 2025 Hymenaee
311 1978 461 2027 decepte
475 2007 484 2021 ‚
513 1980 550 2017 id
572 1980 619 2016 est
639 1981 704 2028 qui
719 1990 896 2029 tanquam
919 1981 964 2018 ad
984 1983 1108 2021 felices

71 2028 214 2075 nuptias
244 2040 391 2066 veneras
423 2041 506 2066 cum
532 2031 623 2074 tuis,
648 2032 722 2067 hoc
751 2033 799 2067 est
831 2032 1048 2080 nuptialibus
1069 2035 1108 2071 &

70 2077 232 2115 felicibus
258 2079 391 2122 taedis,
420 2081 456 2116 ὃς
486 2080 677 2118 succedant
704 2081 884 2129 Erinnyes
911 2094 997 2119 cum
1025 2085 1108 2121 atris

72 2127 112 2163 &
141 2128 302 2165 feralibus
329 2130 492 2174 facibus,
526 2132 704 2179 quoniam
732 2131 794 2168 hie
821 2133 914 2169 circa
943 2142 1106 2172 mortem

73 2177 111 2213 &
130 2178 236 2215 funus
257 2179 459 2217 laboramus
481 2209 490 2225 ,
527 2193 603 2218 non
634 2182 724 2218 circa
754 2183 896 2230 nuptias
917 2211 926 2225 ‚
963 2192 1025 2221 aut
1052 2197 1105 2222 res

69 2227 202 2265 felices.
232 2230 453 2268 chrtrus.
484 2231 573 2268 ‘Iolle
585 2241 700 2280 precor
718 2233 968 2270 Mentelianus
997 2236 1106 2282 prior.

74 2276 280 2317 Hzmsxus.

124 2340 205 2378 103.
232 2331 391 2381 Atrae.]
421 2331 575 2369 Mallem
605 2342 723 2376 atras,
750 2342 790 2371 ut
817 2334 985 2381 infaustas
1015 2334 1107 2374 dixit

73 2376 141 2427 Ep.
161 2392 212 2416 vx.
233 2382 289 2426 46.
317 2384 354 2418 &c
382 2383 527 2431 Stygias.
553 2383 635 2420 Val.
666 2385 758 2421 Flac.
779 2398 825 2421 11.
853 2396 931 2433 173.
960 2387 999 2422 δε
1019 2387 1105 2424 Stat.

72 2440 124 2467 IV.
151 2430 270 2468 Theb.
297 2444 377 2480 133.
402 2434 588 2470 Furiarum
617 2433 775 2483 lampade
803 2434 910 2481 niqra.
940 2436 1106 2481 &facem

71 2488 187 2516 atram
207 2483 378 2530 Virgilius
399 2495 549 2532 quoque
571 2484 659 2521 dixit
678 2497 710 2521 x.
726 2485 871 2522 Aeneid
886 2497 952 2531 .77.
965 2487 1106 2524 Lucan.

74 2540 128 2567 11.
142 2541 224 2578 301.
243 2531 365 2570 Furias
385 2540 508 2570 tamen
529 2534 614 2582 ipsas
634 2537 805 2579 μελπινέις
818 2543 928 2572 vocat
938 2535 1107 2585 Aeschyl.

71 2579 267 2628 Agamem.
294 2595 378 2629 470.
405 2595 482 2633 quo
506 2584 631 2622 alludit
663 2586 796 2622 Cicero
823 2586 861 2622 in
896 2586 1020 2624 Vatin.
1051 2598 1106 2636 13.

71 2629 329 2669 BuRMANNus.

127 2693 206 2730 105.
233 2683 401 2734 Nubite]
431 2685 647 2734 Simpliciter
675 2686 929 2734 accipiendum
954 2687 1002 2724 est
1025 2700 1106 2725 ver-

14 2770 15 2783 *
72 2728 183 2774 burn,
211 2733 336 2771 nubite.
364 2747 439 2772 non
468 2745 504 2772 ut
527 2736 571 2774 de
590 2738 753 2774 fratribus
774 2740 810 2774 E<
830 2737 1009 2776 sororibus
1026 2746 1107 2776 tan-

14 2786 15 2792 *
73 2788 153 2816 tum
185 2781 274 2819 inter
298 2784 331 2820 se
361 2786 537 2823 nubendis
564 2788 803 2836 intelligatur,
829 2797 869 2825 ut
891 2789 1042 2837 quidam
1062 2801 1107 2827 ex

74 2836 421 2872 commentatoribus
441 2838 605 2884 exponit.
633 2839 850 2874 Mrcrttus.

16 2886 17 2891 ’
130 2881 209 2917 ¹06.
236 2882 382 2930 Admiffi
410 2887 513 2935 nuh]
545 2888 696 2936 Amiffae
717 2889 783 2923 mei
808 2889 1037 2932 Puteaneus‚
1067 2889 1105 2925 &

16 2933 17 2943 ¹
73 2931 185 2968 etiam
214 2931 249 2966 in
280 2932 352 2968 aliis
381 2937 594 2982 quibusdam
619 2938 728 2975 exstat
749 2938 959 2982 codicibus,
989 2941 1026 2975 &
1051 2939 1106 2975 vi-

72 2980 178 3018 detur
198 2981 347 3028 probare
364 2985 408 3019 ad
427 2986 583 3024 Senecae
600 2988 776 3025 Medeam
796 2989 1107 3037 Gronov.v.555.

17 3038 19 3043 ⁴
74 3042 141 3080 pro
173 3037 282 3066 Parca
310 3030 442 3067 meliore
460 3035 630 3082 superiori
650 3039 752 3075 versu
767 3067 776 3081 ‚
803 3039 891 3076 alter
913 3040 1106 3076 mentelia-

73 3091 140 3119 nus
161 3081 337 3118 diversam
355 3081 552 3121 lectionem
569 3087 787 3126 interlineas
808 3090 999 3127 exhibebat
1013 3118 1023 3134 ‚
1050 3089 1108 3126 vel

72 3138 177 3179 pauco
200 3131 333 3167 meliore
346 3146 355 3173 ;
388 3132 480 3168 forte
504 3137 599 3181 paflo
615 3137 757 3175 meliore.
785 3140 887 3188 quod
905 3152 951 3177 ex
972 3141 1109 3178 Tacito

78 3181 203 3228 probat
223 3181 436 3218 Gebhardus
455 3183 649 3231 lib.vi.45.
671 3191 770 3223 Patro
791 3190 1014 3226 matrimonii·
1029 3191 1114 3227 vin-

10 3256 21 3259 -
80 3230 156 3275 (ire.
183 3232 396 3271 Hismarus.
424 3232 527 3270 Nihil
554 3235 781 3274 mutandum.
808 3239 908 3277 idem
939 3242 1038 3279 enim
1065 3240 1116 3279 est
1170 3241 1361 3278 nmatione
1382 3238 1446 3288 ipsi
1467 3237 1587 3279 missus
1605 3235 1723 3274 fniffet
1743 3235 1763 3272 a
1790 3235 1955 3272 Plutone.
1982 3231 2167 3269 ssunmm.

1592 178 1625 211 x
1637 180 1673 214 1.
2123 174 2150 215 .1
2162 172 2192 223 5
2204 176 2220 217 3

1324 383 1346 449 (
1358 382 1577 437 tradidit
1602 384 1812 454 ensem)

1171 1393 1413 1446 meruiffe
1438 1408 1676 1464 putetur.

2046 1540 2183 1596 Nate
2193 1590 2209 1615 ,

1164 1696 1207 1721 ac
1236 1686 1312 1725 fato
1343 1688 1522 1734 meliore,
1550 1687 1588 1726 id
1618 1687 1666 1726 est
1690 1687 1854 1726 feliciore
1882 1684 1921 1723 &
1946 1685 2061 1734 magis
2080 1685 2208 1724 fausto.

1165 1735 1286 1776 Valer.
1310 1739 1405 1776 Flac.
1428 1752 1473 1776 11.
1498 1752 1579 1787 152.

1468 1810 1537 1839 Hos
1554 1804 1639 1840 tales
1648 1805 1772 1851 forsan
1782 1801 1933 1850 solabere
1952 1801 2047 1849 cafits

1218 1860 1269 1891 Tu
1286 1854 1455 1892 thalamis
1467 1882 1478 1900 ‚
1499 1856 1645 1904 fatoque
1661 1854 1743 1903 leges
1761 1852 1895 1890 meliore
1906 1861 2059 1902 penates.

1165 1915 1213 1953 Et
1235 1930 1286 1956 vr.
1310 1920 1370 1966 84.

1219 1988 1407 2021 Venturam
1425 1985 1507 2021 coelo
1515 1985 1608 2032 fatis
1628 1984 1824 2022 melioribus
1841 1987 1949 2033 Argo-

1165 2042 1223 2080 Sic
1241 2046 1391 2083 meliores
1414 2047 1480 2083 Dei
1500 2048 1621 2085 eidem
1644 2048 1703 2085 lib.
1722 2061 1776 2085 Vl.
1796 2048 1879 2093 676.
1903 2048 1939 2084 δε
1960 2045 2083 2094 paffim
2104 2043 2206 2088 aliis,‘

1163 2105 1230 2141 pro
1253 2099 1364 2144 inagis
1393 2099 1595 2136 faventibus
1625 2100 1661 2135 ἃ
1691 2098 1916 2135 fauffioribus
1963 2096 2086 2133 similis
2115 2106 2203 2133 vero

1164 2144 1211 2181 est
1230 2145 1406 2184 sententia
1427 2148 1496 2184 istis
1515 2150 1692 2197 Propertii
1710 2149 1770 2186 lib.
1792 2161 1839 2184 111
1874 2148 1976 2195 Eleg.
1998 2158 2091 2183 xvn.
2114 2157 2172 2193 ις.

1216 2219 1271 2249 At
1289 2228 1349 2250 vos
1362 2242 1371 2257 ‚
1391 2213 1555 2263 innuptae
1568 2244 1576 2260 ‚
1589 2213 1728 2261 felicius
1746 2213 1835 2249 urite
1854 2212 1984 2249 taedas.

1166 2275 1243 2312 Bur<
1253 2286 1425 2312 MANNUS.

1219 2346 1298 2381 107.
1328 2335 1427 2383 (Qud
1448 2344 1533 2384 puer
1559 2332 1736 2384 admifit.]
1768 2334 1958 2372 Tralatitia
1979 2331 2202 2386 declamato-

1160 2396 1242 2421 rum
1273 2389 1310 2422 &
1342 2388 1541 2423 Poetarum
1571 2387 1608 2422 in
1641 2385 1832 2422 excitanda
1864 2381 2101 2437 misericordia
2122 2381 2202 2417 sen-

1159 2436 1284 2473 tentia.
1312 2435 1357 2472 de
1378 2448 1450 2485 qua
1471 2436 1544 2472 vid.
1567 2436 1759 2472 Lutatium
1782 2437 1819 2471 ὃς
1841 2435 1946 2471 Barth
1979 2432 2021 2468 ad
2043 2432 2129 2486 Stat.
2154 2443 2202 2467 11.

1162 2484 1284 2522 Theb.
1308 2497 1391 2534 305.
1414 2489 1451 2523 ὃς
1471 2487 1530 2522 hic
1547 2497 1698 2533 quoque
1720 2485 1858 2520 Moreti
1882 2483 1997 2519 codex
2018 2481 2199 2536 prodttus,

1163 2547 1239 2584 quo
1259 2537 1372 2572 verbo
1391 2536 1493 2584 saepe
1519 2536 1563 2572 de
1584 2543 1685 2582 partu
1710 2534 1840 2570 Noster
1866 2534 1999 2574 utitur,
2030 2532 2068 2567 ὃς
2097 2542 2198 2577 cujus

1160 2585 1287 2623 locum
1306 2586 1416 2622 editus
1435 2586 1537 2634 saepe
1558 2584 1762 2631 occupavit.
1790 2582 1862 2618 vid.
1884 2594 1916 2617 v.
1940 2583 2094 2636 Metam.
2116 2592 2201 2636 5173

1161 2648 1215 2673 vi.
1246 2636 1303 2673 81.
1333 2638 1370 2673 &
1402 2636 1496 2673 alibi.
1524 2637 1597 2672 hoc
1623 2645 1773 2683 quoque
1798 2633 1971 2680 exemplo
1992 2640 2043 2668 uti
2063 2635 2201 2690 potuil-

1161 2686 1211 2724 set
1231 2687 1349 2724 editor
1369 2699 1526 2734 nuperus
1547 2685 1701 2722 Minucii
1723 2683 1849 2720 Felicis
1864 2711 1872 2726 ,
1895 2683 1957 2720 ubi
1977 2681 2021 2718 de
2042 2681 2200 2736 additi-O-

1161 2748 1209 2774 ne
1230 2738 1287 2774 vel
1305 2738 1530 2775 den-afflone
1552 2738 1612 2773 τοῦ
1629 2744 1819 2783 paucarum
1833 2762 1841 2775 ,
1862 2733 1947 2770 voci
1965 2733 2130 2787 horarum
2150 2740 2199 2769 ita

1163 2788 1492 2836 paratragoediatur
1515 2815 1523 2830 ,
1564 2787 1600 2822 &
1621 2785 1739 2821 insana
1759 2796 1854 2821 voce
1876 2781 2040 2820 defuncti
2060 2782 2200 2818 Brouk-

1160 2837 1251 2874 husii
1282 2850 1407 2875 manes
1441 2838 1572 2874 lacerat
1593 2864 1602 2878 ‚
1637 2844 1677 2872 ut
1708 2836 1781 2872 hoc
1818 2835 1930 2871 unico
1956 2841 2200 2880 argument0‚

1161 2887 1263 2936 quod
1291 2889 1391 2925 ausus
1416 2888 1523 2924 fuerit
1550 2886 1721 2923 Minucio
1741 2883 1872 2921 addere
1894 2884 2043 2939 unicam
2062 2893 2195 2918 vocem

1161 2937 1317 2987 aliquot,
1346 2938 1501 2975 insaniae
1532 2949 1609 2973 non
1630 2935 1746 2973 modo
1770 2935 1929 2971 militaris
1952 2938 2131 2987 speciem:
2157 2932 2195 2967 ὃ(

1161 2989 1293 3025 turbati
1322 3000 1367 3024 ex
1394 2988 1545 3024 vulnere
1565 3015 1575 3030 ,
1603 2985 1705 3035 quod
1735 2994 1859 3022 tamen
1890 2986 1927 3021 in
1956 2984 2196 3042 honestillnna

1162 3038 1314 3075 statione
1330 3046 1536 3086 acceperat,
1566 3036 1701 3073 cerebri
1719 3044 1864 3084 arguat,
1892 3034 1950 3071 sed
1970 3033 2070 3087 quod
2091 3034 2197 3086 91111-

1162 3088 1276 3125 stiano
1314 3090 1395 3126 viro
1430 3090 1620 3126 horrorem
1657 3087 1838 3129 incutiat,
1875 3096 1960 3120 eum
1988 3082 2030 3118 ad
2060 3084 2197 3117 interos

1167 3138 1308 3184 abiiffe,
1331 3134 1527 3176 temerario
1549 3138 1690 3187 judicio
1718 3135 1910 3188 adfirmet.
1936 3135 2034 3187 quali
2063 3142 2106 3185 exj
2135 3141 2199 3177 gc-

1169 3190 1290 3226 henna
1319 3191 1466 3226 nuntius
1494 3198 1569 3225 tnin
1596 3188 1709 3224 laetus
1737 3186 1781 3222 de
1806 3185 1944 3221 inimici
1973 3181 2107 3217 infelici
2137 3180 2201 3216 da-

1641 3286 1678 3322 V
2034 3293 2113 3320 111.
2140 3287 2210 3317 Ra-
