2553 3676
306 155 419 246 534
799 170 1351 229 P.OV1D11

1418 170 1946 229 NASONIS

456 280 557 334 445·
596 258 702 318 Fac
727 262 912 316 timeat
938 261 1009 315 de
1035 273 1118 324 te,
1155 258 1503 333 tepidamque
1528 259 1788 319 recalface
1817 276 2085 320 mentem:

673 335 874 390 Palleat
900 333 1103 389 indicio
1128 332 1363 392 criminis
1397 334 1481 388 illa
1509 334 1603 388 tui.

603 411 657 465 O
681 422 900 484 quater,
939 407 994 463 &
1017 408 1229 480 quoties
1253 425 1482 461 numero
1504 408 1898 480 comprendere
1923 429 2033 467 non
2058 410 2137 467 est

675 483 941 545 Felicem,
977 481 1048 536 de
1073 499 1184 554 quo
1210 480 1340 534 laesa
1362 479 1535 551 puella
1563 480 1740 536 dolet!

2140 451 2162 477 -2

602 557 790 630 Quae,
825 555 974 610 fimul
998 555 1188 609 invitas
1217 553 1424 605 crimen
1448 553 1694 622 pervenit
1719 556 1786 609 ad
1809 575 1959 612 aures
1975 600 1992 623 ‚

456 646 562 698 450
674 629 926 691 Excidit3
970 629 1026 681 ἅτ
1053 627 1273 680 miserae
1298 641 1518 696 voxque
1544 625 1804 699 colorque
1827 629 1980 702 fugit.

600 703 690 758 Ille
714 721 819 775 ego
846 703 970 765 sim,
1008 698 1156 769 cujus
1182 696 1342 751 laniet
1367 696 1563 751 furiosa
1589 698 1832 770 capillos:
1930 710 1933 714 “

675 777 764 831 Ille
794 793 898 846 ego
921 774 1045 836 fim,
1083 786 1292 825 teneras
1318 772 1405 825 cui
1430 783 1577 843 petat
1600 788 1781 843 ungue
1807 790 1994 844 genas:

593 851 784 923 ’Quem
812 847 993 902 videat
1017 845 1321 899 lacrimans:
1365 862 1529 917 quem
1556 846 1722 900 torvis
1747 846 1947 918 spectet
1973 851 2176 910 ocellis:

675 923 806 995 Quo
830 920 939 976 fine
961 937 1073 975 non
1096 917 1257 991 poffit
1282 917 1495 982 vivere;
1533 916 1679 989 poffe
1704 921 1848 975 velit.

458 1011 557 1066 455
598 996 653 1052 Si
676 996 904 1068 spatium
928 996 1180 1067 quaera8'3
1221 989 1384 1044 breve
1410 990 1498 1054 fit,
1535 1008 1647 1064 quo
1673 992 1803 1048 laesa
1826 1008 2108 1068 queratur:

674 1070 761 1124 Ne
786 1069 929 1124 lenta
958 1067 1097 1121 vires
1123 1063 1342 1135 colligat
1368 1064 1445 1118 ira
1471 1067 1640 1119 mora.

596 1142 850 1198 *Candida
867 1138 1189 1213 jamdudum
1213 1138 1498 1208 cingantur
1523 1139 1659 1193 colla
1684 1140 1925 1197 lacertis:

674 1216 841 1287 Inque
867 1228 988 1268 tuos
1011 1212 1147 1267 flens
1173 1210 1248 1265 est
1271 1211 1584 1283 accipienda
1610 1212 1764 1268 sinus,

598 1288 797 1344 Oscula
822 1287 889 1342 da
912 1286 1093 1341 flenti:
1135 1283 1372 1340 Veneris
1400 1284 1467 1338 da
1492 1286 1683 1356 gaudia
1708 1287 1879 1344 flenti.

457 1364 562 1429 460

676 1363 788 1416 Pax
811 1363 939 1417 erit:
980 1361 1086 1415 hoc
1113 1375 1222 1412 uno
1246 1357 1467 1413 solvitur
1493 1359 1570 1412 ira
1595 1361 1781 1415 modo,

600 1435 747 1490 Cum
771 1436 909 1490 bene
934 1433 1206 1495 saevierit,
1245 1449 1371 1486 cum
1399 1443 1547 1489 certa
1571 1432 1845 1490 videbitur
1871 1435 2064 1501 hosti33

676 1509 829 1563 Tum
852 1520 978 1581 pete
1004 1505 1324 1561 concubitus
1353 1503 1607 1560 foedera:
1649 1508 1791 1563 mitis
1818 1510 1936 1566 erit.

600 1581 710 1637 Illic
734 1581 985 1655 depositis
1009 1579 1209 1635 habitat
1235 1578 1552 1633 Concordia
1583 1580 1725 1635 telis:

670 1656 768 1715 ,Illo
795 1659 816 1726 ζ
831 1654 996 1717 crede
1022 1654 1188 1724 mihi)
1227 1652 1416 1707 Gratia
1439 1665 1561 1707 nata
1585 1653 1710 1708 loco
1735 1654 1825 1711 est,

354 1860 443 1907 [447.
471 1865 501 1897 Ο
531 1869 708 1912 quantum
741 1860 784 1898 ἐφ’
807 1857 938 1907 quoties
964 1871 1105 1897 numero
1129 1858 1362 1909 comprendere

296 1924 378 1954 ¹⁴saon
398 1911 463 1960 est,
492 1913 632 1949 Felicem
644 1912 688 1961 !]
720 1916 749 1946 O
768 1920 893 1960 quater
918 1912 1056 1960 Regius
1088 1923 1173 1949 cuin
1202 1919 1363 1961 quatuor

296 1964 398 2007 baliis.
425 1962 534 2001 τεᾶς.
562 1964 638 2002 dixi
664 1964 710 2001 de
738 1962 813 1999 hoc
843 1961 930 1999 loco
960 1963 1061 2011 supra
1081 1962 1139 2005 36'3.
1158 1962 1218 2000 28.
1246 1959 1364 2012 posset

308 2015 350 2051 &
373 2014 470 2064 legi,
500 2019 563 2052 Ter
584 2024 719 2064 quater.
746 2021 786 2050 ut
807 2012 914 2051 Pont.
932 2013 993 2052 lib.
1012 2027 1066 2052 xv.
1089 2014 1210 2052 El.1x.

361 2080 425 2112 Ter
447 2086 571 2127 quater
589 2076 724 2127 imperii
741 2075 852 2112 laetus
871 2075 994 2112 honore
1016 2076 1084 2115 tui.

301 2137 442 2188 virgil.
472 2138 489 2175 ὁ
508 2150 625 2191 terque
642 2150 830 2190 quaterque
852 2138 971 2176 beati!
985 2140 1116 2178 Horat.
1125 2139 1244 2188 felices
1260 2146 1366 2180 ter&

297 2190 472 2239 amptius.
505 2190 567 2230 sed
601 2193 653 2229 nil
687 2200 830 2229 temere
861 2191 1097 2249 mutandum.
1150 2192 1366 2230 Hamus.

309 2241 422 2278 Certe
447 2242 593 2280 Gratius
615 2244 758 2292 Cyneg.
778 2253 862 2291 320.

305 2345 308 2349 ᾗ
362 2306 393 2337 O
412 2312 611 2352 quantum,
640 2315 684 2346 (φ
703 2302 833 2353 quoties
853 2303 979 2341 decoris
987 2304 1165 2355 frustrata
1178 2304 1332 2356 paterni.

361 2364 446 2412 448.
474 2365 659 2416 Felicem]
688 2365 816 2410 Tibul.
837 2379 869 2405 1.
891 2380 943 2405 XI.
964 2369 1024 2415 64.

870 2434 1007 2482 Quatcr
1023 2435 1082 2472 ille
1100 2434 1238 2479 beatus,

364 2482 444 2531 Qo
463 2491 581 2521 tenera
597 2483 688 2522 irato
703 2483 786 2534 flere
799 2484 918 2534 puella
933 2486 1050 2535 potest.
1103 2487 1265 2525 Douzri.

361 2560 445 2597 450.
475 2554 612 2600 Voxque
631 2549 814 2598 colorque]
845 2549 1000 2588 Sarravii
1013 2551 1052 2589 &
1065 2559 1135 2589 tres
1155 2553 1216 2591 alii
1229 2581 1240 2599 ‚
1256 2565 1371 2591 mens·

312 2614 376 2648 que
399 2599 564 2650 colorque.
594 2608 634 2644 ut
657 2613 722 2637 111.
740 2601 835 2637 Met.
855 2613 917 2650 99.

366 2662 427 2698 Jlle
446 2662 507 2698 dia
524 2663 702 2712 pavidus,
725 2662 860 2713 pariter
881 2678 959 2703 cum
978 2676 1094 2704 mente
1111 2667 1254 2709 colorem

365 2713 583 2753 Perdiderat.

312 2772 389 2810 Ubi
416 2774 528 2811 etiam
549 2790 627 2812 cum
644 2789 726 2813 voce
744 2775 816 2814 alii.
838 2789 910 2819 ¹1111.
927 2778 1017 2821 Am.
1036 2793 1117 2820 xxv.
1138 2792 1198 2829 37.

369 2841 472 2872 Mens
483 2838 581 2885 sugit
600 2851 643 2878 ω’
662 2840 798 2877 morior.

308 2896 392 2934 Ubi
410 2896 484 2935 vid.
506 2898 633 2936 Hcins.
655 2901 722 2937 inf.
745 2913 805 2939 111.
828 2913 913 2952 730.

366 2961 414 2993 Et
442 2971 538 2995 mens
563 2971 606 2999 (φ’
630 2961 734 2998 rediit
763 2976 865 3000 verus
892 2965 932 3001 in
960 2980 1021 3004 ora
1050 2968 1149 3006 colon

317 3018 582 3059 BURMANNUS.

369 3083 453 3120 45¹·
484 3073 646 3124 Laniet.]
678 3075 802 3124 Rapiat
833 3077 909 3115 duo
939 3078 1051 3123 libri,
1084 3079 1188 3128 quod
1218 3079 1373 3118 furiosae

316 3133 395 3160 non
415 3124 512 3161 male
533 3126 720 3163 convenit.
741 3127 816 3164 vid.
836 3128 947 3176 Epist.
967 3142 1002 3166 x.
1026 3129 1079 3166 16.
1110 3131 1148 3166 &
1166 3129 1261 3167 alibi.
1281 3143 1374 3169 mox

317 3174 515 3213 Vomanus
538 3177 577 3217 ὅ(
600 3177 874 3227 Argentinenfis
889 3207 899 3223 ‚
936 3180 990 3216 cui
1004 3179 1094 3229 secet
1121 3195 1232 3230 ungue
1257 3194 1374 3231 genas.

319 3225 393 3262 vid.
416 3226 525 3275 Epist.
549 3240 585 3266 v.
606 3239 665 3275 72.
719 3229 987 3268 BonMANNus.

366 3288 452 3327 -453-
478 3280 594 3330 Qtem
627 3279 785 3335 torota]
824 3284 938 3332 Quem
964 3292 1088 3322 torvus
1106 3285 1233 3335 spefflet
1251 3285 1376 3339 ocellus

2316 1733 2471 1807 Quae

1416 1859 1555 1909 Regius
1586 1859 1624 1897 &
1653 1858 1766 1898 Palat.
1809 1857 1923 1896 ocutis*
1944 1872 2047 1912 que-m
2064 1859 2193 1911 spec‘iet
2218 1861 2353 1899 amaris
2386 1862 2475 1914 Ber&

1417 1912 1517 1949 nens.
1538 1910 1738 1960 excipienda
1762 1910 1838 1949 duo
1855 1910 1949 1948 libri.

1468 1961 1555 2011 458.
1585 1969 1693 2012 Inque
1710 1960 1809 2011 tum]
1840 1968 1926 2012 Tuos
1939 1960 2038 2013 finus
2055 1962 2185 2013 scripti.
2238 1965 2397 2006 Hfimm

1468 2015 1555 2060 460.
1579 2014 1736 2050 Solvitur
1752 2012 1838 2063 ira]
1868 2014 1961 2059 Vel,
1990 2014 2128 2052 tollitur
2146 2017 2294 2066 Regius.
2320 2018 2474 2068 quod&

1420 2066 1460 2103 in
1479 2065 1556 2102 aliis
1575 2065 1764 2104 nonnullis
1787 2067 1960 2103 occurrit.
1989 2067 2202 2106 Hfimsxus.
2240 2070 2278 2106 δε
2300 2069 2471 2112 dolorem

1420 2117 1471 2155 ita
1487 2116 1568 2154 tolli
1588 2115 1700 2155 docet
1721 2116 1808 2154 Stat.
1830 2129 1877 2154 11.
1898 2116 2022 2155 Theb.
2045 2129 2130 2168 353.

1664 2214 1673 2217 ,
1836 2187 1868 2218 T
1865 2195 2072 2235 merumque
2097 2184 2247 2223 dolorem

1475 2231 1640 2281 Conjugis
1659 2232 1823 2282 amplexu
1836 2233 1976 2281 fhlatur
1988 2263 1998 2279 ,
2026 2247 2070 2275 <f
2089 2237 2201 2285 oscula
2218 2237 2347 2287 moestis

1477 2282 1689 2332 Tempestiva
1706 2285 1800 2332 genis
1809 2285 1942 2334 posuit,
1969 2285 2199 2339 lacrimasque
2219 2288 2372 2339 repreffit.

1473 2343 1559 2393 463.
1586 2343 1786 2395 Depofitis.]
1817 2345 2015 2396 Compofitis
2034 2348 2175 2386 Moreti
2192 2349 2420 2399 ,eleganterz
2439 2351 2478 2389 in

1418 2394 1593 2443 *pharetra
1613 2395 1750 2435 scilicet
1777 2425 1788 2441 ‚
1816 2398 1877 2434 vel
1896 2397 1970 2435 alio
1990 2399 2209 2448 repositorio
2229 2428 2240 2444 ,
2276 2413 2354 2450 quo
2379 2411 2477 2439 tem-

1426 2457 1518 2494 pore
1540 2447 1637 2495 pacis
1667 2448 1870 2498 quiescunt.
1898 2458 2088 2498 componere
2108 2451 2208 2488 enim
2228 2449 2298 2489 effe
2315 2464 2393 2490 rem
2412 2453 2476 2490 suo

1426 2497 1514 2534 loco
1536 2507 1621 2546 apte
1641 2511 1781 2548 ponere
1796 2527 1807 2544 ,
1835 2499 2033 2538 docuimus
2053 2502 2128 2550 sup.
2153 2514 2184 2540 1.
2206 2514 2284 2551 155.
2321 2503 2369 2540 fic
2388 2516 2477 2540 com-

1418 2557 1541 2598 ponere
1561 2548 1663 2587 libros
1683 2552 1720 2588 in
1742 2551 1966 2590 bibliotheca
1982 2552 2045 2590 lib.
2068 2566 2095 2590 1.
2114 2553 2222 2591 Pont.
2240 2565 2267 2590 1.
2290 2565 2346 2591 11.
2373 2553 2478 2603 quod

1425 2601 1620 2649 Propertio
1641 2602 1799 2641 reddidit
1815 2603 1876 2640 lib.
1898 2616 1929 2641 1.
1950 2603 2119 2652 Eleg.1x.
2143 2616 2200 2653 13.
2217 2603 2478 2648 Broukhufius.

1427 2663 1495 2700 pro
1515 2651 1674 2701 deponere
1687 2682 1697 2699 ‚
1724 2654 1786 2692 ubi
1808 2655 1953 2703 egregia
1966 2655 2138 2702 exempla
2157 2655 2365 2693 adducit.&
2378 2655 2482 2707 quod⁴

1429 2703 1595 2741 maxime
1617 2707 1691 2743 huc
1712 2706 1800 2743 facit
1819 2717 1866 2742 ex
1884 2706 2048 2743 Horatio
2068 2705 2129 2743 lib.
2148 2718 2205 2745 1v.
2222 2706 2300 2746 Od.
2319 2719 2374 2755 14.

1484 2770 1528 2802 Te
1548 2767 1645 2804 caede
1660 2767 1849 2817 gaudentes
1867 2766 2039 2804 Sicambri

1532 2818 1731 2869 Compositis
1752 2829 1968 2857 venerantur
1984 2820 2106 2858 armis.

1431 2879 1531 2918 Vide
1551 2883 1663 2920 etiam
1684 2882 1730 2920 ad
1753 2883 1901 2920 Petron.
1921 2894 2022 2921 xcnc.
2076 2883 2339 2924 Bumimius.

1481 2934 1565 2979 464.
1595 2933 1657 2970 Illo
1677 2933 1770 2970 crede
1790 2933 1880 2970 mihi
1890 2935 2018 2971 Gratia
2042 2945 2129 2970 nata
2152 2942 2219 2972 loco
2241 2937 2314 2987 effi]
2343 2935 2478 2983 Junbiae

1429 2989 1500 3020 tres
1520 2983 1651 3032 scripti.
1682 2984 1881 3034 quomodo
1901 2986 1940 3021 &
1969 2985 2254 3026 Arondelianus.
2282 2988 2393 3026 Unde
2412 2989 2479 3025 Pe-

1429 3041 1503 3071 trus
1547 3035 1770 3079 Scriverius,
1810 3035 2035 3083 approbante
2077 3037 2114 3075 in
2156 3039 2479 3078 Observationibus

1430 3084 1632 3121 Gronovio
1650 3085 1710 3122 lib.
1733 3099 1794 3123 111.
1813 3097 1891 3133 cap.
1911 3099 1971 3124 21.

1481 3133 1559 3170 Illic
1574 3163 1584 3179 ‚
1613 3136 1706 3172 crede
1723 3136 1813 3173 mihi
1826 3166 1835 3181 ‚
1852 3138 1981 3174 Gratia
1998 3139 2124 3188 junffla
2144 3139 2210 3177 loco
2233 3141 2287 3188 est.
2334 3141 2480 3179 szms.

1482 3185 1567 3231 466.
1591 3188 1756 3235 Qarum
1776 3187 2000 3239 blanditias]
2023 3191 2224 3228 Blanditiae
2241 3192 2386 3241 Regius.
2404 3203 2482 3226 ver-

1431 3234 1542 3285 baque
1568 3238 1692 3275 vultus
1724 3240 1891 3279 Sarravii.
1927 3241 2057 3278 habent
2087 3254 2239 3292 quoque
2266 3243 2325 3280 sex
2352 3240 2480 3288 scripti.

1431 3287 1618 3330 obscurior
1638 3289 1777 3343 sensim
1798 3291 1859 3336 sed
1872 3301 1971 3348 ⁴puto
1991 3293 2178 3347 vulgatam
2189 3295 2238 3334 ita
2257 3290 2481 3346 capiendamz

2398 3352 2489 3390 <luat
