<?xml version="1.0" encoding="UTF-8"?>
<!DOCTYPE html PUBLIC "-//W3C//DTD XHTML 1.0 Transitional//EN"
    "http://www.w3.org/TR/xhtml1/DTD/xhtml1-transitional.dtd">
<html xmlns="http://www.w3.org/1999/xhtml" xml:lang="en" lang="en">
 <head>
  <title>
</title>
<meta http-equiv="Content-Type" content="text/html;charset=utf-8" />
  <meta name='ocr-system' content='tesseract 3.04.00' />
  <meta name='ocr-capabilities' content='ocr_page ocr_carea ocr_par ocr_line ocrx_word'/>
</head>
<body>
  <div class='ocr_page' id='page_1' title='image "./publiiovidiinaso01ovid_0055.png"; bbox 0 0 2553 3676; ppageno 0'>
   <div class='ocr_carea' id='block_1_1' title="bbox 740 175 1399 235">
    <p class='ocr_par' dir='ltr' id='par_1_1' title="bbox 740 175 1399 235">
     <span class='ocr_line' id='line_1_1' title="bbox 740 175 1399 235; baseline 0.003 -2"><span class='ocrx_word' id='word_1_1' title='bbox 740 175 1399 235; x_wconf 89' lang='lat' dir='ltr'>HEROIDES.</span> 
     </span>
    </p>
   </div>
   <div class='ocr_carea' id='block_1_2' title="bbox 1474 201 2261 259">
    <p class='ocr_par' dir='ltr' id='par_1_2' title="bbox 1474 201 2261 259">
     <span class='ocr_line' id='line_1_2' title="bbox 1474 201 2261 259; baseline 0.009 -22"><span class='ocrx_word' id='word_1_2' title='bbox 1474 201 1505 237; x_wconf 85' lang='lat' dir='ltr'><strong>E</strong></span> <span class='ocrx_word' id='word_1_3' title='bbox 1542 203 1585 238; x_wconf 84' lang='lat'>1².</span> <span class='ocrx_word' id='word_1_4' title='bbox 1660 206 1716 243; x_wconf 88' lang='lat'>11.</span> <span class='ocrx_word' id='word_1_5' title='bbox 2187 208 2261 259; x_wconf 90' lang='lat'>27</span> 
     </span>
    </p>
   </div>
   <div class='ocr_carea' id='block_1_3' title="bbox 273 268 1880 927">
    <p class='ocr_par' dir='ltr' id='par_1_3' title="bbox 414 268 1739 417">
     <span class='ocr_line' id='line_1_3' title="bbox 414 268 1739 341; baseline 0.003 -13"><span class='ocrx_word' id='word_1_6' title='bbox 414 274 506 334; x_wconf 86' lang='lat' dir='ltr'>Est</span> <span class='ocrx_word' id='word_1_7' title='bbox 527 273 687 334; x_wconf 76' lang='lat' dir='ltr'>sinu8‚</span> <span class='ocrx_word' id='word_1_8' title='bbox 722 268 981 324; x_wconf 66' lang='lat' dir='ltr'>adductos</span> <span class='ocrx_word' id='word_1_9' title='bbox 1003 269 1221 327; x_wconf 91' lang='lat' dir='ltr'>modice</span> <span class='ocrx_word' id='word_1_10' title='bbox 1243 270 1460 327; x_wconf 85' lang='lat' dir='ltr'>falcatus</span> <span class='ocrx_word' id='word_1_11' title='bbox 1483 273 1539 327; x_wconf 90' lang='lat' dir='ltr'>in</span> <span class='ocrx_word' id='word_1_12' title='bbox 1562 292 1739 341; x_wconf 61' lang='grc' dir='ltr'>πως,</span> 
     </span>
     <span class='ocr_line' id='line_1_4' title="bbox 484 345 1588 417; baseline 0.003 -19"><span class='ocrx_word' id='word_1_13' title='bbox 484 345 682 399; x_wconf 87' lang='lat' dir='ltr'>Ultima</span> <span class='ocrx_word' id='word_1_14' title='bbox 703 345 985 415; x_wconf 68' lang='lat' dir='ltr'>praerupta</span> <span class='ocrx_word' id='word_1_15' title='bbox 1007 361 1207 400; x_wconf 88' lang='lat' dir='ltr'>cornua</span> <span class='ocrx_word' id='word_1_16' title='bbox 1230 345 1374 399; x_wconf 91' lang='lat' dir='ltr'>mole</span> <span class='ocrx_word' id='word_1_17' title='bbox 1397 345 1588 417; x_wconf 85' lang='lat' dir='ltr'>rigent.</span> 
     </span>
    </p>

    <p class='ocr_par' dir='ltr' id='par_1_4' title="bbox 410 415 1824 563">
     <span class='ocr_line' id='line_1_5' title="bbox 410 415 1824 490; baseline 0.001 -16"><span class='ocrx_word' id='word_1_18' title='bbox 410 418 562 475; x_wconf 88' lang='lat' dir='ltr'>Hinc</span> <span class='ocrx_word' id='word_1_19' title='bbox 585 416 715 471; x_wconf 89' lang='lat' dir='ltr'>mihi</span> <span class='ocrx_word' id='word_1_20' title='bbox 737 415 1020 489; x_wconf 82' lang='lat' dir='ltr'>suppositas</span> <span class='ocrx_word' id='word_1_21' title='bbox 1044 415 1337 471; x_wconf 81' lang='lat' dir='ltr'><strong>immittere</strong></span> <span class='ocrx_word' id='word_1_22' title='bbox 1363 435 1556 490; x_wconf 85' lang='lat' dir='ltr'>corpus</span> <span class='ocrx_word' id='word_1_23' title='bbox 1581 421 1636 474; x_wconf 90' lang='lat' dir='ltr'>in</span> <span class='ocrx_word' id='word_1_24' title='bbox 1657 421 1824 475; x_wconf 80' lang='lat' dir='ltr'>undas</span> 
     </span>
     <span class='ocr_line' id='line_1_6' title="bbox 480 488 1800 563; baseline 0.003 -19"><span class='ocrx_word' id='word_1_25' title='bbox 480 488 642 544; x_wconf 83' lang='lat' dir='ltr'>Mens</span> <span class='ocrx_word' id='word_1_26' title='bbox 666 488 796 550; x_wconf 82' lang='lat' dir='ltr'>fuit3</span> <span class='ocrx_word' id='word_1_27' title='bbox 837 488 921 552; x_wconf 71' lang='grc' dir='ltr'>δε,</span> <span class='ocrx_word' id='word_1_28' title='bbox 959 490 1213 562; x_wconf 90' lang='lat' dir='ltr'>quoniam</span> <span class='ocrx_word' id='word_1_29' title='bbox 1236 490 1417 544; x_wconf 88' lang='lat' dir='ltr'>fallere</span> <span class='ocrx_word' id='word_1_30' title='bbox 1441 493 1645 563; x_wconf 80' lang='lat' dir='ltr'>pergiS‚</span> <span class='ocrx_word' id='word_1_31' title='bbox 1684 495 1800 548; x_wconf 90' lang='lat' dir='ltr'>erit.</span> 
     </span>
    </p>

    <p class='ocr_par' dir='ltr' id='par_1_5' title="bbox 273 560 1694 635">
     <span class='ocr_line' id='line_1_7' title="bbox 273 560 1694 635; baseline 0.001 -17"><span class='ocrx_word' id='word_1_32' title='bbox 273 582 367 634; x_wconf 85' lang='lat'>135</span> <span class='ocrx_word' id='word_1_33' title='bbox 404 561 496 619; x_wconf 92' lang='lat' dir='ltr'>Ad</span> <span class='ocrx_word' id='word_1_34' title='bbox 520 575 609 616; x_wconf 92' lang='lat' dir='ltr'>tua</span> <span class='ocrx_word' id='word_1_35' title='bbox 631 578 720 615; x_wconf 93' lang='lat' dir='ltr'>me</span> <span class='ocrx_word' id='word_1_36' title='bbox 743 560 933 616; x_wconf 63' lang='lat' dir='ltr'>fluctus</span> <span class='ocrx_word' id='word_1_37' title='bbox 955 561 1247 634; x_wconf 66' lang='lat' dir='ltr'>projectam</span> <span class='ocrx_word' id='word_1_38' title='bbox 1268 562 1426 617; x_wconf 89' lang='lat' dir='ltr'>litora</span> <span class='ocrx_word' id='word_1_39' title='bbox 1447 578 1694 635; x_wconf 86' lang='lat' dir='ltr'>portent,</span> 
     </span>
    </p>

    <p class='ocr_par' dir='ltr' id='par_1_6' title="bbox 480 633 1553 708">
     <span class='ocr_line' id='line_1_8' title="bbox 480 633 1553 708; baseline 0 -18"><span class='ocrx_word' id='word_1_40' title='bbox 480 633 885 708; x_wconf 83' lang='lat' dir='ltr'>Occurramque</span> <span class='ocrx_word' id='word_1_41' title='bbox 909 635 1076 689; x_wconf 83' lang='lat' dir='ltr'>oculis</span> <span class='ocrx_word' id='word_1_42' title='bbox 1098 636 1412 690; x_wconf 83' lang='lat' dir='ltr'>intumulata</span> <span class='ocrx_word' id='word_1_43' title='bbox 1437 636 1553 690; x_wconf 82' lang='lat' dir='ltr'>tuis,</span> 
     </span>
    </p>

    <p class='ocr_par' dir='ltr' id='par_1_7' title="bbox 407 706 1880 856">
     <span class='ocr_line' id='line_1_9' title="bbox 407 706 1880 783; baseline 0 -19"><span class='ocrx_word' id='word_1_44' title='bbox 407 707 623 765; x_wconf 87' lang='lat' dir='ltr'>Duritie</span> <span class='ocrx_word' id='word_1_45' title='bbox 646 706 848 761; x_wconf 85' lang='lat' dir='ltr'>ferrum</span> <span class='ocrx_word' id='word_1_46' title='bbox 872 720 932 761; x_wconf 95' lang='lat' dir='ltr'>ut</span> <span class='ocrx_word' id='word_1_47' title='bbox 956 707 1194 780; x_wconf 65' lang='lat' dir='ltr'>super-eg,</span> <span class='ocrx_word' id='word_1_48' title='bbox 1233 708 1648 783; x_wconf 81' lang='lat' dir='ltr'>adamantaque,</span> <span class='ocrx_word' id='word_1_49' title='bbox 1687 721 1880 783; x_wconf 86' lang='lat' dir='ltr'>teque;</span> 
     </span>
     <span class='ocr_line' id='line_1_10' title="bbox 480 778 1812 856; baseline 0.002 -22"><span class='ocrx_word' id='word_1_50' title='bbox 480 780 608 834; x_wconf 90' lang='lat' dir='ltr'>Non</span> <span class='ocrx_word' id='word_1_51' title='bbox 630 778 725 833; x_wconf 87' lang='lat' dir='ltr'>tibi</span> <span class='ocrx_word' id='word_1_52' title='bbox 750 779 846 844; x_wconf 84' lang='lat' dir='ltr'>sie,</span> <span class='ocrx_word' id='word_1_53' title='bbox 882 779 1054 844; x_wconf 78' lang='lat' dir='ltr'>diceS‚</span> <span class='ocrx_word' id='word_1_54' title='bbox 1095 780 1293 855; x_wconf 81' lang='lat' dir='ltr'><strong>Phylli,</strong></span> <span class='ocrx_word' id='word_1_55' title='bbox 1328 781 1629 856; x_wconf 81' lang='lat' dir='ltr'>sequendus</span> <span class='ocrx_word' id='word_1_56' title='bbox 1652 800 1812 837; x_wconf 90' lang='lat' dir='ltr'>eram.</span> 
     </span>
    </p>

    <p class='ocr_par' dir='ltr' id='par_1_8' title="bbox 409 852 1778 927">
     <span class='ocr_line' id='line_1_11' title="bbox 409 852 1778 927; baseline 0.001 -19"><span class='ocrx_word' id='word_1_57' title='bbox 409 852 574 924; x_wconf 80' lang='lat' dir='ltr'>Saepe</span> <span class='ocrx_word' id='word_1_58' title='bbox 600 869 932 906; x_wconf 89' lang='lat' dir='ltr'>venenorum</span> <span class='ocrx_word' id='word_1_59' title='bbox 955 852 1059 907; x_wconf 81' lang='lat' dir='ltr'>fitis</span> <span class='ocrx_word' id='word_1_60' title='bbox 1087 852 1162 907; x_wconf 89' lang='lat' dir='ltr'>est</span> <span class='ocrx_word' id='word_1_61' title='bbox 1186 853 1343 908; x_wconf 89' lang='lat' dir='ltr'>mihi:</span> <span class='ocrx_word' id='word_1_62' title='bbox 1381 856 1534 927; x_wconf 82' lang='lat' dir='ltr'>saepe</span> <span class='ocrx_word' id='word_1_63' title='bbox 1557 868 1778 910; x_wconf 87' lang='lat' dir='ltr'>cruenta</span> 
     </span>
    </p>
   </div>
   <div class='ocr_carea' id='block_1_4' title="bbox 266 943 367 997">
    <p class='ocr_par' dir='ltr' id='par_1_9' title="bbox 266 943 367 997">
     <span class='ocr_line' id='line_1_12' title="bbox 266 943 367 997; baseline -0.01 -16"><span class='ocrx_word' id='word_1_64' title='bbox 266 943 367 997; x_wconf 86' lang='lat'>140</span> 
     </span>
    </p>
   </div>
   <div class='ocr_carea' id='block_1_5' title="bbox 476 924 1564 999">
    <p class='ocr_par' dir='ltr' id='par_1_10' title="bbox 476 924 1564 999">
     <span class='ocr_line' id='line_1_13' title="bbox 476 924 1564 999; baseline 0.003 -21"><span class='ocrx_word' id='word_1_65' title='bbox 476 924 780 996; x_wconf 70' lang='lat' dir='ltr'>Trajectam</span> <span class='ocrx_word' id='word_1_66' title='bbox 808 925 986 997; x_wconf 88' lang='lat' dir='ltr'>gladio</span> <span class='ocrx_word' id='word_1_67' title='bbox 1009 939 1186 980; x_wconf 86' lang='lat' dir='ltr'>morte</span> <span class='ocrx_word' id='word_1_68' title='bbox 1209 926 1386 999; x_wconf 90' lang='lat' dir='ltr'>perire</span> <span class='ocrx_word' id='word_1_69' title='bbox 1401 940 1564 998; x_wconf 80' lang='lat' dir='ltr'>Juvat.</span> 
     </span>
    </p>
   </div>
   <div class='ocr_carea' id='block_1_6' title="bbox 406 997 1785 1145">
    <p class='ocr_par' dir='ltr' id='par_1_11' title="bbox 406 997 1785 1145">
     <span class='ocr_line' id='line_1_14' title="bbox 406 997 1785 1072; baseline 0.002 -19"><span class='ocrx_word' id='word_1_70' title='bbox 406 998 560 1053; x_wconf 86' lang='lat' dir='ltr'>Colla</span> <span class='ocrx_word' id='word_1_71' title='bbox 622 1015 828 1071; x_wconf 87' lang='lat' dir='ltr'>uoque‚</span> <span class='ocrx_word' id='word_1_72' title='bbox 865 997 1040 1052; x_wconf 81' lang='lat' dir='ltr'>infidis</span> <span class='ocrx_word' id='word_1_73' title='bbox 1064 1000 1188 1072; x_wconf 85' lang='lat' dir='ltr'>quia</span> <span class='ocrx_word' id='word_1_74' title='bbox 1213 999 1265 1053; x_wconf 87' lang='lat' dir='ltr'>se</span> <span class='ocrx_word' id='word_1_75' title='bbox 1288 998 1548 1054; x_wconf 61' lang='lat' dir='ltr'>nectenda</span> <span class='ocrx_word' id='word_1_76' title='bbox 1575 1002 1785 1056; x_wconf 77' lang='lat' dir='ltr'>lacertis</span> 
     </span>
     <span class='ocr_line' id='line_1_15' title="bbox 478 1070 1613 1145; baseline 0.004 -19"><span class='ocrx_word' id='word_1_77' title='bbox 478 1070 611 1127; x_wconf 86' lang='lat' dir='ltr'>Prae</span> <span class='ocrx_word' id='word_1_78' title='bbox 649 1084 870 1137; x_wconf 86' lang='lat' dir='ltr'>uerunt,</span> <span class='ocrx_word' id='word_1_79' title='bbox 905 1071 1106 1145; x_wconf 83' lang='lat' dir='ltr'>laqueis</span> <span class='ocrx_word' id='word_1_80' title='bbox 1131 1071 1444 1145; x_wconf 75' lang='lat' dir='ltr'>implicuisse</span> <span class='ocrx_word' id='word_1_81' title='bbox 1468 1072 1613 1130; x_wconf 88' lang='lat' dir='ltr'>libet.</span> 
     </span>
    </p>
   </div>
   <div class='ocr_carea' id='block_1_7' title="bbox 96 1274 1158 3243">
    <p class='ocr_par' dir='ltr' id='par_1_12' title="bbox 115 1274 1156 1479">
     <span class='ocr_line' id='line_1_16' title="bbox 165 1274 1154 1330; baseline 0.003 -19"><span class='ocrx_word' id='word_1_82' title='bbox 165 1274 293 1323; x_wconf 83' lang='lat' dir='ltr'>Moesta</span> <span class='ocrx_word' id='word_1_83' title='bbox 310 1286 428 1315; x_wconf 84' lang='lat' dir='ltr'>tamen</span> <span class='ocrx_word' id='word_1_84' title='bbox 436 1277 585 1328; x_wconf 86' lang='lat' dir='ltr'>scopulos</span> <span class='ocrx_word' id='word_1_85' title='bbox 598 1307 608 1323; x_wconf 93' lang='lat'>‚</span> <span class='ocrx_word' id='word_1_86' title='bbox 622 1276 856 1330; x_wconf 79' lang='lat' dir='ltr'>fruticosaque</span> <span class='ocrx_word' id='word_1_87' title='bbox 875 1275 1031 1315; x_wconf 82' lang='lat' dir='ltr'>culmina</span> <span class='ocrx_word' id='word_1_88' title='bbox 1050 1276 1154 1324; x_wconf 85' lang='lat' dir='ltr'>calco,</span> 
     </span>
     <span class='ocr_line' id='line_1_17' title="bbox 219 1329 968 1378; baseline 0.001 -14"><span class='ocrx_word' id='word_1_89' title='bbox 219 1329 384 1378; x_wconf 73' lang='lat' dir='ltr'>Quoque</span> <span class='ocrx_word' id='word_1_90' title='bbox 393 1338 517 1378; x_wconf 77' lang='lat' dir='ltr'>patent</span> <span class='ocrx_word' id='word_1_91' title='bbox 536 1329 639 1366; x_wconf 82' lang='lat' dir='ltr'>oculis</span> <span class='ocrx_word' id='word_1_92' title='bbox 658 1329 761 1367; x_wconf 86' lang='lat' dir='ltr'>litora</span> <span class='ocrx_word' id='word_1_93' title='bbox 780 1330 856 1366; x_wconf 86' lang='lat' dir='ltr'>lata</span> <span class='ocrx_word' id='word_1_94' title='bbox 873 1329 968 1366; x_wconf 81' lang='lat' dir='ltr'>meis.</span> 
     </span>
     <span class='ocr_line' id='line_1_18' title="bbox 116 1375 1156 1432; baseline 0.005 -20"><span class='ocrx_word' id='word_1_95' title='bbox 116 1375 178 1432; x_wconf 38' lang='lat' dir='ltr'>Ut·</span> <span class='ocrx_word' id='word_1_96' title='bbox 192 1388 255 1425; x_wconf 83' lang='lat' dir='ltr'>per</span> <span class='ocrx_word' id='word_1_97' title='bbox 283 1380 436 1416; x_wconf 84' lang='lat' dir='ltr'>culmina</span> <span class='ocrx_word' id='word_1_98' title='bbox 459 1380 703 1429; x_wconf 83' lang='lat' dir='ltr'>intelligamus</span> <span class='ocrx_word' id='word_1_99' title='bbox 732 1380 842 1419; x_wconf 81' lang='lat' dir='ltr'>colles</span> <span class='ocrx_word' id='word_1_100' title='bbox 865 1380 905 1418; x_wconf 66' lang='grc' dir='ltr'>ὅ(</span> <span class='ocrx_word' id='word_1_101' title='bbox 925 1386 1095 1424; x_wconf 83' lang='lat' dir='ltr'>montes,</span> <span class='ocrx_word' id='word_1_102' title='bbox 1115 1379 1156 1418; x_wconf 89' lang='lat' dir='ltr'>in</span> 
     </span>
     <span class='ocr_line' id='line_1_19' title="bbox 115 1427 783 1479; baseline 0.009 -16"><span class='ocrx_word' id='word_1_103' title='bbox 115 1427 246 1476; x_wconf 83' lang='lat' dir='ltr'>quibus</span> <span class='ocrx_word' id='word_1_104' title='bbox 268 1429 414 1468; x_wconf 86' lang='lat' dir='ltr'>frutices</span> <span class='ocrx_word' id='word_1_105' title='bbox 428 1458 439 1475; x_wconf 90' lang='lat'>‚</span> <span class='ocrx_word' id='word_1_106' title='bbox 466 1432 516 1468; x_wconf 89' lang='lat' dir='ltr'>ita</span> <span class='ocrx_word' id='word_1_107' title='bbox 538 1431 648 1479; x_wconf 85' lang='lat' dir='ltr'>Epist.</span> <span class='ocrx_word' id='word_1_108' title='bbox 668 1444 702 1468; x_wconf 88' lang='lat' dir='ltr'>x.</span> <span class='ocrx_word' id='word_1_109' title='bbox 723 1443 783 1479; x_wconf 77' lang='lat'>25.</span> 
     </span>
    </p>

    <p class='ocr_par' dir='ltr' id='par_1_13' title="bbox 114 1480 1158 1729">
     <span class='ocr_line' id='line_1_20' title="bbox 169 1480 1032 1530; baseline 0.007 -17"><span class='ocrx_word' id='word_1_110' title='bbox 169 1483 273 1515; x_wconf 86' lang='lat' dir='ltr'>Mons</span> <span class='ocrx_word' id='word_1_111' title='bbox 282 1480 384 1528; x_wconf 87' lang='lat' dir='ltr'>fuit,</span> <span class='ocrx_word' id='word_1_112' title='bbox 408 1490 572 1530; x_wconf 84' lang='lat' dir='ltr'>apparent</span> <span class='ocrx_word' id='word_1_113' title='bbox 578 1482 726 1529; x_wconf 82' lang='lat' dir='ltr'>frutices</span> <span class='ocrx_word' id='word_1_114' title='bbox 743 1482 782 1519; x_wconf 85' lang='lat' dir='ltr'>in</span> <span class='ocrx_word' id='word_1_115' title='bbox 801 1481 931 1519; x_wconf 81' lang='lat' dir='ltr'>vertice</span> <span class='ocrx_word' id='word_1_116' title='bbox 946 1480 1032 1519; x_wconf 83' lang='lat' dir='ltr'>rari.</span> 
     </span>
     <span class='ocr_line' id='line_1_21' title="bbox 114 1529 1157 1583; baseline 0.006 -19"><span class='ocrx_word' id='word_1_117' title='bbox 114 1529 281 1578; x_wconf 62' lang='lat' dir='ltr'>Quoque</span> <span class='ocrx_word' id='word_1_118' title='bbox 310 1531 358 1569; x_wconf 86' lang='lat' dir='ltr'>est</span> <span class='ocrx_word' id='word_1_119' title='bbox 383 1532 422 1569; x_wconf 90' lang='lat' dir='ltr'>in</span> <span class='ocrx_word' id='word_1_120' title='bbox 447 1532 589 1570; x_wconf 87' lang='lat' dir='ltr'>duobus</span> <span class='ocrx_word' id='word_1_121' title='bbox 617 1533 750 1582; x_wconf 79' lang='lat' dir='ltr'>scriptis</span> <span class='ocrx_word' id='word_1_122' title='bbox 778 1534 817 1571; x_wconf 63' lang='grc' dir='ltr'>ὃς</span> <span class='ocrx_word' id='word_1_123' title='bbox 834 1534 953 1583; x_wconf 87' lang='lat' dir='ltr'>prima</span> <span class='ocrx_word' id='word_1_124' title='bbox 980 1532 1157 1570; x_wconf 79' lang='lat' dir='ltr'>editione.</span> 
     </span>
     <span class='ocr_line' id='line_1_22' title="bbox 115 1582 1158 1631; baseline 0.007 -18"><span class='ocrx_word' id='word_1_125' title='bbox 115 1592 263 1629; x_wconf 78' lang='lat' dir='ltr'>aequora</span> <span class='ocrx_word' id='word_1_126' title='bbox 289 1593 380 1618; x_wconf 89' lang='lat' dir='ltr'>vero</span> <span class='ocrx_word' id='word_1_127' title='bbox 411 1583 449 1619; x_wconf 69' lang='grc' dir='ltr'>δε</span> <span class='ocrx_word' id='word_1_128' title='bbox 467 1582 571 1619; x_wconf 84' lang='lat' dir='ltr'>litora</span> <span class='ocrx_word' id='word_1_129' title='bbox 592 1583 839 1621; x_wconf 87' lang='lat' dir='ltr'>confuderunt</span> <span class='ocrx_word' id='word_1_130' title='bbox 859 1584 963 1631; x_wconf 84' lang='lat' dir='ltr'>saepe</span> <span class='ocrx_word' id='word_1_131' title='bbox 981 1584 1093 1620; x_wconf 86' lang='lat' dir='ltr'>etiam</span> <span class='ocrx_word' id='word_1_132' title='bbox 1113 1583 1158 1620; x_wconf 92' lang='lat' dir='ltr'>li-</span> 
     </span>
     <span class='ocr_line' id='line_1_23' title="bbox 116 1628 1156 1679; baseline 0.006 -14"><span class='ocrx_word' id='word_1_133' title='bbox 116 1628 221 1666; x_wconf 84' lang='lat' dir='ltr'>brarii</span> <span class='ocrx_word' id='word_1_134' title='bbox 237 1630 333 1677; x_wconf 86' lang='lat' dir='ltr'>apud</span> <span class='ocrx_word' id='word_1_135' title='bbox 352 1631 595 1669; x_wconf 83' lang='lat' dir='ltr'>Claudianum</span> <span class='ocrx_word' id='word_1_136' title='bbox 616 1646 650 1669; x_wconf 90' lang='lat' dir='ltr'>v.</span> <span class='ocrx_word' id='word_1_137' title='bbox 677 1645 731 1670; x_wconf 87' lang='lat'>11.</span> <span class='ocrx_word' id='word_1_138' title='bbox 757 1634 797 1670; x_wconf 86' lang='lat' dir='ltr'>in</span> <span class='ocrx_word' id='word_1_139' title='bbox 826 1633 948 1670; x_wconf 87' lang='lat' dir='ltr'>Rufin.</span> <span class='ocrx_word' id='word_1_140' title='bbox 967 1645 1051 1679; x_wconf 80' lang='lat'>242.</span> <span class='ocrx_word' id='word_1_141' title='bbox 1073 1644 1113 1671; x_wconf 92' lang='lat'>11</span> <span class='ocrx_word' id='word_1_142' title='bbox 1125 1644 1156 1671; x_wconf 90' lang='lat'>1.</span> 
     </span>
     <span class='ocr_line' id='line_1_24' title="bbox 118 1678 751 1729; baseline 0.003 -14"><span class='ocrx_word' id='word_1_143' title='bbox 118 1678 229 1716; x_wconf 87' lang='lat' dir='ltr'>Cons.</span> <span class='ocrx_word' id='word_1_144' title='bbox 251 1680 354 1717; x_wconf 90' lang='lat' dir='ltr'>Hon.</span> <span class='ocrx_word' id='word_1_145' title='bbox 374 1693 458 1729; x_wconf 85' lang='lat'>209.</span> <span class='ocrx_word' id='word_1_146' title='bbox 485 1681 751 1719; x_wconf 81' lang='lat' dir='ltr'>BURMANNUS.</span> 
     </span>
    </p>

    <p class='ocr_par' dir='ltr' id='par_1_14' title="bbox 117 1730 1156 1818">
     <span class='ocr_line' id='line_1_25' title="bbox 175 1730 1156 1781; baseline 0.007 -17"><span class='ocrx_word' id='word_1_147' title='bbox 175 1739 254 1777; x_wconf 85' lang='lat'>123.</span> <span class='ocrx_word' id='word_1_148' title='bbox 279 1730 346 1765; x_wconf 85' lang='lat' dir='ltr'>Die</span> <span class='ocrx_word' id='word_1_149' title='bbox 372 1730 528 1769; x_wconf 84' lang='lat' dir='ltr'>laxatur.</span> <span class='ocrx_word' id='word_1_150' title='bbox 548 1732 563 1780; x_wconf 90' lang='lat'>]</span> <span class='ocrx_word' id='word_1_151' title='bbox 604 1731 763 1781; x_wconf 79' lang='lat' dir='ltr'>Laffatur</span> <span class='ocrx_word' id='word_1_152' title='bbox 791 1731 898 1769; x_wconf 83' lang='lat' dir='ltr'>multi</span> <span class='ocrx_word' id='word_1_153' title='bbox 917 1747 930 1774; x_wconf 90' lang='lat'>;</span> <span class='ocrx_word' id='word_1_154' title='bbox 975 1730 1038 1769; x_wconf 85' lang='lat' dir='ltr'>sed</span> <span class='ocrx_word' id='word_1_155' title='bbox 1063 1731 1156 1771; x_wconf 83' lang='lat' dir='ltr'>nihil</span> 
     </span>
     <span class='ocr_line' id='line_1_26' title="bbox 117 1779 581 1818; baseline 0.009 -4"><span class='ocrx_word' id='word_1_156' title='bbox 117 1785 230 1815; x_wconf 86' lang='lat' dir='ltr'>muta.</span> <span class='ocrx_word' id='word_1_157' title='bbox 250 1779 334 1816; x_wconf 81' lang='lat' dir='ltr'>Stat.</span> <span class='ocrx_word' id='word_1_158' title='bbox 355 1780 477 1817; x_wconf 88' lang='lat' dir='ltr'>Theb.</span> <span class='ocrx_word' id='word_1_159' title='bbox 501 1793 538 1818; x_wconf 85' lang='lat'>11</span> <span class='ocrx_word' id='word_1_160' title='bbox 551 1793 581 1817; x_wconf 75' lang='grc' dir='ltr'>ι.</span> 
     </span>
    </p>

    <p class='ocr_par' dir='ltr' id='par_1_15' title="bbox 115 1828 975 1930">
     <span class='ocr_line' id='line_1_27' title="bbox 220 1828 975 1880; baseline 0.005 -16"><span class='ocrx_word' id='word_1_161' title='bbox 220 1833 324 1865; x_wconf 78' lang='lat' dir='ltr'>Ortus</span> <span class='ocrx_word' id='word_1_162' title='bbox 341 1828 400 1865; x_wconf 86' lang='lat' dir='ltr'>ubi</span> <span class='ocrx_word' id='word_1_163' title='bbox 417 1829 566 1878; x_wconf 82' lang='lat' dir='ltr'>algentes</span> <span class='ocrx_word' id='word_1_164' title='bbox 582 1829 726 1867; x_wconf 86' lang='lat' dir='ltr'>laxavit</span> <span class='ocrx_word' id='word_1_165' title='bbox 735 1830 805 1880; x_wconf 79' lang='lat' dir='ltr'>sole</span> <span class='ocrx_word' id='word_1_166' title='bbox 815 1829 975 1880; x_wconf 79' lang='lat' dir='ltr'>pruinas.</span> 
     </span>
     <span class='ocr_line' id='line_1_28' title="bbox 115 1877 491 1930; baseline 0.003 -14"><span class='ocrx_word' id='word_1_167' title='bbox 115 1877 286 1928; x_wconf 75' lang='lat' dir='ltr'>Calpurn.</span> <span class='ocrx_word' id='word_1_168' title='bbox 310 1880 435 1930; x_wconf 87' lang='lat' dir='ltr'>Eclog.</span> <span class='ocrx_word' id='word_1_169' title='bbox 457 1893 491 1917; x_wconf 89' lang='lat' dir='ltr'>v.</span> 
     </span>
    </p>

    <p class='ocr_par' dir='ltr' id='par_1_16' title="bbox 215 1927 1023 1979">
     <span class='ocr_line' id='line_1_29' title="bbox 215 1927 1023 1979; baseline 0.007 -13"><span class='ocrx_word' id='word_1_170' title='bbox 215 1934 272 1967; x_wconf 84' lang='lat' dir='ltr'>At</span> <span class='ocrx_word' id='word_1_171' title='bbox 281 1927 315 1979; x_wconf 85' lang='lat' dir='ltr'><em>fi</em></span> <span class='ocrx_word' id='word_1_172' title='bbox 327 1931 414 1976; x_wconf 80' lang='lat' dir='ltr'>forte</span> <span class='ocrx_word' id='word_1_173' title='bbox 433 1944 554 1977; x_wconf 78' lang='lat' dir='ltr'>vaces,</span> <span class='ocrx_word' id='word_1_174' title='bbox 581 1931 667 1970; x_wconf 86' lang='lat' dir='ltr'>dum</span> <span class='ocrx_word' id='word_1_175' title='bbox 687 1930 868 1970; x_wconf 79' lang='lat' dir='ltr'>matutina</span> <span class='ocrx_word' id='word_1_176' title='bbox 887 1930 1023 1978; x_wconf 63' lang='lat' dir='ltr'>relaxet</span> 
     </span>
    </p>

    <p class='ocr_par' dir='ltr' id='par_1_17' title="bbox 117 1980 610 2083">
     <span class='ocr_line' id='line_1_30' title="bbox 215 1980 429 2030; baseline 0.005 -13"><span class='ocrx_word' id='word_1_177' title='bbox 215 1980 352 2029; x_wconf 80' lang='lat' dir='ltr'>Frigora</span> <span class='ocrx_word' id='word_1_178' title='bbox 364 1981 429 2030; x_wconf 75' lang='lat' dir='ltr'>fhl.</span> 
     </span>
     <span class='ocr_line' id='line_1_31' title="bbox 117 2030 610 2083; baseline 0.004 -14"><span class='ocrx_word' id='word_1_179' title='bbox 117 2030 253 2070; x_wconf 88' lang='lat' dir='ltr'>Avien.</span> <span class='ocrx_word' id='word_1_180' title='bbox 269 2031 394 2070; x_wconf 81' lang='lat' dir='ltr'>Descr.</span> <span class='ocrx_word' id='word_1_181' title='bbox 415 2032 506 2070; x_wconf 88' lang='lat' dir='ltr'>Orb.</span> <span class='ocrx_word' id='word_1_182' title='bbox 525 2044 610 2083; x_wconf 79' lang='lat'>705.</span> 
     </span>
    </p>

    <p class='ocr_par' dir='ltr' id='par_1_18' title="bbox 115 2083 1049 2172">
     <span class='ocr_line' id='line_1_32' title="bbox 217 2083 1049 2135; baseline 0.007 -16"><span class='ocrx_word' id='word_1_183' title='bbox 217 2088 312 2119; x_wconf 82' lang='lat' dir='ltr'>Nam</span> <span class='ocrx_word' id='word_1_184' title='bbox 332 2096 409 2119; x_wconf 87' lang='lat' dir='ltr'>cum</span> <span class='ocrx_word' id='word_1_185' title='bbox 425 2097 503 2120; x_wconf 82' lang='lat' dir='ltr'>vere</span> <span class='ocrx_word' id='word_1_186' title='bbox 522 2098 610 2122; x_wconf 82' lang='lat' dir='ltr'>novo</span> <span class='ocrx_word' id='word_1_187' title='bbox 631 2083 732 2122; x_wconf 79' lang='lat' dir='ltr'>tellus</span> <span class='ocrx_word' id='word_1_188' title='bbox 746 2083 784 2135; x_wconf 82' lang='lat' dir='ltr'>se</span> <span class='ocrx_word' id='word_1_189' title='bbox 798 2085 888 2123; x_wconf 83' lang='lat' dir='ltr'>dura</span> <span class='ocrx_word' id='word_1_190' title='bbox 906 2085 1049 2125; x_wconf 83' lang='lat' dir='ltr'>relaxet.</span> 
     </span>
     <span class='ocr_line' id='line_1_33' title="bbox 115 2131 532 2172; baseline 0 0"><span class='ocrx_word' id='word_1_191' title='bbox 115 2131 241 2172; x_wconf 84' lang='lat' dir='ltr'>Scnec.</span> <span class='ocrx_word' id='word_1_192' title='bbox 265 2134 377 2171; x_wconf 91' lang='lat' dir='ltr'>Herc.</span> <span class='ocrx_word' id='word_1_193' title='bbox 397 2134 479 2172; x_wconf 87' lang='lat' dir='ltr'>Fur.</span> <span class='ocrx_word' id='word_1_194' title='bbox 499 2134 532 2172; x_wconf 82' lang='lat'>8.</span> 
     </span>
    </p>

    <p class='ocr_par' dir='ltr' id='par_1_19' title="bbox 115 2184 1087 2285">
     <span class='ocr_line' id='line_1_34' title="bbox 216 2184 1087 2235; baseline 0.007 -16"><span class='ocrx_word' id='word_1_195' title='bbox 216 2184 308 2220; x_wconf 83' lang='lat' dir='ltr'>Hinc</span> <span class='ocrx_word' id='word_1_196' title='bbox 323 2198 392 2234; x_wconf 78' lang='lat' dir='ltr'>qua</span> <span class='ocrx_word' id='word_1_197' title='bbox 410 2186 534 2235; x_wconf 87' lang='lat' dir='ltr'>tepenti</span> <span class='ocrx_word' id='word_1_198' title='bbox 551 2200 629 2224; x_wconf 86' lang='lat' dir='ltr'>vere</span> <span class='ocrx_word' id='word_1_199' title='bbox 646 2185 792 2224; x_wconf 84' lang='lat' dir='ltr'>laxatur</span> <span class='ocrx_word' id='word_1_200' title='bbox 809 2187 890 2225; x_wconf 85' lang='lat' dir='ltr'>dies.</span> <span class='ocrx_word' id='word_1_201' title='bbox 942 2189 1087 2227; x_wconf 71' lang='lat' dir='ltr'>Hfims.</span> 
     </span>
     <span class='ocr_line' id='line_1_35' title="bbox 115 2233 543 2285; baseline -0.002 -12"><span class='ocrx_word' id='word_1_202' title='bbox 115 2233 201 2273; x_wconf 86' lang='lat' dir='ltr'>Stat.</span> <span class='ocrx_word' id='word_1_203' title='bbox 225 2247 280 2271; x_wconf 92' lang='lat' dir='ltr'>1v.</span> <span class='ocrx_word' id='word_1_204' title='bbox 303 2235 387 2273; x_wconf 88' lang='lat' dir='ltr'>Silv.</span> <span class='ocrx_word' id='word_1_205' title='bbox 410 2248 466 2274; x_wconf 78' lang='lat' dir='ltr'>xv.</span> <span class='ocrx_word' id='word_1_206' title='bbox 489 2248 543 2285; x_wconf 83' lang='lat'>13.</span> 
     </span>
    </p>

    <p class='ocr_par' dir='ltr' id='par_1_20' title="bbox 163 2286 1156 2340">
     <span class='ocr_line' id='line_1_36' title="bbox 163 2286 1156 2340; baseline 0.004 -19"><span class='ocrx_word' id='word_1_207' title='bbox 163 2286 256 2331; x_wconf 79' lang='lat' dir='ltr'>Jam</span> <span class='ocrx_word' id='word_1_208' title='bbox 279 2296 410 2332; x_wconf 84' lang='lat' dir='ltr'>terras,</span> <span class='ocrx_word' id='word_1_209' title='bbox 438 2287 678 2339; x_wconf 77' lang='lat' dir='ltr'>volucremque</span> <span class='ocrx_word' id='word_1_210' title='bbox 686 2288 805 2339; x_wconf 84' lang='lat' dir='ltr'>polum</span> <span class='ocrx_word' id='word_1_211' title='bbox 821 2290 910 2339; x_wconf 83' lang='lat' dir='ltr'>fuga</span> <span class='ocrx_word' id='word_1_212' title='bbox 928 2289 1020 2327; x_wconf 84' lang='lat' dir='ltr'>veris</span> <span class='ocrx_word' id='word_1_213' title='bbox 1037 2287 1156 2340; x_wconf 78' lang='lat' dir='ltr'>aquosi</span> 
     </span>
    </p>

    <p class='ocr_par' dir='ltr' id='par_1_21' title="bbox 164 2341 349 2374">
     <span class='ocr_line' id='line_1_37' title="bbox 164 2341 349 2374; baseline 0.016 -2"><span class='ocrx_word' id='word_1_214' title='bbox 164 2341 291 2374; x_wconf 70' lang='lat' dir='ltr'>Laxat.</span> <span class='ocrx_word' id='word_1_215' title='bbox 347 2350 349 2352; x_wconf 80' lang='grc'><em>·</em></span> 
     </span>
    </p>

    <p class='ocr_par' dir='ltr' id='par_1_22' title="bbox 96 2386 1152 2939">
     <span class='ocr_line' id='line_1_38' title="bbox 113 2386 1152 2440; baseline 0.006 -16"><span class='ocrx_word' id='word_1_216' title='bbox 113 2386 191 2424; x_wconf 86' lang='lat' dir='ltr'>Ubi</span> <span class='ocrx_word' id='word_1_217' title='bbox 213 2389 334 2437; x_wconf 85' lang='lat' dir='ltr'>inepte</span> <span class='ocrx_word' id='word_1_218' title='bbox 354 2387 529 2428; x_wconf 83' lang='lat' dir='ltr'>Behotius</span> <span class='ocrx_word' id='word_1_219' title='bbox 550 2389 701 2440; x_wconf 86' lang='lat' dir='ltr'>Apoph.</span> <span class='ocrx_word' id='word_1_220' title='bbox 725 2403 754 2428; x_wconf 85' lang='lat' dir='ltr'>r.</span> <span class='ocrx_word' id='word_1_221' title='bbox 773 2403 849 2440; x_wconf 82' lang='lat' dir='ltr'>cap.</span> <span class='ocrx_word' id='word_1_222' title='bbox 872 2403 904 2429; x_wconf 91' lang='lat'>1.</span> <span class='ocrx_word' id='word_1_223' title='bbox 929 2390 1031 2430; x_wconf 87' lang='lat' dir='ltr'>scribi</span> <span class='ocrx_word' id='word_1_224' title='bbox 1045 2390 1152 2440; x_wconf 87' lang='lat' dir='ltr'>jubet</span> 
     </span>
     <span class='ocr_line' id='line_1_39' title="bbox 113 2437 1152 2492; baseline 0.006 -18"><span class='ocrx_word' id='word_1_225' title='bbox 113 2437 237 2487; x_wconf 72' lang='lat' dir='ltr'>lassat,</span> <span class='ocrx_word' id='word_1_226' title='bbox 264 2439 300 2477; x_wconf 89' lang='lat' dir='ltr'>id</span> <span class='ocrx_word' id='word_1_227' title='bbox 327 2439 374 2477; x_wconf 87' lang='lat' dir='ltr'>est</span> <span class='ocrx_word' id='word_1_228' title='bbox 404 2440 548 2490; x_wconf 71' lang='lat' dir='ltr'>fatigat,</span> <span class='ocrx_word' id='word_1_229' title='bbox 577 2452 619 2478; x_wconf 91' lang='lat' dir='ltr'>ac</span> <span class='ocrx_word' id='word_1_230' title='bbox 639 2443 758 2479; x_wconf 89' lang='lat' dir='ltr'>nimio</span> <span class='ocrx_word' id='word_1_231' title='bbox 783 2442 912 2480; x_wconf 84' lang='lat' dir='ltr'>ardore</span> <span class='ocrx_word' id='word_1_232' title='bbox 936 2442 1063 2492; x_wconf 89' lang='lat' dir='ltr'>coquit</span> <span class='ocrx_word' id='word_1_233' title='bbox 1078 2450 1152 2480; x_wconf 86' lang='lat' dir='ltr'>ter·</span> 
     </span>
     <span class='ocr_line' id='line_1_40' title="bbox 96 2490 1149 2542; baseline 0.005 -16"><span class='ocrx_word' id='word_1_234' title='bbox 96 2495 192 2526; x_wconf 75' lang='lat' dir='ltr'>‘rain</span> <span class='ocrx_word' id='word_1_235' title='bbox 220 2490 461 2528; x_wconf 83' lang='lat' dir='ltr'>anhelantem.</span> <span class='ocrx_word' id='word_1_236' title='bbox 499 2492 589 2529; x_wconf 87' lang='lat' dir='ltr'>nihil</span> <span class='ocrx_word' id='word_1_237' title='bbox 618 2492 841 2541; x_wconf 83' lang='lat' dir='ltr'>frequentius</span> <span class='ocrx_word' id='word_1_238' title='bbox 869 2494 1016 2537; x_wconf 87' lang='lat' dir='ltr'>Poetis,</span> <span class='ocrx_word' id='word_1_239' title='bbox 1036 2505 1149 2542; x_wconf 85' lang='lat' dir='ltr'>quam</span> 
     </span>
     <span class='ocr_line' id='line_1_41' title="bbox 108 2538 1150 2593; baseline 0.005 -18"><span class='ocrx_word' id='word_1_240' title='bbox 108 2538 228 2587; x_wconf 74' lang='lat' dir='ltr'>fhlem,</span> <span class='ocrx_word' id='word_1_241' title='bbox 239 2554 316 2585; x_wconf 83' lang='lat' dir='ltr'>ver,</span> <span class='ocrx_word' id='word_1_242' title='bbox 329 2541 501 2588; x_wconf 59' lang='lat' dir='ltr'>aestatem,</span> <span class='ocrx_word' id='word_1_243' title='bbox 516 2543 555 2579; x_wconf 83' lang='lat'>&amp;</span> <span class='ocrx_word' id='word_1_244' title='bbox 574 2553 728 2579; x_wconf 84' lang='lat' dir='ltr'>omnem</span> <span class='ocrx_word' id='word_1_245' title='bbox 744 2544 903 2582; x_wconf 84' lang='lat' dir='ltr'>calorem</span> <span class='ocrx_word' id='word_1_246' title='bbox 918 2543 1150 2593; x_wconf 75' lang='lat' dir='ltr'>solvere‚ape-</span> 
     </span>
     <span class='ocr_line' id='line_1_42' title="bbox 117 2591 1148 2635; baseline 0.007 -10"><span class='ocrx_word' id='word_1_247' title='bbox 117 2591 197 2633; x_wconf 84' lang='lat' dir='ltr'>rire,</span> <span class='ocrx_word' id='word_1_248' title='bbox 211 2591 329 2627; x_wconf 79' lang='lat' dir='ltr'>laxare</span> <span class='ocrx_word' id='word_1_249' title='bbox 348 2600 471 2635; x_wconf 78' lang='lat' dir='ltr'>terras,</span> <span class='ocrx_word' id='word_1_250' title='bbox 484 2600 524 2630; x_wconf 88' lang='lat' dir='ltr'>ut</span> <span class='ocrx_word' id='word_1_251' title='bbox 548 2593 760 2631; x_wconf 80' lang='lat' dir='ltr'>Gronovius</span> <span class='ocrx_word' id='word_1_252' title='bbox 777 2594 822 2631; x_wconf 80' lang='lat' dir='ltr'>ad</span> <span class='ocrx_word' id='word_1_253' title='bbox 843 2595 1001 2632; x_wconf 85' lang='lat' dir='ltr'>Senecae</span> <span class='ocrx_word' id='word_1_254' title='bbox 1019 2595 1148 2632; x_wconf 88' lang='lat' dir='ltr'>locum</span> 
     </span>
     <span class='ocr_line' id='line_1_43' title="bbox 113 2640 1150 2694; baseline 0.006 -17"><span class='ocrx_word' id='word_1_255' title='bbox 113 2640 157 2677; x_wconf 85' lang='lat' dir='ltr'>ab</span> <span class='ocrx_word' id='word_1_256' title='bbox 170 2641 324 2679; x_wconf 81' lang='lat' dir='ltr'>Heinsio</span> <span class='ocrx_word' id='word_1_257' title='bbox 343 2642 503 2680; x_wconf 85' lang='lat' dir='ltr'>adlatum</span> <span class='ocrx_word' id='word_1_258' title='bbox 522 2651 635 2680; x_wconf 90' lang='lat' dir='ltr'>notat.</span> <span class='ocrx_word' id='word_1_259' title='bbox 654 2643 738 2681; x_wconf 77' lang='lat' dir='ltr'>vide</span> <span class='ocrx_word' id='word_1_260' title='bbox 759 2645 867 2683; x_wconf 80' lang='lat' dir='ltr'>etiam</span> <span class='ocrx_word' id='word_1_261' title='bbox 881 2673 890 2688; x_wconf 90' lang='lat'><strong>‚</strong></span> <span class='ocrx_word' id='word_1_262' title='bbox 902 2657 996 2694; x_wconf 86' lang='lat' dir='ltr'>quae</span> <span class='ocrx_word' id='word_1_263' title='bbox 1015 2656 1084 2682; x_wconf 81' lang='lat' dir='ltr'>nos</span> <span class='ocrx_word' id='word_1_264' title='bbox 1103 2645 1150 2683; x_wconf 90' lang='lat' dir='ltr'>ad</span> 
     </span>
     <span class='ocr_line' id='line_1_44' title="bbox 116 2689 1150 2743; baseline 0.007 -17"><span class='ocrx_word' id='word_1_265' title='bbox 116 2689 259 2728; x_wconf 84' lang='lat' dir='ltr'>Petron.</span> <span class='ocrx_word' id='word_1_266' title='bbox 289 2704 367 2729; x_wconf 77' lang='lat'>122.</span> <span class='ocrx_word' id='word_1_267' title='bbox 406 2693 444 2729; x_wconf 84' lang='lat'>&amp;</span> <span class='ocrx_word' id='word_1_268' title='bbox 470 2694 555 2731; x_wconf 87' lang='lat' dir='ltr'>hinc</span> <span class='ocrx_word' id='word_1_269' title='bbox 588 2703 680 2729; x_wconf 76' lang='lat' dir='ltr'>terra</span> <span class='ocrx_word' id='word_1_270' title='bbox 709 2703 826 2743; x_wconf 81' lang='lat' dir='ltr'>patere</span> <span class='ocrx_word' id='word_1_271' title='bbox 852 2695 988 2734; x_wconf 83' lang='lat' dir='ltr'>Nostro</span> <span class='ocrx_word' id='word_1_272' title='bbox 1018 2695 1150 2733; x_wconf 86' lang='lat' dir='ltr'>dicitur</span> 
     </span>
     <span class='ocr_line' id='line_1_45' title="bbox 124 2741 1148 2795; baseline 0.009 -20"><span class='ocrx_word' id='word_1_273' title='bbox 124 2749 178 2776; x_wconf 81' lang='lat' dir='ltr'>xv,</span> <span class='ocrx_word' id='word_1_274' title='bbox 206 2741 291 2778; x_wconf 79' lang='lat' dir='ltr'>Fast.</span> <span class='ocrx_word' id='word_1_275' title='bbox 318 2742 377 2779; x_wconf 82' lang='lat'>88.</span> <span class='ocrx_word' id='word_1_276' title='bbox 408 2751 448 2780; x_wconf 92' lang='lat' dir='ltr'>ut</span> <span class='ocrx_word' id='word_1_277' title='bbox 467 2756 512 2781; x_wconf 83' lang='lat' dir='ltr'>ex</span> <span class='ocrx_word' id='word_1_278' title='bbox 533 2744 731 2782; x_wconf 81' lang='lat' dir='ltr'>Codicibus</span> <span class='ocrx_word' id='word_1_279' title='bbox 752 2746 856 2783; x_wconf 78' lang='lat' dir='ltr'>MSS.</span> <span class='ocrx_word' id='word_1_280' title='bbox 876 2745 1075 2795; x_wconf 85' lang='lat' dir='ltr'>legendum</span> <span class='ocrx_word' id='word_1_281' title='bbox 1098 2747 1148 2784; x_wconf 85' lang='lat' dir='ltr'>ibi</span> 
     </span>
     <span class='ocr_line' id='line_1_46' title="bbox 121 2788 463 2830; baseline 0.012 -4"><span class='ocrx_word' id='word_1_282' title='bbox 121 2788 180 2827; x_wconf 84' lang='lat' dir='ltr'>est.</span> <span class='ocrx_word' id='word_1_283' title='bbox 203 2790 463 2830; x_wconf 62' lang='lat' dir='ltr'>Bummnus.</span> 
     </span>
     <span class='ocr_line' id='line_1_47' title="bbox 122 2842 1150 2926; baseline 0.007 -49"><span class='ocrx_word' id='word_1_284' title='bbox 122 2887 155 2926; x_wconf 67' lang='lat' dir='ltr'>E</span> <span class='ocrx_word' id='word_1_285' title='bbox 176 2843 250 2926; x_wconf 37' lang='lat'>156.</span> <span class='ocrx_word' id='word_1_286' title='bbox 287 2849 379 2880; x_wconf 88' lang='lat' dir='ltr'>Meos</span> <span class='ocrx_word' id='word_1_287' title='bbox 412 2844 495 2881; x_wconf 83' lang='lat' dir='ltr'>deos.</span> <span class='ocrx_word' id='word_1_288' title='bbox 516 2842 533 2893; x_wconf 93' lang='lat'>]</span> <span class='ocrx_word' id='word_1_289' title='bbox 570 2844 645 2883; x_wconf 82' lang='lat' dir='ltr'>vid.</span> <span class='ocrx_word' id='word_1_290' title='bbox 678 2845 838 2885; x_wconf 77' lang='lat' dir='ltr'>Parrhas.</span> <span class='ocrx_word' id='word_1_291' title='bbox 873 2845 1048 2895; x_wconf 89' lang='lat' dir='ltr'>Quaefita</span> <span class='ocrx_word' id='word_1_292' title='bbox 1084 2858 1150 2895; x_wconf 85' lang='lat' dir='ltr'>per</span> 
     </span>
     <span class='ocr_line' id='line_1_48' title="bbox 138 2900 304 2939; baseline 0.012 -2"><span class='ocrx_word' id='word_1_293' title='bbox 138 2900 192 2937; x_wconf 69' lang='lat'>⁴91</span> <span class='ocrx_word' id='word_1_294' title='bbox 222 2917 229 2926; x_wconf 88' lang='lat'><strong>·</strong></span> <span class='ocrx_word' id='word_1_295' title='bbox 248 2902 304 2939; x_wconf 77' lang='lat'>35-</span> 
     </span>
    </p>

    <p class='ocr_par' dir='ltr' id='par_1_23' title="bbox 122 2944 1151 3087">
     <span class='ocr_line' id='line_1_49' title="bbox 178 2944 1150 2994; baseline 0.009 -20"><span class='ocrx_word' id='word_1_296' title='bbox 178 2951 256 2994; x_wconf 54' lang='lat'>¹⁷17·</span> <span class='ocrx_word' id='word_1_297' title='bbox 285 2948 321 2977; x_wconf 84' lang='lat' dir='ltr'>In</span> <span class='ocrx_word' id='word_1_298' title='bbox 330 2944 424 2988; x_wconf 83' lang='lat' dir='ltr'>freta</span> <span class='ocrx_word' id='word_1_299' title='bbox 440 2953 597 2993; x_wconf 80' lang='lat' dir='ltr'>procurro</span> <span class='ocrx_word' id='word_1_300' title='bbox 609 2974 619 2990; x_wconf 92' lang='lat'>‚</span> <span class='ocrx_word' id='word_1_301' title='bbox 639 2945 705 2982; x_wconf 85' lang='lat' dir='ltr'>vix</span> <span class='ocrx_word' id='word_1_302' title='bbox 720 2960 773 2983; x_wconf 86' lang='lat' dir='ltr'>me</span> <span class='ocrx_word' id='word_1_303' title='bbox 788 2946 1014 2983; x_wconf 80' lang='lat' dir='ltr'>retinentibus</span> <span class='ocrx_word' id='word_1_304' title='bbox 1032 2946 1150 2991; x_wconf 80' lang='lat' dir='ltr'>undis,</span> 
     </span>
     <span class='ocr_line' id='line_1_50' title="bbox 125 2988 1151 3048; baseline 0.007 -20"><span class='ocrx_word' id='word_1_305' title='bbox 125 2988 253 3045; x_wconf 68' lang='lat' dir='ltr'>Mob{le</span> <span class='ocrx_word' id='word_1_306' title='bbox 270 3004 336 3040; x_wconf 74' lang='lat' dir='ltr'>qua</span> <span class='ocrx_word' id='word_1_307' title='bbox 358 2995 485 3040; x_wconf 76' lang='lat' dir='ltr'>primas</span> <span class='ocrx_word' id='word_1_308' title='bbox 501 2996 644 3045; x_wconf 82' lang='lat' dir='ltr'>porrigit</span> <span class='ocrx_word' id='word_1_309' title='bbox 661 3010 786 3046; x_wconf 75' lang='lat' dir='ltr'>aequor</span> <span class='ocrx_word' id='word_1_310' title='bbox 814 2997 965 3048; x_wconf 56' lang='lat' dir='ltr'>aquan]</span> <span class='ocrx_word' id='word_1_311' title='bbox 994 2998 1054 3036; x_wconf 85' lang='lat' dir='ltr'>De</span> <span class='ocrx_word' id='word_1_312' title='bbox 1077 2998 1151 3035; x_wconf 83' lang='lat' dir='ltr'>Re-</span> 
     </span>
     <span class='ocr_line' id='line_1_51' title="bbox 122 3039 383 3087; baseline 0.004 -11"><span class='ocrx_word' id='word_1_313' title='bbox 122 3039 273 3083; x_wconf 52' lang='lat' dir='ltr'>medio,</span> <span class='ocrx_word' id='word_1_314' title='bbox 304 3052 383 3087; x_wconf 79' lang='lat'>597.</span> 
     </span>
    </p>

    <p class='ocr_par' dir='ltr' id='par_1_24' title="bbox 174 3090 1075 3145">
     <span class='ocr_line' id='line_1_52' title="bbox 174 3090 1075 3145; baseline 0.013 -22"><span class='ocrx_word' id='word_1_315' title='bbox 174 3090 304 3136; x_wconf 67' lang='lat' dir='ltr'>Perside</span> <span class='ocrx_word' id='word_1_316' title='bbox 324 3092 531 3140; x_wconf 77' lang='lat' dir='ltr'>Demophoon</span> <span class='ocrx_word' id='word_1_317' title='bbox 542 3095 666 3143; x_wconf 78' lang='lat' dir='ltr'>surdas</span> <span class='ocrx_word' id='word_1_318' title='bbox 684 3097 859 3134; x_wconf 78' lang='lat' dir='ltr'>clamabat</span> <span class='ocrx_word' id='word_1_319' title='bbox 877 3098 925 3134; x_wconf 85' lang='lat' dir='ltr'>ad</span> <span class='ocrx_word' id='word_1_320' title='bbox 940 3098 1075 3145; x_wconf 81' lang='lat' dir='ltr'>undas,</span> 
     </span>
    </p>

    <p class='ocr_par' dir='ltr' id='par_1_25' title="bbox 209 3140 997 3197">
     <span class='ocr_line' id='line_1_53' title="bbox 209 3140 997 3197; baseline 0.015 -23"><span class='ocrx_word' id='word_1_321' title='bbox 209 3146 401 3195; x_wconf 34' lang='lat' dir='ltr'>‘Raptaque</span> <span class='ocrx_word' id='word_1_322' title='bbox 410 3140 564 3196; x_wconf 76' lang='lat' dir='ltr'>fingultu</span> <span class='ocrx_word' id='word_1_323' title='bbox 581 3147 686 3183; x_wconf 71' lang='lat' dir='ltr'>verba</span> <span class='ocrx_word' id='word_1_324' title='bbox 703 3148 870 3197; x_wconf 75' lang='lat' dir='ltr'>loquentis</span> <span class='ocrx_word' id='word_1_325' title='bbox 887 3159 997 3186; x_wconf 87' lang='lat' dir='ltr'>erant.</span> 
     </span>
    </p>

    <p class='ocr_par' dir='ltr' id='par_1_26' title="bbox 173 3193 1046 3243">
     <span class='ocr_line' id='line_1_54' title="bbox 173 3193 1046 3243; baseline 0.009 -15"><span class='ocrx_word' id='word_1_326' title='bbox 173 3195 285 3228; x_wconf 67' lang='lat' dir='ltr'>Lemes</span> <span class='ocrx_word' id='word_1_327' title='bbox 302 3202 374 3226; x_wconf 78' lang='lat' dir='ltr'>erat</span> <span class='ocrx_word' id='word_1_328' title='bbox 392 3201 502 3227; x_wconf 75' lang='lat' dir='ltr'>tenuls</span> <span class='ocrx_word' id='word_1_329' title='bbox 514 3220 523 3235; x_wconf 90' lang='lat'><strong>‚</strong></span> <span class='ocrx_word' id='word_1_330' title='bbox 544 3193 641 3241; x_wconf 89' lang='lat' dir='ltr'>longa</span> <span class='ocrx_word' id='word_1_331' title='bbox 651 3197 715 3243; x_wconf 74' lang='lat' dir='ltr'>sub</span> <span class='ocrx_word' id='word_1_332' title='bbox 734 3199 879 3235; x_wconf 77' lang='lat' dir='ltr'>nubibus</span> <span class='ocrx_word' id='word_1_333' title='bbox 898 3199 1023 3236; x_wconf 79' lang='lat' dir='ltr'>umbra</span> <span class='ocrx_word' id='word_1_334' title='bbox 1036 3227 1046 3243; x_wconf 83' lang='lat'><strong>‚</strong></span> 
     </span>
    </p>
   </div>
   <div class='ocr_carea' id='block_1_8' title="bbox 224 3240 1126 3301">
    <p class='ocr_par' dir='ltr' id='par_1_27' title="bbox 224 3240 1126 3301">
     <span class='ocr_line' id='line_1_55' title="bbox 224 3240 1126 3301; baseline 0.017 -26"><span class='ocrx_word' id='word_1_335' title='bbox 224 3242 302 3290; x_wconf 65' lang='lat' dir='ltr'>Qto</span> <span class='ocrx_word' id='word_1_336' title='bbox 323 3240 405 3279; x_wconf 77' lang='lat' dir='ltr'>tulit</span> <span class='ocrx_word' id='word_1_337' title='bbox 422 3241 485 3280; x_wconf 77' lang='lat' dir='ltr'>illa</span> <span class='ocrx_word' id='word_1_338' title='bbox 495 3242 574 3292; x_wconf 81' lang='lat' dir='ltr'>suos</span> <span class='ocrx_word' id='word_1_339' title='bbox 589 3245 636 3280; x_wconf 86' lang='lat' dir='ltr'>ad</span> <span class='ocrx_word' id='word_1_340' title='bbox 652 3258 744 3284; x_wconf 87' lang='lat' dir='ltr'>mare</span> <span class='ocrx_word' id='word_1_341' title='bbox 754 3250 849 3301; x_wconf 82' lang='lat' dir='ltr'>saepe</span> <span class='ocrx_word' id='word_1_342' title='bbox 860 3249 973 3300; x_wconf 82' lang='lat' dir='ltr'>pedes.</span> <span class='ocrx_word' id='word_1_343' title='bbox 1009 3251 1126 3290; x_wconf 66' lang='lat' dir='ltr'>Cior.</span> 
     </span>
    </p>
   </div>
   <div class='ocr_carea' id='block_1_9' title="bbox 2135 1141 2256 1201">
    <p class='ocr_par' dir='ltr' id='par_1_28' title="bbox 2135 1141 2256 1201">
     <span class='ocr_line' id='line_1_56' title="bbox 2135 1141 2256 1201; baseline -0.008 0"><span class='ocrx_word' id='word_1_344' title='bbox 2135 1141 2256 1201; x_wconf 80' lang='lat' dir='ltr'>Stat</span> 
     </span>
    </p>
   </div>
   <div class='ocr_carea' id='block_1_10' title="bbox 1208 1273 2259 1681">
    <p class='ocr_par' dir='ltr' id='par_1_29' title="bbox 1208 1273 2257 1374">
     <span class='ocr_line' id='line_1_57' title="bbox 1265 1273 2257 1326; baseline -0.003 -13"><span class='ocrx_word' id='word_1_345' title='bbox 1265 1275 1346 1314; x_wconf 82' lang='lat'>128.</span> <span class='ocrx_word' id='word_1_346' title='bbox 1373 1275 1504 1314; x_wconf 83' lang='lat' dir='ltr'>Mobile</span> <span class='ocrx_word' id='word_1_347' title='bbox 1520 1275 1624 1326; x_wconf 60' lang='lat' dir='ltr'>quoi]</span> <span class='ocrx_word' id='word_1_348' title='bbox 1645 1273 1868 1325; x_wconf 86' lang='lat' dir='ltr'>Legendum</span> <span class='ocrx_word' id='word_1_349' title='bbox 1891 1279 1982 1323; x_wconf 89' lang='lat' dir='ltr'>puto</span> <span class='ocrx_word' id='word_1_350' title='bbox 2001 1285 2078 1324; x_wconf 82' lang='lat' dir='ltr'>quo.</span> <span class='ocrx_word' id='word_1_351' title='bbox 2105 1285 2175 1325; x_wconf 72' lang='lat' dir='ltr'>qua</span> <span class='ocrx_word' id='word_1_352' title='bbox 2192 1277 2257 1310; x_wconf 67' lang='lat' dir='ltr'>au·3</span> 
     </span>
     <span class='ocr_line' id='line_1_58' title="bbox 1208 1326 2257 1374; baseline -0.002 -9"><span class='ocrx_word' id='word_1_353' title='bbox 1208 1333 1287 1367; x_wconf 85' lang='lat' dir='ltr'>tem</span> <span class='ocrx_word' id='word_1_354' title='bbox 1300 1327 1360 1372; x_wconf 89' lang='lat' dir='ltr'>,id</span> <span class='ocrx_word' id='word_1_355' title='bbox 1380 1328 1428 1365; x_wconf 90' lang='lat' dir='ltr'>est</span> <span class='ocrx_word' id='word_1_356' title='bbox 1449 1327 1529 1372; x_wconf 84' lang='lat' dir='ltr'>ubi,</span> <span class='ocrx_word' id='word_1_357' title='bbox 1543 1328 1663 1365; x_wconf 83' lang='lat' dir='ltr'>minus</span> <span class='ocrx_word' id='word_1_358' title='bbox 1681 1327 1756 1364; x_wconf 91' lang='lat' dir='ltr'>hoc</span> <span class='ocrx_word' id='word_1_359' title='bbox 1775 1326 1863 1364; x_wconf 88' lang='lat' dir='ltr'>loco</span> <span class='ocrx_word' id='word_1_360' title='bbox 1883 1326 2062 1374; x_wconf 87' lang='lat' dir='ltr'>congruit.</span> <span class='ocrx_word' id='word_1_361' title='bbox 2085 1326 2257 1363; x_wconf 62' lang='lat' dir='ltr'>Cmran.</span> 
     </span>
    </p>

    <p class='ocr_par' dir='ltr' id='par_1_30' title="bbox 1209 1374 2259 1681">
     <span class='ocr_line' id='line_1_59' title="bbox 1267 1374 2257 1426; baseline -0.003 -11"><span class='ocrx_word' id='word_1_362' title='bbox 1267 1390 1347 1426; x_wconf 86' lang='lat'>129.</span> <span class='ocrx_word' id='word_1_363' title='bbox 1375 1378 1500 1415; x_wconf 84' lang='lat' dir='ltr'>Minus</span> <span class='ocrx_word' id='word_1_364' title='bbox 1528 1389 1573 1418; x_wconf 68' lang='grc' dir='ltr'>(φ’</span> <span class='ocrx_word' id='word_1_365' title='bbox 1600 1377 1717 1414; x_wconf 84' lang='lat' dir='ltr'>minus</span> <span class='ocrx_word' id='word_1_366' title='bbox 1747 1376 1846 1413; x_wconf 84' lang='lat' dir='ltr'>utilis</span> <span class='ocrx_word' id='word_1_367' title='bbox 1874 1375 2006 1424; x_wconf 83' lang='lat' dir='ltr'>adsto.]</span> <span class='ocrx_word' id='word_1_368' title='bbox 2038 1376 2172 1413; x_wconf 80' lang='lat' dir='ltr'>Latere</span> <span class='ocrx_word' id='word_1_369' title='bbox 2192 1374 2257 1412; x_wconf 82' lang='lat' dir='ltr'>ali-</span> 
     </span>
     <span class='ocr_line' id='line_1_60' title="bbox 1211 1426 2256 1478; baseline -0.004 -11"><span class='ocrx_word' id='word_1_370' title='bbox 1211 1429 1303 1478; x_wconf 89' lang='lat' dir='ltr'>quid</span> <span class='ocrx_word' id='word_1_371' title='bbox 1322 1428 1480 1467; x_wconf 87' lang='lat' dir='ltr'>mendae</span> <span class='ocrx_word' id='word_1_372' title='bbox 1500 1428 1668 1477; x_wconf 86' lang='lat' dir='ltr'>suspicor.</span> <span class='ocrx_word' id='word_1_373' title='bbox 1696 1429 1792 1466; x_wconf 89' lang='lat' dir='ltr'>forte</span> <span class='ocrx_word' id='word_1_374' title='bbox 1812 1426 1932 1471; x_wconf 83' lang='lat' dir='ltr'>utilis,</span> <span class='ocrx_word' id='word_1_375' title='bbox 1960 1427 2078 1470; x_wconf 57' lang='lat' dir='ltr'>attae,</span> <span class='ocrx_word' id='word_1_376' title='bbox 2103 1427 2141 1463; x_wconf 90' lang='lat'>&amp;</span> <span class='ocrx_word' id='word_1_377' title='bbox 2165 1436 2256 1463; x_wconf 61' lang='lat' dir='ltr'>con-2</span> 
     </span>
     <span class='ocr_line' id='line_1_61' title="bbox 1212 1477 2258 1530; baseline -0.004 -13"><span class='ocrx_word' id='word_1_378' title='bbox 1212 1479 1306 1517; x_wconf 87' lang='lat' dir='ltr'>strue</span> <span class='ocrx_word' id='word_1_379' title='bbox 1320 1507 1331 1525; x_wconf 92' lang='lat'><strong>,</strong></span> <span class='ocrx_word' id='word_1_380' title='bbox 1351 1493 1416 1530; x_wconf 79' lang='lat' dir='ltr'>quo</span> <span class='ocrx_word' id='word_1_381' title='bbox 1443 1480 1553 1528; x_wconf 75' lang='lat' dir='ltr'>magis</span> <span class='ocrx_word' id='word_1_382' title='bbox 1570 1479 1736 1516; x_wconf 81' lang='lat' dir='ltr'>accedunt</span> <span class='ocrx_word' id='word_1_383' title='bbox 1755 1479 1863 1515; x_wconf 53' lang='lat' dir='ltr'>abiae.</span> <span class='ocrx_word' id='word_1_384' title='bbox 1881 1478 2099 1525; x_wconf 63' lang='lat' dir='ltr'>Hfiinsrus.</span> <span class='ocrx_word' id='word_1_385' title='bbox 2117 1477 2258 1514; x_wconf 84' lang='lat' dir='ltr'>Durior</span> 
     </span>
     <span class='ocr_line' id='line_1_62' title="bbox 1209 1527 2259 1583; baseline -0.004 -15"><span class='ocrx_word' id='word_1_386' title='bbox 1209 1530 1303 1568; x_wconf 88' lang='lat' dir='ltr'>haec</span> <span class='ocrx_word' id='word_1_387' title='bbox 1333 1530 1555 1581; x_wconf 66' lang='lat' dir='ltr'>conjectura.</span> <span class='ocrx_word' id='word_1_388' title='bbox 1582 1530 1792 1580; x_wconf 84' lang='lat' dir='ltr'>simpliciter</span> <span class='ocrx_word' id='word_1_389' title='bbox 1814 1540 1923 1578; x_wconf 85' lang='lat' dir='ltr'>cape,</span> <span class='ocrx_word' id='word_1_390' title='bbox 1951 1530 2104 1583; x_wconf 85' lang='lat' dir='ltr'>aequori</span> <span class='ocrx_word' id='word_1_391' title='bbox 2132 1527 2259 1570; x_wconf 88' lang='lat' dir='ltr'>adsto,</span> 
     </span>
     <span class='ocr_line' id='line_1_63' title="bbox 1211 1577 2256 1631; baseline -0.002 -13"><span class='ocrx_word' id='word_1_392' title='bbox 1211 1582 1333 1619; x_wconf 84' lang='lat' dir='ltr'>minus</span> <span class='ocrx_word' id='word_1_393' title='bbox 1355 1582 1394 1619; x_wconf 73' lang='grc' dir='ltr'>δε</span> <span class='ocrx_word' id='word_1_394' title='bbox 1414 1582 1536 1620; x_wconf 86' lang='lat' dir='ltr'>minus</span> <span class='ocrx_word' id='word_1_395' title='bbox 1562 1593 1717 1631; x_wconf 84' lang='lat' dir='ltr'>compos</span> <span class='ocrx_word' id='word_1_396' title='bbox 1737 1580 1854 1620; x_wconf 84' lang='lat' dir='ltr'>sensus</span> <span class='ocrx_word' id='word_1_397' title='bbox 1876 1580 1915 1618; x_wconf 87' lang='lat'>&amp;</span> <span class='ocrx_word' id='word_1_398' title='bbox 1937 1586 2084 1618; x_wconf 77' lang='lat' dir='ltr'>mentis.</span> <span class='ocrx_word' id='word_1_399' title='bbox 2110 1585 2153 1617; x_wconf 90' lang='lat' dir='ltr'>ut</span> <span class='ocrx_word' id='word_1_400' title='bbox 2172 1577 2256 1616; x_wconf 86' lang='lat' dir='ltr'>infr.</span> 
     </span>
     <span class='ocr_line' id='line_1_64' title="bbox 1211 1632 1430 1681; baseline 0 -11"><span class='ocrx_word' id='word_1_401' title='bbox 1211 1632 1281 1681; x_wconf 87' lang='lat' dir='ltr'>Ep.</span> <span class='ocrx_word' id='word_1_402' title='bbox 1312 1643 1367 1671; x_wconf 89' lang='lat' dir='ltr'>1v.</span> <span class='ocrx_word' id='word_1_403' title='bbox 1397 1643 1430 1679; x_wconf 92' lang='lat'>7.</span> 
     </span>
    </p>
   </div>
   <div class='ocr_carea' id='block_1_11' title="bbox 1335 1695 1436 1704">
    <p class='ocr_par' dir='ltr' id='par_1_31' title="bbox 1335 1695 1436 1704">
     <span class='ocr_line' id='line_1_65' title="bbox 1335 1695 1436 1704; baseline 0 1972"><span class='ocrx_word' id='word_1_404' title='bbox 1335 1695 1436 1704; x_wconf 95' lang='lat' dir='ltr'> </span> 
     </span>
    </p>
   </div>
   <div class='ocr_carea' id='block_1_12' title="bbox 1202 1679 2257 3338">
    <p class='ocr_par' dir='ltr' id='par_1_32' title="bbox 1314 1679 2007 1782">
     <span class='ocr_line' id='line_1_66' title="bbox 1449 1679 1793 1731; baseline -0.006 -11"><span class='ocrx_word' id='word_1_405' title='bbox 1449 1687 1513 1720; x_wconf 84' lang='lat' dir='ltr'>Ter</span> <span class='ocrx_word' id='word_1_406' title='bbox 1528 1681 1666 1721; x_wconf 83' lang='lat' dir='ltr'>inutilis</span> <span class='ocrx_word' id='word_1_407' title='bbox 1685 1679 1793 1731; x_wconf 72' lang='lat' dir='ltr'>haesit</span> 
     </span>
     <span class='ocr_line' id='line_1_67' title="bbox 1314 1732 2007 1782; baseline 0 -13"><span class='ocrx_word' id='word_1_408' title='bbox 1314 1732 1461 1782; x_wconf 83' lang='lat' dir='ltr'>Lingua.</span> <span class='ocrx_word' id='word_1_409' title='bbox 1744 1732 2007 1770; x_wconf 57' lang='lat' dir='ltr'>Bummnus.</span> 
     </span>
    </p>

    <p class='ocr_par' dir='ltr' id='par_1_33' title="bbox 1206 1776 2257 2237">
     <span class='ocr_line' id='line_1_68' title="bbox 1263 1776 2257 1831; baseline -0.001 -12"><span class='ocrx_word' id='word_1_410' title='bbox 1263 1793 1345 1828; x_wconf 84' lang='lat'>132.</span> <span class='ocrx_word' id='word_1_411' title='bbox 1373 1789 1514 1819; x_wconf 83' lang='lat' dir='ltr'>Cornua</span> <span class='ocrx_word' id='word_1_412' title='bbox 1532 1783 1619 1820; x_wconf 82' lang='lat' dir='ltr'>mole</span> <span class='ocrx_word' id='word_1_413' title='bbox 1645 1782 1794 1831; x_wconf 81' lang='lat' dir='ltr'>rigent.]</span> <span class='ocrx_word' id='word_1_414' title='bbox 1823 1788 1948 1817; x_wconf 84' lang='lat' dir='ltr'>Fronte</span> <span class='ocrx_word' id='word_1_415' title='bbox 1973 1779 2093 1818; x_wconf 83' lang='lat' dir='ltr'>codex</span> <span class='ocrx_word' id='word_1_416' title='bbox 2120 1776 2257 1829; x_wconf 79' lang='lat' dir='ltr'>Angeli</span> 
     </span>
     <span class='ocr_line' id='line_1_69' title="bbox 1209 1829 2257 1881; baseline -0.001 -11"><span class='ocrx_word' id='word_1_417' title='bbox 1209 1832 1359 1881; x_wconf 84' lang='lat' dir='ltr'>Aprofis</span> <span class='ocrx_word' id='word_1_418' title='bbox 1379 1833 1637 1878; x_wconf 83' lang='lat' dir='ltr'>Vintimiliae,</span> <span class='ocrx_word' id='word_1_419' title='bbox 1664 1832 1734 1870; x_wconf 84' lang='lat' dir='ltr'>viri</span> <span class='ocrx_word' id='word_1_420' title='bbox 1766 1832 1901 1880; x_wconf 84' lang='lat' dir='ltr'>optimi</span> <span class='ocrx_word' id='word_1_421' title='bbox 1930 1832 1968 1869; x_wconf 64' lang='grc' dir='ltr'>ὃς</span> <span class='ocrx_word' id='word_1_422' title='bbox 1991 1829 2257 1869; x_wconf 87' lang='lat' dir='ltr'>officiofiffimi.</span> 
     </span>
     <span class='ocr_line' id='line_1_70' title="bbox 1209 1881 2254 1930; baseline -0.003 -9"><span class='ocrx_word' id='word_1_423' title='bbox 1209 1883 1429 1921; x_wconf 71' lang='lat' dir='ltr'>Hnrnsxus.</span> <span class='ocrx_word' id='word_1_424' title='bbox 1459 1884 1513 1922; x_wconf 88' lang='lat' dir='ltr'>Ita</span> <span class='ocrx_word' id='word_1_425' title='bbox 1538 1885 1577 1921; x_wconf 67' lang='grc' dir='ltr'>δί</span> <span class='ocrx_word' id='word_1_426' title='bbox 1603 1885 1641 1921; x_wconf 92' lang='lat' dir='ltr'>in</span> <span class='ocrx_word' id='word_1_427' title='bbox 1672 1882 1921 1921; x_wconf 84' lang='lat' dir='ltr'>Ambrofiano</span> <span class='ocrx_word' id='word_1_428' title='bbox 1952 1881 2082 1920; x_wconf 91' lang='lat' dir='ltr'>codice</span> <span class='ocrx_word' id='word_1_429' title='bbox 2100 1882 2254 1930; x_wconf 86' lang='lat' dir='ltr'>legitur,</span> 
     </span>
     <span class='ocr_line' id='line_1_71' title="bbox 1206 1932 2255 1988; baseline -0.002 -17"><span class='ocrx_word' id='word_1_430' title='bbox 1206 1946 1303 1984; x_wconf 90' lang='lat' dir='ltr'>quae</span> <span class='ocrx_word' id='word_1_431' title='bbox 1334 1934 1447 1972; x_wconf 71' lang='lat' dir='ltr'>lectio</span> <span class='ocrx_word' id='word_1_432' title='bbox 1474 1934 1519 1973; x_wconf 87' lang='lat' dir='ltr'>ab</span> <span class='ocrx_word' id='word_1_433' title='bbox 1539 1933 1694 1972; x_wconf 64' lang='lat' dir='ltr'>indosto</span> <span class='ocrx_word' id='word_1_434' title='bbox 1720 1933 1866 1972; x_wconf 85' lang='lat' dir='ltr'>librario</span> <span class='ocrx_word' id='word_1_435' title='bbox 1896 1932 2075 1982; x_wconf 88' lang='lat' dir='ltr'>proficisci</span> <span class='ocrx_word' id='word_1_436' title='bbox 2097 1932 2255 1988; x_wconf 82' lang='lat' dir='ltr'>nequiit.</span> 
     </span>
     <span class='ocr_line' id='line_1_72' title="bbox 1206 1992 2254 2034; baseline -0.002 -12"><span class='ocrx_word' id='word_1_437' title='bbox 1206 1996 1377 2034; x_wconf 83' lang='lat' dir='ltr'>quamvis</span> <span class='ocrx_word' id='word_1_438' title='bbox 1406 1997 1508 2024; x_wconf 80' lang='lat' dir='ltr'>enim</span> <span class='ocrx_word' id='word_1_439' title='bbox 1540 1997 1669 2023; x_wconf 83' lang='lat' dir='ltr'>omnia</span> <span class='ocrx_word' id='word_1_440' title='bbox 1699 1992 1826 2023; x_wconf 88' lang='lat' dir='ltr'>contra</span> <span class='ocrx_word' id='word_1_441' title='bbox 1855 1996 1934 2022; x_wconf 82' lang='lat' dir='ltr'>vnn</span> <span class='ocrx_word' id='word_1_442' title='bbox 1955 1995 2133 2033; x_wconf 86' lang='lat' dir='ltr'>aquarum</span> <span class='ocrx_word' id='word_1_443' title='bbox 2155 1995 2254 2020; x_wconf 76' lang='lat' dir='ltr'>excr-</span> 
     </span>
     <span class='ocr_line' id='line_1_73' title="bbox 1210 2034 2251 2085; baseline -0.002 -13"><span class='ocrx_word' id='word_1_444' title='bbox 1210 2042 1285 2073; x_wconf 90' lang='lat' dir='ltr'>tata</span> <span class='ocrx_word' id='word_1_445' title='bbox 1335 2047 1449 2085; x_wconf 89' lang='lat' dir='ltr'>opera</span> <span class='ocrx_word' id='word_1_446' title='bbox 1496 2035 1599 2074; x_wconf 86' lang='lat' dir='ltr'>moles</span> <span class='ocrx_word' id='word_1_447' title='bbox 1641 2035 1806 2074; x_wconf 88' lang='lat' dir='ltr'>dicantur</span> <span class='ocrx_word' id='word_1_448' title='bbox 1834 2064 1844 2080; x_wconf 91' lang='lat'>,</span> <span class='ocrx_word' id='word_1_449' title='bbox 1903 2034 2087 2084; x_wconf 85' lang='lat' dir='ltr'>eleganter</span> <span class='ocrx_word' id='word_1_450' title='bbox 2126 2041 2251 2071; x_wconf 86' lang='lat' dir='ltr'>tamen</span> 
     </span>
     <span class='ocr_line' id='line_1_74' title="bbox 1208 2085 2252 2133; baseline -0.002 -10"><span class='ocrx_word' id='word_1_451' title='bbox 1208 2087 1412 2124; x_wconf 85' lang='lat' dir='ltr'>eminentia</span> <span class='ocrx_word' id='word_1_452' title='bbox 1433 2087 1471 2124; x_wconf 89' lang='lat' dir='ltr'>in</span> <span class='ocrx_word' id='word_1_453' title='bbox 1491 2087 1558 2124; x_wconf 81' lang='lat' dir='ltr'>illis</span> <span class='ocrx_word' id='word_1_454' title='bbox 1576 2087 1661 2124; x_wconf 86' lang='lat' dir='ltr'>loca</span> <span class='ocrx_word' id='word_1_455' title='bbox 1677 2087 1812 2133; x_wconf 82' lang='lat' dir='ltr'>frontes</span> <span class='ocrx_word' id='word_1_456' title='bbox 1833 2085 2003 2125; x_wconf 82' lang='lat' dir='ltr'>dicuntur</span> <span class='ocrx_word' id='word_1_457' title='bbox 2021 2113 2032 2130; x_wconf 92' lang='lat'>‚</span> <span class='ocrx_word' id='word_1_458' title='bbox 2059 2093 2099 2123; x_wconf 91' lang='lat' dir='ltr'>ut</span> <span class='ocrx_word' id='word_1_459' title='bbox 2123 2085 2172 2122; x_wconf 86' lang='lat' dir='ltr'>ita</span> <span class='ocrx_word' id='word_1_460' title='bbox 2191 2085 2252 2121; x_wconf 87' lang='lat' dir='ltr'>hic</span> 
     </span>
     <span class='ocr_line' id='line_1_75' title="bbox 1207 2134 2252 2185; baseline 0.001 -11"><span class='ocrx_word' id='word_1_461' title='bbox 1207 2137 1247 2174; x_wconf 89' lang='lat' dir='ltr'>in</span> <span class='ocrx_word' id='word_1_462' title='bbox 1268 2137 1437 2174; x_wconf 89' lang='lat' dir='ltr'>cornibus</span> <span class='ocrx_word' id='word_1_463' title='bbox 1457 2138 1559 2177; x_wconf 88' lang='lat' dir='ltr'>frons</span> <span class='ocrx_word' id='word_1_464' title='bbox 1576 2137 1624 2176; x_wconf 89' lang='lat' dir='ltr'>est</span> <span class='ocrx_word' id='word_1_465' title='bbox 1636 2152 1648 2182; x_wconf 89' lang='lat'>;</span> <span class='ocrx_word' id='word_1_466' title='bbox 1676 2136 1831 2175; x_wconf 87' lang='lat' dir='ltr'>Parnaso</span> <span class='ocrx_word' id='word_1_467' title='bbox 1852 2136 1901 2174; x_wconf 89' lang='lat' dir='ltr'>fic</span> <span class='ocrx_word' id='word_1_468' title='bbox 1926 2136 2052 2175; x_wconf 81' lang='lat' dir='ltr'>tribuit</span> <span class='ocrx_word' id='word_1_469' title='bbox 2077 2134 2252 2185; x_wconf 75' lang='lat' dir='ltr'>Virgilius</span> 
     </span>
     <span class='ocr_line' id='line_1_76' title="bbox 1209 2187 1955 2237; baseline 0 -11"><span class='ocrx_word' id='word_1_470' title='bbox 1209 2187 1250 2226; x_wconf 88' lang='lat' dir='ltr'>in</span> <span class='ocrx_word' id='word_1_471' title='bbox 1273 2188 1402 2226; x_wconf 87' lang='lat' dir='ltr'>Culice</span> <span class='ocrx_word' id='word_1_472' title='bbox 1428 2201 1483 2237; x_wconf 81' lang='lat'>15.</span> <span class='ocrx_word' id='word_1_473' title='bbox 1952 2202 1955 2204; x_wconf 93' lang='lat'>·</span> 
     </span>
    </p>

    <p class='ocr_par' dir='ltr' id='par_1_34' title="bbox 1624 2236 2075 2288">
     <span class='ocr_line' id='line_1_77' title="bbox 1624 2236 2075 2288; baseline -0.002 -13"><span class='ocrx_word' id='word_1_474' title='bbox 1624 2244 1689 2275; x_wconf 83' lang='lat' dir='ltr'>Seu</span> <span class='ocrx_word' id='word_1_475' title='bbox 1707 2251 1777 2288; x_wconf 76' lang='lat' dir='ltr'>qua</span> <span class='ocrx_word' id='word_1_476' title='bbox 1795 2236 1964 2287; x_wconf 78' lang='lat' dir='ltr'>Parnasia</span> <span class='ocrx_word' id='word_1_477' title='bbox 1980 2246 2075 2288; x_wconf 83' lang='lat' dir='ltr'>rupes</span> 
     </span>
    </p>

    <p class='ocr_par' dir='ltr' id='par_1_35' title="bbox 1204 2288 2249 2542">
     <span class='ocr_line' id='line_1_78' title="bbox 1259 2288 2215 2341; baseline 0 -16"><span class='ocrx_word' id='word_1_478' title='bbox 1259 2288 1351 2325; x_wconf 85' lang='lat' dir='ltr'>Hinc</span> <span class='ocrx_word' id='word_1_479' title='bbox 1367 2299 1472 2341; x_wconf 76' lang='lat' dir='ltr'>atque</span> <span class='ocrx_word' id='word_1_480' title='bbox 1493 2288 1575 2327; x_wconf 84' lang='lat' dir='ltr'>hinc</span> <span class='ocrx_word' id='word_1_481' title='bbox 1585 2289 1713 2339; x_wconf 75' lang='lat' dir='ltr'>patula</span> <span class='ocrx_word' id='word_1_482' title='bbox 1725 2289 1934 2340; x_wconf 79' lang='lat' dir='ltr'>praepandit</span> <span class='ocrx_word' id='word_1_483' title='bbox 1953 2302 2079 2325; x_wconf 86' lang='lat' dir='ltr'>cornua</span> <span class='ocrx_word' id='word_1_484' title='bbox 2087 2288 2215 2335; x_wconf 75' lang='lat' dir='ltr'>fronte.</span> 
     </span>
     <span class='ocr_line' id='line_1_79' title="bbox 1206 2337 2249 2390; baseline -0.002 -12"><span class='ocrx_word' id='word_1_485' title='bbox 1206 2339 1292 2378; x_wconf 88' lang='lat' dir='ltr'>vide</span> <span class='ocrx_word' id='word_1_486' title='bbox 1311 2341 1416 2390; x_wconf 84' lang='lat' dir='ltr'>Virg.</span> <span class='ocrx_word' id='word_1_487' title='bbox 1438 2353 1467 2379; x_wconf 91' lang='lat'>1.</span> <span class='ocrx_word' id='word_1_488' title='bbox 1486 2340 1645 2378; x_wconf 69' lang='lat' dir='ltr'>Aeneid.</span> <span class='ocrx_word' id='word_1_489' title='bbox 1670 2341 1748 2378; x_wconf 83' lang='lat'>166.</span> <span class='ocrx_word' id='word_1_490' title='bbox 1770 2341 1807 2378; x_wconf 68' lang='grc' dir='ltr'>δε</span> <span class='ocrx_word' id='word_1_491' title='bbox 1827 2340 2002 2378; x_wconf 83' lang='lat' dir='ltr'>Nostrum</span> <span class='ocrx_word' id='word_1_492' title='bbox 2021 2352 2076 2377; x_wconf 74' lang='grc' dir='ltr'>ιν.</span> <span class='ocrx_word' id='word_1_493' title='bbox 2096 2337 2249 2386; x_wconf 75' lang='lat' dir='ltr'>525.ubi</span> 
     </span>
     <span class='ocr_line' id='line_1_80' title="bbox 1206 2391 2249 2439; baseline -0.001 -11"><span class='ocrx_word' id='word_1_494' title='bbox 1206 2391 1395 2429; x_wconf 84' lang='lat' dir='ltr'>montibus</span> <span class='ocrx_word' id='word_1_495' title='bbox 1414 2391 1550 2439; x_wconf 85' lang='lat' dir='ltr'>frontes</span> <span class='ocrx_word' id='word_1_496' title='bbox 1578 2391 1720 2429; x_wconf 86' lang='lat' dir='ltr'>dantur.</span> <span class='ocrx_word' id='word_1_497' title='bbox 1749 2392 1787 2429; x_wconf 84' lang='lat'>&amp;</span> <span class='ocrx_word' id='word_1_498' title='bbox 1816 2391 2000 2430; x_wconf 78' lang='lat' dir='ltr'>P11·n.x11.</span> <span class='ocrx_word' id='word_1_499' title='bbox 2028 2401 2060 2435; x_wconf 89' lang='lat'>7.</span> <span class='ocrx_word' id='word_1_500' title='bbox 2088 2394 2249 2425; x_wconf 83' lang='lat' dir='ltr'>Frontem</span> 
     </span>
     <span class='ocr_line' id='line_1_81' title="bbox 1207 2440 2247 2491; baseline -0.002 -13"><span class='ocrx_word' id='word_1_501' title='bbox 1207 2441 1355 2491; x_wconf 82' lang='lat' dir='ltr'>Caucafi</span> <span class='ocrx_word' id='word_1_502' title='bbox 1373 2442 1474 2481; x_wconf 86' lang='lat' dir='ltr'>dixit.</span> <span class='ocrx_word' id='word_1_503' title='bbox 1503 2443 1542 2480; x_wconf 70' lang='grc' dir='ltr'>δε</span> <span class='ocrx_word' id='word_1_504' title='bbox 1563 2442 1622 2479; x_wconf 88' lang='lat' dir='ltr'>alii</span> <span class='ocrx_word' id='word_1_505' title='bbox 1642 2442 1780 2491; x_wconf 83' lang='lat' dir='ltr'>pasfim.</span> <span class='ocrx_word' id='word_1_506' title='bbox 1808 2443 1846 2479; x_wconf 67' lang='grc' dir='ltr'>ὃ(</span> <span class='ocrx_word' id='word_1_507' title='bbox 1866 2442 1915 2479; x_wconf 86' lang='lat' dir='ltr'>ita</span> <span class='ocrx_word' id='word_1_508' title='bbox 1938 2440 2070 2477; x_wconf 86' lang='lat' dir='ltr'>Graeci</span> <span class='ocrx_word' id='word_1_509' title='bbox 2092 2440 2247 2482; x_wconf 70' lang='grc' dir='ltr'>μέτωπαι</span> 
     </span>
     <span class='ocr_line' id='line_1_82' title="bbox 1204 2491 2187 2542; baseline -0.004 -12"><span class='ocrx_word' id='word_1_510' title='bbox 1204 2501 1342 2531; x_wconf 84' lang='lat' dir='ltr'>vocant</span> <span class='ocrx_word' id='word_1_511' title='bbox 1359 2494 1608 2542; x_wconf 79' lang='lat' dir='ltr'>procurrentia</span> <span class='ocrx_word' id='word_1_512' title='bbox 1630 2493 1668 2530; x_wconf 89' lang='lat' dir='ltr'>in</span> <span class='ocrx_word' id='word_1_513' title='bbox 1687 2505 1787 2530; x_wconf 87' lang='lat' dir='ltr'>mare</span> <span class='ocrx_word' id='word_1_514' title='bbox 1806 2492 1900 2529; x_wconf 88' lang='lat' dir='ltr'>loca.</span> <span class='ocrx_word' id='word_1_515' title='bbox 1928 2491 2187 2528; x_wconf 75' lang='lat' dir='ltr'>BURMANNUS.</span> 
     </span>
    </p>

    <p class='ocr_par' dir='ltr' id='par_1_36' title="bbox 1204 2539 2248 2641">
     <span class='ocr_line' id='line_1_83' title="bbox 1261 2539 2248 2592; baseline -0.003 -11"><span class='ocrx_word' id='word_1_516' title='bbox 1261 2555 1343 2592; x_wconf 87' lang='lat'>133.</span> <span class='ocrx_word' id='word_1_517' title='bbox 1372 2543 1593 2592; x_wconf 59' lang='lat' dir='ltr'>Imminere]</span> <span class='ocrx_word' id='word_1_518' title='bbox 1622 2542 1828 2579; x_wconf 74' lang='lat' dir='ltr'>Submittere</span> <span class='ocrx_word' id='word_1_519' title='bbox 1847 2541 2172 2590; x_wconf 80' lang='lat' dir='ltr'>quidam3Douza</span> <span class='ocrx_word' id='word_1_520' title='bbox 2193 2539 2248 2578; x_wconf 77' lang='lat' dir='ltr'>di·</span> 
     </span>
     <span class='ocr_line' id='line_1_84' title="bbox 1204 2590 2212 2641; baseline -0.001 -10"><span class='ocrx_word' id='word_1_521' title='bbox 1204 2593 1342 2631; x_wconf 81' lang='lat' dir='ltr'>mittere</span> <span class='ocrx_word' id='word_1_522' title='bbox 1358 2594 1446 2631; x_wconf 88' lang='lat' dir='ltr'>teste</span> <span class='ocrx_word' id='word_1_523' title='bbox 1466 2594 1620 2631; x_wconf 86' lang='lat' dir='ltr'>Francio</span> <span class='ocrx_word' id='word_1_524' title='bbox 1633 2620 1643 2637; x_wconf 91' lang='lat'><strong>,</strong></span> <span class='ocrx_word' id='word_1_525' title='bbox 1664 2593 1727 2641; x_wconf 89' lang='lat' dir='ltr'>qui</span> <span class='ocrx_word' id='word_1_526' title='bbox 1748 2592 1821 2641; x_wconf 88' lang='lat' dir='ltr'>ipse</span> <span class='ocrx_word' id='word_1_527' title='bbox 1843 2591 2001 2629; x_wconf 75' lang='lat' dir='ltr'>malebat</span> <span class='ocrx_word' id='word_1_528' title='bbox 2020 2590 2212 2630; x_wconf 82' lang='lat' dir='ltr'>demittere.</span> 
     </span>
    </p>

    <p class='ocr_par' dir='ltr' id='par_1_37' title="bbox 1257 2644 1879 2694">
     <span class='ocr_line' id='line_1_85' title="bbox 1257 2644 1879 2694; baseline -0.003 -13"><span class='ocrx_word' id='word_1_529' title='bbox 1257 2656 1338 2693; x_wconf 79' lang='lat'>134.</span> <span class='ocrx_word' id='word_1_530' title='bbox 1365 2644 1483 2694; x_wconf 82' lang='lat' dir='ltr'>Erit.]</span> <span class='ocrx_word' id='word_1_531' title='bbox 1515 2645 1633 2681; x_wconf 84' lang='lat' dir='ltr'>Mens.</span> <span class='ocrx_word' id='word_1_532' title='bbox 1662 2644 1879 2680; x_wconf 60' lang='lat' dir='ltr'>Cromnos.</span> 
     </span>
    </p>

    <p class='ocr_par' dir='ltr' id='par_1_38' title="bbox 1202 2690 2248 2884">
     <span class='ocr_line' id='line_1_86' title="bbox 1258 2690 2248 2744; baseline -0.004 -11"><span class='ocrx_word' id='word_1_533' title='bbox 1258 2706 1342 2744; x_wconf 87' lang='lat'>137.</span> <span class='ocrx_word' id='word_1_534' title='bbox 1369 2693 1555 2743; x_wconf 58' lang='lat' dir='ltr'>Duritia]</span> <span class='ocrx_word' id='word_1_535' title='bbox 1585 2693 1725 2729; x_wconf 81' lang='lat' dir='ltr'>Duritie</span> <span class='ocrx_word' id='word_1_536' title='bbox 1751 2693 1880 2742; x_wconf 85' lang='lat' dir='ltr'>scripti.</span> <span class='ocrx_word' id='word_1_537' title='bbox 1908 2690 1956 2729; x_wconf 86' lang='lat' dir='ltr'>fic</span> <span class='ocrx_word' id='word_1_538' title='bbox 1975 2691 2085 2740; x_wconf 87' lang='lat' dir='ltr'>Epist.</span> <span class='ocrx_word' id='word_1_539' title='bbox 2108 2704 2165 2729; x_wconf 76' lang='lat' dir='ltr'>iv.</span> <span class='ocrx_word' id='word_1_540' title='bbox 2187 2691 2248 2740; x_wconf 73' lang='lat'>85.</span> 
     </span>
     <span class='ocr_line' id='line_1_87' title="bbox 1204 2743 2246 2792; baseline -0.004 -9"><span class='ocrx_word' id='word_1_541' title='bbox 1204 2744 1317 2783; x_wconf 88' lang='lat' dir='ltr'>iidem</span> <span class='ocrx_word' id='word_1_542' title='bbox 1337 2745 1482 2783; x_wconf 83' lang='lat' dir='ltr'>codices</span> <span class='ocrx_word' id='word_1_543' title='bbox 1497 2773 1506 2789; x_wconf 84' lang='lat'>‚</span> <span class='ocrx_word' id='word_1_544' title='bbox 1521 2746 1559 2781; x_wconf 86' lang='lat'>&amp;</span> <span class='ocrx_word' id='word_1_545' title='bbox 1572 2745 1665 2780; x_wconf 79' lang='lat' dir='ltr'>Met.</span> <span class='ocrx_word' id='word_1_546' title='bbox 1683 2756 1711 2780; x_wconf 93' lang='lat'>1.</span> <span class='ocrx_word' id='word_1_547' title='bbox 1730 2756 1815 2791; x_wconf 72' lang='lat'>40¹·</span> <span class='ocrx_word' id='word_1_548' title='bbox 1834 2744 1872 2780; x_wconf 71' lang='grc' dir='ltr'>δε</span> <span class='ocrx_word' id='word_1_549' title='bbox 1896 2755 1952 2780; x_wconf 87' lang='lat' dir='ltr'>1v.</span> <span class='ocrx_word' id='word_1_550' title='bbox 1966 2754 2049 2792; x_wconf 79' lang='lat'>750.</span> <span class='ocrx_word' id='word_1_551' title='bbox 2068 2743 2129 2780; x_wconf 86' lang='lat' dir='ltr'>ubi</span> <span class='ocrx_word' id='word_1_552' title='bbox 2148 2743 2246 2780; x_wconf 82' lang='lat' dir='ltr'>male</span> 
     </span>
     <span class='ocr_line' id='line_1_88' title="bbox 1202 2794 2245 2843; baseline -0.002 -11"><span class='ocrx_word' id='word_1_553' title='bbox 1202 2796 1388 2833; x_wconf 83' lang='lat' dir='ltr'>duritiam.</span> <span class='ocrx_word' id='word_1_554' title='bbox 1413 2797 1462 2834; x_wconf 84' lang='lat' dir='ltr'>ita</span> <span class='ocrx_word' id='word_1_555' title='bbox 1490 2796 1585 2832; x_wconf 80' lang='lat' dir='ltr'>forte</span> <span class='ocrx_word' id='word_1_556' title='bbox 1614 2794 1758 2832; x_wconf 80' lang='lat' dir='ltr'>materie</span> <span class='ocrx_word' id='word_1_557' title='bbox 1781 2794 1848 2843; x_wconf 89' lang='lat' dir='ltr'>Ep.</span> <span class='ocrx_word' id='word_1_558' title='bbox 1880 2805 1968 2832; x_wconf 83' lang='lat' dir='ltr'>vm.</span> <span class='ocrx_word' id='word_1_559' title='bbox 2000 2805 2083 2843; x_wconf 78' lang='lat'>511.</span> <span class='ocrx_word' id='word_1_560' title='bbox 2110 2794 2149 2832; x_wconf 70' lang='grc' dir='ltr'>δε</span> <span class='ocrx_word' id='word_1_561' title='bbox 2176 2794 2245 2841; x_wconf 84' lang='lat' dir='ltr'>Ep.</span> 
     </span>
     <span class='ocr_line' id='line_1_89' title="bbox 1208 2858 1350 2884; baseline 0.007 -1"><span class='ocrx_word' id='word_1_562' title='bbox 1208 2858 1263 2884; x_wconf 84' lang='lat' dir='ltr'>1x.</span> <span class='ocrx_word' id='word_1_563' title='bbox 1295 2859 1309 2884; x_wconf 90' lang='lat'>1</span> <span class='ocrx_word' id='word_1_564' title='bbox 1343 2875 1350 2883; x_wconf 87' lang='lat'>.</span> 
     </span>
    </p>

    <p class='ocr_par' dir='ltr' id='par_1_39' title="bbox 1204 2859 2247 3136">
     <span class='ocr_line' id='line_1_90' title="bbox 1307 2859 2099 2945; baseline 0.001 -13"><span class='ocrx_word' id='word_1_565' title='bbox 1307 2859 1407 2945; x_wconf 49' lang='lat' dir='ltr'>{gud</span> <span class='ocrx_word' id='word_1_566' title='bbox 1428 2893 1493 2945; x_wconf 74' lang='lat' dir='ltr'>nisi</span> <span class='ocrx_word' id='word_1_567' title='bbox 1508 2894 1644 2932; x_wconf 78' lang='lat' dir='ltr'>notities</span> <span class='ocrx_word' id='word_1_568' title='bbox 1661 2894 1778 2943; x_wconf 75' lang='lat' dir='ltr'>mifi’ro</span> <span class='ocrx_word' id='word_1_569' title='bbox 1801 2891 1952 2945; x_wconf 70' lang='lat' dir='ltr'>quacfita</span> <span class='ocrx_word' id='word_1_570' title='bbox 1964 2893 2099 2943; x_wconf 82' lang='lat' dir='ltr'>pudori.</span> 
     </span>
     <span class='ocr_line' id='line_1_91' title="bbox 1204 2943 2243 2995; baseline -0.002 -12"><span class='ocrx_word' id='word_1_571' title='bbox 1204 2947 1307 2995; x_wconf 88' lang='lat' dir='ltr'>Virg.</span> <span class='ocrx_word' id='word_1_572' title='bbox 1332 2960 1361 2983; x_wconf 77' lang='lat'>1.</span> <span class='ocrx_word' id='word_1_573' title='bbox 1392 2947 1528 2995; x_wconf 83' lang='lat' dir='ltr'>Georg.</span> <span class='ocrx_word' id='word_1_574' title='bbox 1560 2958 1641 2993; x_wconf 86' lang='lat'>191.</span> <span class='ocrx_word' id='word_1_575' title='bbox 1669 2946 1859 2989; x_wconf 80' lang='lat' dir='ltr'>Luxuries,</span> <span class='ocrx_word' id='word_1_576' title='bbox 1879 2953 1919 2982; x_wconf 90' lang='lat' dir='ltr'>ut</span> <span class='ocrx_word' id='word_1_577' title='bbox 1948 2946 1997 2982; x_wconf 86' lang='lat' dir='ltr'>ibi</span> <span class='ocrx_word' id='word_1_578' title='bbox 2015 2945 2122 2982; x_wconf 86' lang='lat' dir='ltr'>MSS.</span> <span class='ocrx_word' id='word_1_579' title='bbox 2141 2943 2243 2982; x_wconf 82' lang='lat' dir='ltr'>exhi-</span> 
     </span>
     <span class='ocr_line' id='line_1_92' title="bbox 1204 2995 2244 3041; baseline -0.002 -8"><span class='ocrx_word' id='word_1_580' title='bbox 1204 2998 1303 3034; x_wconf 89' lang='lat' dir='ltr'>bent.</span> <span class='ocrx_word' id='word_1_581' title='bbox 1330 2996 1509 3033; x_wconf 83' lang='lat' dir='ltr'>Duritiem</span> <span class='ocrx_word' id='word_1_582' title='bbox 1538 2995 1630 3033; x_wconf 78' lang='lat' dir='ltr'>dixit</span> <span class='ocrx_word' id='word_1_583' title='bbox 1657 2997 1768 3033; x_wconf 81' lang='lat' dir='ltr'>etiam</span> <span class='ocrx_word' id='word_1_584' title='bbox 1801 2996 1924 3033; x_wconf 84' lang='lat' dir='ltr'>Sevcr.</span> <span class='ocrx_word' id='word_1_585' title='bbox 1950 2997 1988 3033; x_wconf 88' lang='lat' dir='ltr'>in</span> <span class='ocrx_word' id='word_1_586' title='bbox 2018 2996 2129 3032; x_wconf 83' lang='lat' dir='ltr'>Actn.</span> <span class='ocrx_word' id='word_1_587' title='bbox 2162 3006 2244 3041; x_wconf 77' lang='lat'>514.</span> 
     </span>
     <span class='ocr_line' id='line_1_93' title="bbox 1205 3045 2247 3097; baseline -0.004 -13"><span class='ocrx_word' id='word_1_588' title='bbox 1205 3048 1267 3085; x_wconf 91' lang='lat' dir='ltr'>ubi</span> <span class='ocrx_word' id='word_1_589' title='bbox 1290 3047 1385 3084; x_wconf 87' lang='lat' dir='ltr'>male</span> <span class='ocrx_word' id='word_1_590' title='bbox 1405 3047 1555 3097; x_wconf 87' lang='lat' dir='ltr'>quidam</span> <span class='ocrx_word' id='word_1_591' title='bbox 1585 3047 1672 3084; x_wconf 86' lang='lat' dir='ltr'>editi</span> <span class='ocrx_word' id='word_1_592' title='bbox 1696 3046 1880 3084; x_wconf 80' lang='lat' dir='ltr'>duritiam.</span> <span class='ocrx_word' id='word_1_593' title='bbox 1909 3047 1946 3083; x_wconf 69' lang='grc' dir='ltr'>ὅ(</span> <span class='ocrx_word' id='word_1_594' title='bbox 1978 3058 2057 3094; x_wconf 65' lang='lat'>540.</span> <span class='ocrx_word' id='word_1_595' title='bbox 2085 3045 2247 3084; x_wconf 77' lang='lat' dir='ltr'>lentities.</span> 
     </span>
     <span class='ocr_line' id='line_1_94' title="bbox 1207 3099 1418 3136; baseline -0.009 0"><span class='ocrx_word' id='word_1_596' title='bbox 1207 3099 1418 3136; x_wconf 68' lang='lat' dir='ltr'>Hmusrus.</span> 
     </span>
    </p>

    <p class='ocr_par' dir='ltr' id='par_1_40' title="bbox 1207 3144 2248 3338">
     <span class='ocr_line' id='line_1_95' title="bbox 1261 3144 2244 3197; baseline -0.002 -12"><span class='ocrx_word' id='word_1_597' title='bbox 1261 3161 1339 3194; x_wconf 76' lang='lat'>142.</span> <span class='ocrx_word' id='word_1_598' title='bbox 1366 3146 1643 3197; x_wconf 76' lang='lat' dir='ltr'>Praebuerant.]</span> <span class='ocrx_word' id='word_1_599' title='bbox 1672 3146 1899 3184; x_wconf 75' lang='lat' dir='ltr'>Praebuerim</span> <span class='ocrx_word' id='word_1_600' title='bbox 1925 3146 2040 3193; x_wconf 83' lang='lat' dir='ltr'>scripti</span> <span class='ocrx_word' id='word_1_601' title='bbox 2064 3144 2244 3183; x_wconf 87' lang='lat' dir='ltr'>nonnulli.</span> 
     </span>
     <span class='ocr_line' id='line_1_96' title="bbox 1207 3195 2245 3247; baseline -0.005 -10"><span class='ocrx_word' id='word_1_602' title='bbox 1207 3199 1280 3237; x_wconf 87' lang='lat' dir='ltr'>Sed</span> <span class='ocrx_word' id='word_1_603' title='bbox 1306 3199 1425 3236; x_wconf 80' lang='lat' dir='ltr'>codex</span> <span class='ocrx_word' id='word_1_604' title='bbox 1452 3201 1633 3237; x_wconf 74' lang='lat' dir='ltr'>Puteanus</span> <span class='ocrx_word' id='word_1_605' title='bbox 1669 3199 1830 3247; x_wconf 81' lang='lat' dir='ltr'>optimus</span> <span class='ocrx_word' id='word_1_606' title='bbox 1851 3226 1861 3242; x_wconf 93' lang='lat'>,</span> <span class='ocrx_word' id='word_1_607' title='bbox 1900 3198 1938 3233; x_wconf 61' lang='grc' dir='ltr'>ὃς</span> <span class='ocrx_word' id='word_1_608' title='bbox 1975 3204 2133 3244; x_wconf 69' lang='lat' dir='ltr'>quatuor</span> <span class='ocrx_word' id='word_1_609' title='bbox 2160 3195 2245 3240; x_wconf 89' lang='lat' dir='ltr'>alii,</span> 
     </span>
     <span class='ocr_line' id='line_1_97' title="bbox 1207 3244 2248 3338; baseline -0.007 -50"><span class='ocrx_word' id='word_1_610' title='bbox 1207 3249 1469 3297; x_wconf 65' lang='lat' dir='ltr'>praebuerunt,</span> <span class='ocrx_word' id='word_1_611' title='bbox 1496 3262 1593 3289; x_wconf 78' lang='lat' dir='ltr'>vere.</span> <span class='ocrx_word' id='word_1_612' title='bbox 1627 3249 1676 3287; x_wconf 84' lang='lat' dir='ltr'>fic</span> <span class='ocrx_word' id='word_1_613' title='bbox 1696 3249 1854 3338; x_wconf 37' lang='lat' dir='ltr'>Epist&amp;</span> <span class='ocrx_word' id='word_1_614' title='bbox 1884 3246 2033 3284; x_wconf 79' lang='lat' dir='ltr'>Didus:</span> <span class='ocrx_word' id='word_1_615' title='bbox 2062 3244 2248 3295; x_wconf 78' lang='lat' dir='ltr'>Necstete-</span> 
     </span>
    </p>

    <p class='ocr_par' dir='ltr' id='par_1_41' title="bbox 1761 3306 2251 3336">
     <span class='ocr_line' id='line_1_98' title="bbox 1761 3306 2251 3336; baseline 0 0"><span class='ocrx_word' id='word_1_616' title='bbox 1761 3310 1783 3336; x_wconf 79' lang='lat'>7.</span> <span class='ocrx_word' id='word_1_617' title='bbox 2163 3306 2251 3336; x_wconf 74' lang='lat' dir='ltr'>runt</span> 
     </span>
    </p>
   </div>
  </div>
 </body>
</html>
