2553 3676
856 209 921 266 P.
996 202 1412 265 OVIDII
1483 201 2016 260 NASONIS

616 298 747 354 Non
771 296 844 353 est
868 308 1015 352 certa
1037 310 1186 351 meos
1208 309 1345 366 quae
1368 291 1541 348 forma
1564 293 1739 348 irritet
1762 310 1987 351 amoreS.

514 390 582 428 10

694 370 935 425 Centum
959 369 1077 423 sunt
1103 365 1332 429 causshe,
1370 384 1466 420 cur
1493 384 1597 445 ego
1619 365 1827 438 semper
1854 386 2048 436 amem.

622 445 746 500 Sive
773 443 946 515 aliqua
971 440 1047 496 est
1070 440 1254 494 oculos
1277 439 1333 492 in
1356 439 1408 493 se
1434 438 1638 506 dejeela
1662 439 1966 504 modest083

696 514 871 571 Uror:
911 514 966 566 ἅτ
989 512 1205 568 infidi-ae
1229 512 1346 563 sunt
1368 508 1547 578 pudor
1569 509 1660 563 ille
1686 528 1851 566 meae.
2091 580 2094 583 Ι

624 589 747 644 Sive
771 605 972 660 procax
997 586 1169 657 aliqua
1194 579 1267 635 est
1286 605 1300 641 ς
1320 579 1524 659 ‘capio-r
1541 618 1556 642 ‚
1591 582 1715 652 quia
1735 585 1926 640 rustica
1947 601 2060 643 non
2082 584 2155 641 est
2166 603 2182 638 1:
2197 602 2208 620 ³

697 661 967 733 Spemque
993 657 1082 711 dat
1106 657 1163 708 in
1186 653 1335 707 molli
1360 651 1571 705 mobilis
1596 653 1700 707 effe
1721 667 1865 712 toro,

514 754 580 804 15
621 734 823 806 Aspera
847 733 885 785 fi
908 730 1012 784 visa
1034 727 1134 790 est,
1173 725 1477 797 rigidasque
1503 724 1709 780 imitata
1734 726 1946 785 Sabinas
1961 754 1980 793 ς

699 805 885 865 Velle,
922 801 1015 856 sed
1039 818 1109 855 ex
1132 799 1241 852 alto
1266 796 1615 862 diffimulare‚
1653 812 1804 871 puto.

613 880 737 934 Sive
761 894 815 929 es
839 873 1029 935 do&a;

1071 873 1246 943 places
1269 888 1409 926 raras
1434 870 1618 924 dotata
1639 889 1736 945 per
1762 885 1926 929 artes:

702 949 825 1003 Sive
850 946 1028 1009 rudi33
1067 945 1259 1018 placita
1282 961 1337 998 es
1360 942 1691 1018 simplicitate
1717 947 1823 1001 tuiz

373 1166 420 1206 ⁸8.
447 1162 635 1214 Auferam]
666 1161 811 1201 Scilicet
835 1173 856 1200 a
883 1161 979 1200 mala
999 1166 1137 1199 mente.
1160 1158 1258 1197 Flor.
1279 1171 1325 1197 Π.
1345 1158 1382 1198 6.

335 1225 381 1258 In
404 1218 580 1265 diversum
598 1214 823 1261 abstulerunt.
849 1213 923 1250 vid.
943 1212 990 1250 ad
1011 1211 1120 1260 Epist.
1139 1223 1193 1247 vx.
1219 1222 1302 1259 131.

385 1282 421 1318 9.
450 1275 531 1304 Noa
561 1265 603 1314 est
630 1264 759 1315 certa]
790 1271 871 1301 Non
892 1263 935 1312 est
956 1276 1029 1301 una
1051 1262 1204 1300 Sari-avii
1223 1273 1244 1299 a
1266 1273 1381 1300 manu

349 1332 373 1349 ,Ρ
476 1345 482 1354 ⁴
499 1347 506 1355 n

332 1319 585 1460 f'cgnilbgitet
601 1367 772 1417 amores.]
799 1366 915 1404 Irritet
937 1373 1095 1416 quatuor
1112 1363 1203 1402 libri.
1221 1364 1379 1401 Metam.

347 1421 394 1460 ib.
417 1433 448 1458 1.
470 1435 491 1466 4
519 1432 552 1456 2.

387 1487 440 1519 Tu
450 1483 531 1529 face
549 1481 654 1528 nescio
675 1494 756 1532 quos
773 1479 834 1528 esto
854 1489 1031 1518 contentus
1050 1492 1181 1517 amores

314 1541 319 1545 “
387 1539 532 1569 Irmare
552 1542 626 1569 tua.

333 1595 393 1689 {lise
414 1594 567 1682 ἑνήῑαία
598 1593 759 1644 voluptas
785 1594 846 1632 lib.
883 1605 940 1632 11.
977 1593 1058 1632 Art.
1086 1593 1176 1631 Am.
1203 1592 1293 1631 Fast.
1325 1603 1382 1631 11.

383 1673 391 1683 ·
443 1658 504 1694 49.

387 1711 478 1743 Tum
492 1704 578 1756 ficco
587 1705 722 1756 primas
743 1706 865 1744 irritat
885 1707 1002 1744 cortice
1013 1704 1196 1757 flammas.

334 1767 434 1805 Vide
455 1780 548 1817 quae
573 1768 646 1806 illic
672 1777 858 1807 notamus.
881 1770 1097 1807 Hmusms,
1127 1767 1251 1805 Irritat
1270 1768 1381 1805 etiam

337 1818 458 1856 codex
478 1819 654 1857 Douzae:
684 1819 813 1857 dubito
840 1829 966 1857 tamen
988 1831 1079 1857 num
1101 1819 1234 1856 mutari
1254 1818 1385 1856 debeat

335 1869 582 1918 plurimorum
600 1870 816 1919 scriptorum
837 1872 874 1908 ὃς
893 1871 1079 1909 editorum
1096 1870 1208 1908 lefflo
1219 1897 1229 1915 ,
1245 1869 1386 1907 invitet.

337 1919 450 1969 Epist.
469 1933 566 1958 xvii.
591 1920 674 1971 183.

389 1978 602 2024 Etpeream‚
624 1975 657 2024 si
673 1989 742 2013 non
761 1975 925 2013 invitant
943 1977 1060 2014 omnia
1081 1976 1227 2026 culpam.

338 2024 421 2063 Nifi
448 2027 486 2063 δε
513 2027 561 2064 ibi
590 2027 737 2063 irritant
763 2028 878 2065 malis.
904 2027 964 2065 sed
984 2027 1094 2073 vide,
1122 2040 1217 2077 quae
1238 2027 1385 2065 notavi-

345 2086 428 2113 rnus
444 2088 561 2126 nuper
578 2077 623 2115 ad
646 2077 778 2127 Vellej.
800 2091 845 2116 11.
865 2080 924 2125 67.
952 2079 1215 2116 BuRMANNus.

399 2139 454 2164 11.
484 2127 604 2163 Oculos
626 2127 664 2164 in
685 2142 738 2164 me
757 2129 883 2178 dejetfla
903 2129 1100 2179 modestos.]
1131 2132 1272 2178 Arguto
1286 2157 1295 2172 ‚
1324 2129 1363 2165 &
1377 2156 1387 2172 ,

341 2174 370 2213 fi
388 2177 620 2226 quidjudico
644 2206 654 2222 ,
682 2191 768 2215 vere
795 2180 969 2226 Junianus
1001 2192 1086 2217 cum
1115 2180 1232 2226 Jureti
1252 2180 1387 2215 Excer-

334 2227 410 2276 25ptis
423 2255 433 2271 ,
459 2228 546 2277 inse
565 2228 702 2277 dejecta.
732 2230 888 2277 Epistola
907 2229 1094 2278 Cydippe&
1120 2242 1133 2266 1
1146 2240 1198 2277 13.

394 2279 615 2328 Luminaque
632 2280 670 2316 in
687 2280 813 2327 gremio
834 2280 945 2316 veluti
964 2280 1077 2326 defixa
1096 2278 1264 2316 tenebam.

340 2327 420 2365 Ubi
440 2329 525 2367 vide
546 2342 641 2379 quae
660 2339 754 2367 noto
767 2359 777 2374 ,
805 2329 871 2367 nisi
891 2331 971 2380 quis
990 2331 1050 2367 hic
1070 2342 1222 2380 quoque
1241 2330 1388 2376 mallet,

343 2377 466 2416 Oculos
485 2380 524 2417 in
545 2380 695 2417 humum
715 2381 855 2429 dejecta.
884 2382 973 2418 Am.
999 2394 1029 2418 1.
1050 2382 1151 2430 Eieg.
1170 2393 1262 2418 vm.

394 2434 488 2468 Cum
507 2429 586 2467 bene
603 2431 737 2480 dejeſslis
750 2431 922 2480 gremium
934 2431 1098 2480 speffiabis
1115 2431 1236 2468 ocellis.

342 2479 404 2518 Sic
423 2481 462 2518 in
482 2491 613 2518 terram
635 2493 678 2521 ey
695 2481 845 2519 humum
866 2481 975 2518 oculos
993 2483 1131 2531 dejicere
1149 2482 1274 2531 paffim
1293 2482 1391 2519 Poe-

342 2539 416 2568 tae.
451 2532 498 2570 de
525 2545 602 2582 quo
632 2535 763 2570 Amor.
796 2546 856 2570 111.
886 2532 988 2581 Eleg.
1020 2545 1090 2570 vir.
1118 2533 1173 2576 xrs.
1201 2534 1260 2577 67.
1291 2540 1331 2569 In
1354 2533 1393 2581 se

344 2581 454 2630 colligi
474 2595 551 2620 non
570 2583 784 2621 dissimiliter
805 2584 958 2621 Po'e'tae.
981 2583 1192 2621 Hmmsms.
1220 2584 1394 2622 Francos.

346 2632 562 2678 confirmat,
590 2634 690 2682 inse.

402 2694 457 2720 12.
485 2690 574 2720 Sum
598 2684 748 2735 puden]
778 2684 836 2722 Fit
860 2684 970 2736 pudor
999 2684 1213 2724 Barberinus
1241 2686 1280 2723 δε
1303 2685 1394 2723 alter

347 2730 502 2770 Moreri.
532 2736 743 2773 Hssmsms.

403 2793 460 2830 13.
489 2785 623 2832 Aliqua
642 2787 721 2836 cst]
752 2785 830 2823 Ulla
850 2786 892 2835 est
915 2787 1055 2836 Gryph.
1076 2787 1115 2823 &
1134 2786 1317 2824 Bersman.

402 2844 461 2880 13·
489 2836 620 2879 Rustica
640 2850 707 2872 non
725 2837 796 2886 cst]
819 2837 1060 2882 Antitheton‚
1075 2837 1202 2886 aspera.
1222 2839 1393 2875 C1OFAN.

404 2894 460 2931 ις.
488 2884 692 2935 Rigidasque
717 2888 862 2924 imitata
888 2889 1079 2938 Sabinas]
1126 2889 1294 2936 Juvenal.
1321 2889 1392 2926 Sat.

352 2947 389 2972 X·
418 2945 502 2982 293·
772 2962 776 2966 ·

531 3012 625 3019 .-.
639 2991 733 3022 Rara
753 2986 795 3032 est
811 2987 893 3024 adeo
915 2990 1091 3026 concordia
1107 2992 1241 3033 fbrmae

400 3039 524 3084 Atque
542 3035 739 3083 pudicitiae..
759 3038 895 3084 santius
917 3038 993 3074 licet
1013 3040 1154 3075 horrida
1173 3054 1281 3076 meres

400 3085 598 3121 Tradiderit
616 3086 736 3122 domus
750 3115 758 3130 ‚
788 3101 827 3122 ac
847 3098 975 3124 veteres
996 3088 1140 3124 imitata
1160 3089 1316 3125 sabinas.

351 3136 406 3175 Ita
432 3136 542 3173 scribe
569 3148 615 3173 ex
645 3139 844 3174 veterrimo
871 3139 1012 3176 codice.
1041 3139 1215 3186 Vulgari,
1243 3139 1396 3176 Sabinos.

350 3186 448 3235 >apud
471 3187 700 3236 Propertium
725 3200 875 3238 quoque
900 3190 991 3227 libro
1020 3202 1066 3226 11.
1089 3190 1190 3237 Eleg.
1215 3201 1273 3238 33.
1301 3192 1396 3228 male

351 3239 506 3287 legitur:

379 3286 381 3288 ’
403 3288 477 3337 Qi
499 3288 634 3337 quaerit
656 3289 769 3328 Tatios
788 3300 918 3328 veteres
938 3290 1104 3340 durosque
1123 3289 1275 3330 sabinos.

2364 1020 2502 1091 Est..

1433 1158 1506 1197 Pro
1525 1160 1699 1211 durasque
1719 1160 1875 1199 sabinas.
1895 1161 1969 1210 agit
1987 1161 2089 1200 enim
2108 1159 2154 1199 de
2174 1159 2378 1210 puellarum
2397 1173 2474 1202 mo-

1434 1211 1531 1249 ribus
1550 1212 1610 1249 illa
1633 1213 1772 1262 Elegia.
1799 1213 1838 1250 δε
1856 1223 1946 1249 mox
1967 1213 2149 1262 subjungit
2167 1212 2264 1261 ipse:

1487 1262 1591 1310 Qod
1601 1262 1663 1311 seu
1684 1273 1725 1299 tu
1744 1263 1873 1312 Grajas
1885 1290 1896 1307 ,
1918 1264 1981 1309 fi’u
1991 1261 2040 1311 fis
2060 1263 2205 1300 imitata
2224 1262 2380 1301 Sabinas.

1436 1311 1495 1350 Sic
1522 1313 1678 1358 Noster,
1697 1313 1858 1351 rincultas
1888 1313 1988 1350 Tatio
2016 1324 2181 1362 regnante
2199 1313 2354 1352 Sabinas.
2380 1315 2473 1364 supra

1434 1363 1495 1400 lib.
1523 1376 1553 1401 1.
1584 1364 1686 1413 Eleg.
1716 1364 1751 1402 8.
1776 1364 1899 1408 dixit,
1933 1365 1971 1402 &
1998 1363 2045 1402 de
2072 1364 2326 1403 Medicamine
2350 1365 2475 1405 Faciei.

1437 1414 1572 1453 Amor.
1589 1415 1649 1452 lib.
1669 1428 1735 1453 111.
1754 1415 1856 1465 Eleg.
1876 1414 1911 1452 8.

1489 1470 1544 1501 At
1562 1479 1654 1502 nunc
1670 1476 1834 1516 exaequet
1856 1465 1997 1503 tetricas
2020 1465 2097 1503 lt'cet
2116 1465 2181 1503 illa
2203 1466 2360 1506 Sabinas.

1438 1514 1570 1555 Statius
1589 1517 1728 1555 Pietate
1746 1516 1955 1555 Abascantii
1974 1517 2067 1554 libro
2084 1529 2120 1555 v.
2139 1518 2236 1567 Sylv.
2262 1531 2293 1556 1.
2318 1524 2401 1559 122.

1923 1566 2022 1603 Velut
2042 1568 2184 1616 Appula
2199 1569 2324 1617 conjux

1490 1619 1673 1668 Agricolae
1690 1618 1810 1667 parci,
1830 1617 1889 1654 vel
1906 1617 1977 1653 Sole
1994 1617 2122 1664 infesta
2142 1618 2271 1655 Sabina
2281 1633 2294 1662 3

1487 1671 1590 1716 Qae
1606 1669 1705 1706 videt
1724 1668 1858 1705 emerit-i
1868 1668 1949 1717 jam
1963 1668 2252 1718 prospeffantibus
2273 1668 2372 1717 astris

1491 1725 1632 1770 Tempus
1654 1719 1758 1768 adeffe
1776 1719 1862 1756 viri.

1438 1770 1498 1809 Sic
1530 1772 1657 1816 malo,
1684 1782 1798 1820 quam
1825 1769 1928 1820 quod
1953 1781 2055 1809 nunc
2078 1770 2232 1820 legitur,
2259 1770 2329 1808 Sole
2355 1770 2497 1819 infesta*

1442 1821 1577 1859 Sabino.
1600 1823 1811 1860 Hemsms.
1839 1821 1994 1859 Martial.
2018 1832 2072 1859 1x.
2090 1834 2148 1868 41.

1494 1875 1616 1960 §Lgam
1638 1872 1744 1920 castae
1761 1884 1892 1923 quoque
1911 1871 2064 1921 diligunt
2084 1872 2241 1910 Sabinae.

1443 1936 1477 1962 x.
1510 1937 1522 1961 1
1556 1952 1564 1961 .

1491 1979 1538 2011 Et
1559 1987 1646 2025 quas
1664 1973 1842 2012 horribiles
1857 1972 1974 2022 legunt
1997 1973 2154 2012 Sabinae.

2533 1759 2553 1889 —J?‘.3⁴
2536 1668 2537 1674 ⁴

1441 2026 1484 2063 In
1506 2025 1672 2063 Palatino
1693 2033 1790 2070 erat,
1817 2024 2012 2075 rigidasque
2020 2025 2141 2073 secuta
2159 2022 2316 2062 Sabinas.
2343 2025 2441 2074 quod
2459 2037 2479 2065 a
2544 2030 2549 2066 i

1440 2076 1586 2114 librario
1610 2075 1747 2114 fluxiffe
1770 2086 1848 2113 non
1866 2084 1980 2123 puto;
2009 2076 2070 2113 sed
2099 2087 2223 2113 veram
2255 2076 2385 2114 Ovidii
2408 2088 2480 2114 ma-
2544 2092 2553 2114 ἰ

1442 2139 1534 2164 num
1554 2125 1624 2164 effe
1643 2127 1816 2171 arbitror,
1837 2126 1989 2176 ejusque
2007 2123 2183 2175 gloffema
2199 2126 2358 2165 imitata.
2375 2126 2478 2177 Epist.

1444 2189 1744 2276 λνζῖαῖἐῢεᾳιιαν
1768 2219 1923 2276 Aegidae
1940 2229 2094 2276 fafflum.

1443 2279 1492 2317 Et
1518 2280 1567 2316 ita
1594 2279 1720 2328 paffim
1750 2279 1822 2316 alii.
1848 2288 1958 2329 atque
1979 2280 2067 2317 hinc
2087 2279 2199 2330 festae
2224 2279 2263 2317 ὅ(
2282 2278 2408 2329 seflan'
2422 2277 2480 2318 ali·
2527 2310 2550 2319 ,.

1444 2341 1569 2380 quem.
1598 2330 1862 2367 ssuRMANNus.

1501 2381 1554 2417 16.
1583 2380 1692 2424 Velle,
1702 2381 1765 2429 fid
1785 2394 1826 2416 ex
1842 2379 1914 2416 alto
1931 2379 2140 2428 diffimulare
2155 2380 2268 2431 putu]
2293 2381 2363 2418 Pro
2382 2379 2479 2418 subli-
2548 2387 2549 2392 ’

1447 2432 1580 2476 miter,
1611 2439 1648 2469 ut
1674 2433 1722 2469 ita
1751 2431 1871 2468 dicam
1887 2459 1897 2475 ‚
1920 2432 2086 2476 excelse,
2113 2432 2284 2480 gloriose.
2311 2431 2400 2470 dixit
2423 2442 2479 2469 au·

1447 2490 1524 2519 tem
1545 2496 1586 2518 ex
1606 2481 1699 2526 alto,
1727 2489 1767 2520 ut
1785 2481 1886 2530 supra
1905 2495 1946 2518 ex
1964 2481 2077 2529 facili.
2106 2484 2184 2520 Aut
2202 2496 2243 2520 ex
2261 2482 2354 2528 alto,
2381 2481 2417 2520 id
2437 2479 2478 2520 est

1448 2544 1468 2570 a
1485 2533 1692 2583 longinquo
1706 2560 1716 2575 ,
1745 2540 1785 2570 ut
1801 2532 1898 2581 apud
1921 2534 2022 2581 Virg.
2043 2545 2136 2571 vm.

1501 2584 1601 2632 Qid
1627 2583 1755 2632 cauffas
1776 2583 1864 2632 petis
1891 2596 1934 2620 ex
1962 2584 2062 2622 alto?

1449 2634 1583 2672 Cicero
1605 2635 1715 2672 eriam
1740 2634 1778 2671 in
1802 2634 2056 2678 familiaribus,
2085 2634 2264 2684 Qon‘iam
2290 2649 2332 2672 ex
2350 2634 2418 2672 alto
2434 2646 2481 2672 re-

1442 2685 1555 2734 petita
1574 2687 1672 2734 sunt.
1704 2687 1881 2722 Mffluus.
1909 2689 1964 2720 Ex
1989 2685 2061 2720 alto
2089 2686 2264 2734 fignificat
2287 2686 2479 2729 hocloco,

1449 2736 1550 2785 quasi
1572 2748 1657 2774 cuin
1676 2735 1840 2786 quodam
1858 2734 1999 2773 fastidio
2013 2763 2022 2777 ‚
2048 2735 2220 2784 superbe,
2246 2738 2316 2774 δῖε,
2343 2737 2480 2785 Sumpta

1450 2787 1666 2835 metaphora
1686 2787 1729 2824 ab
1748 2788 1810 2831 iis,
1839 2787 1903 2834 qui
1924 2797 1969 2823 ex
1989 2786 2064 2823 alto
2093 2787 2218 2836 aliquo
2245 2788 2331 2825 loco
2352 2795 2479 2825 ceteros

1448 2837 1660 2886 despiciunt.
1691 2838 1749 2875 Sic
1768 2837 1922 2874 dicimus
1942 2837 2101 2885 aliquem
2122 2851 2163 2873 ex
2182 2837 2253 2874 alto
2275 2838 2398 2880 ridere,
2413 2848 2482 2873 con-

1448 2898 1618 2932 temnere,
1648 2890 1686 2926 &
1716 2888 1856 2925 fimilia.
1885 2888 2111 2924 chrLLus.
2139 2892 2193 2923 Ex
2222 2898 2290 2924 toto
2316 2888 2480 2926 Palatinus

1449 2939 1549 2976 alter.
1578 2949 1619 2976 ur
1646 2938 1756 2986 Epist.
1783 2950 1861 2974 xvr.
1895 2937 1976 2985 158.
2008 2944 2077 2974 Nec
2107 2943 2216 2974 Venus
2233 2952 2274 2974 cx
2294 2949 2359 2975 toto
2378 2935 2480 2984 nostra
2552 2951 2553 2954 ¹

1443 2989 1559 3037 suiffiet
1579 2991 1680 3025 iners.
1700 2988 1794 3025 male
1815 2996 1962 3030 tamem
1981 3000 2102 3037 neque
2122 2989 2365 3037 expositiones
2383 2997 2479 3024 com-

1452 3048 1702 3076 mentatorum
1732 3038 1875 3085 placent
1900 3039 1990 3075 satis.
2021 3044 2076 3075 Ex
2107 3040 2178 3076 alto
2207 3039 2254 3076 est
2281 3040 2376 3076 enim
2401 3046 2483 3085 pro·

1451 3089 1566 3125 funde
1604 3088 1784 3126 simulans.
1831 3098 1872 3127 ut
1909 3089 2226 3139 subintelligatur,
2264 3091 2399 3139 pertore.
2443 3092 2482 3123 ut

1452 3138 1584 3187 Virgil.
1610 3151 1641 3176 1.
1662 3139 1819 3177 Aeneid.
1845 3140 1900 3178 16.

1506 3195 1631 3225 Manet
1652 3190 1728 3226 alta
1749 3201 1862 3227 mente
1882 3190 2057 3240 repostum.

1452 3239 1528 3276 Ubi
1549 3240 1692 3277 Servius
1708 3242 1858 3289 secreta,
1890 3243 2076 3279 recondita.
2105 3241 2190 3279 vide
2208 3241 2253 3279 ibi
2274 3241 2380 3278 etiam
2403 3237 2487 3275 Cer-

1454 3290 1537 3330 dam
1553 3318 1564 3337 ‚
1587 3291 1746 3340 pluribus
1766 3293 1943 3341 exemplis
1963 3294 2053 3331 haec
2073 3293 2317 3332 illustrantem.
2336 3289 2488 3329 locutio-

2424 3347 2492 3381 ne,
