2553 3676
776 203 838 262 P.
913 199 1330 261 OV1D11
1402 200 1937 262 NASONIS

561 292 635 351 Di
661 292 880 354 melius,
921 308 1083 366 quam
1106 307 1204 347 nos
1232 307 1544 348 moneamus
1571 294 1689 349 talia
1715 295 2068 372 quemquam!

420 384 525 437 440

636 365 713 421 Ut
740 364 968 437 prosint,
1007 382 1118 420 non
1140 364 1260 421 sunt
1285 366 1609 436 experienda
1633 380 1828 424 tamen.

563 439 782 496 Hortor
807 437 892 502 δε,
927 452 987 493 ut
1012 437 1207 511 pariter
1233 437 1378 492 binas
1403 437 1635 493 habeatis
1663 441 1873 499 amicas.

637 512 855 566 Fortior
879 511 982 575 est,
1005 512 1179 584 plures
1204 510 1240 563 si
1263 510 1380 581 quis
1399 509 1603 588 ‘habere
1627 514 1815 582 potest.

561 584 716 640 Sesta
752 584 1006 656 bipartito
1032 601 1156 637 eum
1183 598 1332 634 mens
1357 579 1604 636 discurrit
1627 597 1887 658 utroque:

646 659 886 713 Alterius
911 657 1050 711 vires
1074 653 1329 707 subtrahit
1355 654 1485 709 alter
1510 672 1675 709 amor.

420 751 522 802 445
567 731 808 787 Grandia
832 747 927 801 per
952 727 1150 781 multos
1175 738 1461 781 tenuantur
1487 727 1708 783 flumina
1732 730 1904 801 τίνος,

636 803 894 874 Castaque
922 799 1142 855 &duero
1170 799 1345 871 stipite
1370 798 1583 854 flamma
1609 802 1764 874 perit.

560 877 688 932 Non
714 875 831 929 satis
857 890 960 928 una
983 885 1134 928 tenet
1156 884 1356 928 ceratas
1380 873 1612 927 anchora
1637 891 1866 948 puppes:

638 950 768 1005 Non
790 948 908 1002 satis
932 945 1008 1001 est
1032 946 1247 1020 liquidis
1272 945 1459 1001 unicus
1484 947 1666 1002 hamus
1693 951 1858 1022 aquis,

272 1141 310 1180 in
328 1139 577 1180 Patavino.ln
592 1138 806 1176 Sarraviano
821 1137 981 1181 ,radenti
1002 1135 1162 1185 obscaena
1176 1138 1321 1186 paellae.

271 1202 313 1230 ut
331 1192 491 1240 obscaena
514 1191 581 1228 sint
602 1198 718 1238 partes
738 1189 944 1237 pudendae.
969 1197 1009 1226 ut
1019 1189 1121 1236 saepe
1132 1190 1227 1226 alibi.
1245 1190 1319 1228 vid.

267 1243 315 1280 ad
336 1256 388 1280 vx.
412 1243 498 1280 Fast.
521 1243 604 1289 631.
634 1240 704 1277 Sed
722 1240 859 1276 reddere
875 1239 1034 1288 obscaena
1055 1239 1147 1277 dixit
1167 1252 1321 1291 quoque

269 1292 392 1341 Pomp
427 1293 524 1330 Mela
545 1292 622 1329 libr.
648 1304 676 1328 1.
698 1302 773 1339 cap.
795 1304 830 1339 9.
885 1291 1153 1328 Rumpimus.

321 1344 406 1394 438.
434 1348 481 1379 Et
497 1343 592 1379 vidit
611 1355 698 1393 quae
720 1341 828 1392 mos.]
858 1347 946 1379 Mox
962 1341 1321 1387 librimeliore3‚sed

273 1396 385 1432 male.
440 1395 651 1432 Hzmsms.

324 1445 409 1494 438.
436 1449 482 1481 Et
494 1444 589 1481 vidit
604 1472 612 1487 ,
641 1457 729 1493 quae
749 1458 829 1482 mox
849 1444 913 1493 ipse
933 1443 1053 1481 videre
1071 1453 1172 1481 vetat
1186 1452 1201 1481 ?
1229 1442 1244 1492 ]
1267 1443 1320 1481 Ita

267 1496 469 1545 legendum
483 1496 627 1533 videtur
639 1522 649 1538 ‚
659 1496 795 1533 eodem
809 1496 901 1533 libro
913 1495 1140 1544 suffragante.
1153 1495 1324 1533 CioFAN.

270 1544 361 1584 Mox
377 1547 447 1596 ipsa
464 1546 542 1583 libri
563 1547 747 1584 meliores.
763 1547 822 1585 sed
847 1547 954 1584 male.
981 1547 1193 1583 Heinsius.

321 1609 406 1644 440.
435 1596 655 1646 Expedienda
683 1597 848 1647 tamem]
878 1597 1093 1646 experienda
1119 1597 1324 1634 Puteaneus

269 1649 311 1687 ἅ
335 1649 442 1686 rnulti
459 1649 518 1686 alii
540 1660 584 1685 ex
603 1648 738 1697 scriptis
758 1661 843 1686 cum
865 1649 982 1697 prima
1003 1648 1180 1686 editione.
1206 1647 1254 1685 slC
1269 1648 1326 1688 'm-

269 1700 323 1737 fra
334 1699 391 1742 515.
413 1699 495 1744 804.
516 1700 598 1736 vice
619 1700 717 1737 versa
736 1699 966 1737 scribendum
987 1699 1058 1737 est:

329 1756 388 1800 Spe
409 1750 509 1786 citius
529 1750 670 1786 monitis
690 1751 858 1798 expediere
878 1750 974 1788 meis.

271 1801 347 1840 Ubi
386 1801 548 1850 experiere
588 1801 785 1850 legebatur.
839 1802 1054 1840 HEt-NSIUS.
1106 1801 1328 1852 ExpedIenda

270 1852 338 1889 tibi
379 1851 612 1899 Bodlejanus.
649 1852 857 1902 expedienda
884 1862 1006 1889 tamen
1043 1853 1178 1890 Aldina
1210 1855 1329 1902 poste-

270 1903 369 1993 rsior,
382 1903 522 1952 Gryph.
535 1904 803 1942 &recentiores
824 1903 1020 1954 quaedam.
1041 1904 1238 1955 excipienda
1251 1904 1327 1944 duo

292 1966 339 1992 cri
369 1962 408 1992 ti.

323 1967 407 2052 432.
434 2004 566 2045 Habere
584 2005 700 2058 potest.
724 2005 739 2057 ]
770 2005 902 2044 Habere
923 2015 1031 2056 parat
1053 2019 1146 2045 unus
1169 2006 1327 2045 Heinsti.

272 2063 366 2106 potes
383 2056 597 2094 Patavinus:
627 2058 801 2096 Heinsius
819 2058 909 2097 olim
931 2059 1102 2104 volebat,
1122 2058 1250 2106 fortior
1271 2071 1325 2104 es,

271 2105 435 2157 pluresfi
455 2108 531 2157 quis
551 2107 673 2144 habere
690 2118 789 2156 potes.
894 2146 899 2152 ,

325 2161 408 2204 446.
434 2160 595 2208 Seffi‘aque
617 2159 783 2206 ficbduffo
805 2160 918 2209 stipite
934 2159 1091 2212 flamma
1107 2160 1237 2211 perit.]
1267 2161 1322 2199 Ita

270 2206 387 2256 Jureti
418 2209 550 2246 codex.
586 2210 689 2257 quod
717 2211 799 2247 ferri
825 2223 901 2249 non
932 2212 1048 2261 potest
1071 2241 1081 2256 ,
1118 2225 1203 2249 cum
1231 2224 1322 2250 mox

272 2257 510 2307 praecesserit.
550 2261 666 2308 prima
695 2260 810 2299 editio
830 2291 844 2306 ,
881 2264 919 2299 &
951 2264 1071 2312 major
1103 2263 1321 2312 scriptorum

272 2321 352 2358 pars
366 2338 376 2355 ‚
403 2315 616 2360 Magnaque.
644 2311 732 2348 odio
754 2312 900 2350 codices
914 2341 924 2357 ‚
953 2319 1119 2363 Lataque.
1134 2315 1323 2363 quinque,

272 2361 445 2412 Altaque.
483 2371 578 2405 tres,
617 2367 805 2412 Lerztaque.
839 2363 914 2401 duo
931 2391 941 2407 ,
981 2365 1181 2414 Multaque.
1205 2377 1322 2408 unuS‚

274 2415 490 2462 Cunffi‘aque.
527 2413 637 2456 alius,
667 2418 827 2463 Totaque.
864 2413 1097 2451 vetussifflina
1117 2415 1256 2458 editio,
1285 2416 1323 2452 ὃς

273 2463 592 2512 quinquescripti‚
623 2464 806 2515 Laesaque.
829 2465 1023 2509 Politiani,
1052 2467 1327 2514 LaeraqueRe-

273 2514 352 2560 gius
371 2542 381 2556 ‚
407 2514 607 2564 Haesaque,
636 2515 722 2560 vel,
761 2515 939 2565 Caffizque.
966 2515 1070 2565 quod
1094 2516 1325 2564 ‚postremum

275 2564 491 2612 amplcetor.
520 2565 625 2602 Silius
640 2565 702 2603 lib.
725 2578 759 2603 v.
784 2578 865 2614 571.

530 2616 665 2665 Stipula
685 2615 872 2665 crepitabat
895 2617 999 2655 inan-i

330 2666 418 2710 Ignis
434 2666 524 2703 iners
538 2695 547 2711 ‚
577 2667 768 2717 cassamque
786 2667 979 2718 dabatfine
997 2668 1110 2706 robore
1121 2669 1327 2720 flammam.

276 2712 377 2750 'Vide
402 2718 516 2754 Notas
536 2718 624 2756 Fati.
646 2731 700 2756 vt.
721 2719 778 2761 βε.
798 2721 882 2766 406.
911 2720 1112 2769 &Elegin
1127 2722 1327 2771 Drus.236.

275 2763 506 2820 J’uteaneus,
535 2774 708 2820 Totaque,
737 2771 776 2807 ὅ(
796 2776 975 2820 Latiique,
1004 2771 1063 2808 vel
1077 2772 1324 2821 Laesaquepro

278 2815 416 2852 diversa
438 2816 609 2855 ledione.
639 2830 820 2867 praeterea
842 2833 908 2870 pro
919 2821 1089 2870 subducto
1099 2823 1235 2870 Regius
1257 2835 1327 2871 op-

275 2866 389 2903 timus
414 2867 597 2914 &septem
619 2871 674 2907 alii
690 2896 698 2913 ,
715 2872 864 2918 sedacio.
892 2873 1002 2909 etiam
1018 2873 1123 2909 bene.
1154 2874 1234 2910 Nec
1248 2886 1326 2911 ma-

276 2916 311 2954 le
330 2916 466 2953 didufio
486 2918 690 2956 Puteaneus
711 2933 795 2958 cuin
817 2923 889 2959 alio
909 2935 953 2959 cx
972 2924 1111 2961 nostris.
1151 2924 1297 2961 Hiims.

331 2966 414 3012 448.
443 2973 513 3004 Nec
529 2969 662 3018 satir]
694 2977 770 3006 Non
782 2973 1200 3022 satisscriptimajoriex
1212 2984 1326 3024 parte.

278 3018 489 3057 Hfflxsrus.
521 3025 560 3055 In
581 3019 723 3067 liquidis
745 3023 883 3058 Mor-eti
904 3024 942 3058 ὃς
966 3024 1165 3060 Leidensis.

330 3082 414 3116 451.
443 3075 568 3109 Freeras
587 3070 783 3121 dominae]
799 3071 911 3107 rueris
929 3073 1065 3121 Regius
1080 3100 1091 3117 ,
1104 3074 1328 3119 immanens,

278 3119 476 3168 &septem
499 3120 571 3158 alii.
626 3122 770 3158 Herus.

329 3183 412 3219 453.
444 3177 485 3207 In
507 3172 674 3219 Prognide
701 3172 851 3221 perdidit
874 3172 1003 3223 ignes.]
1046 3173 1087 3211 In
1122 3175 1332 3219 nonnullis,

276 3220 316 3257 in
342 3222 497 3258 Prouide.
525 3231 797 3272 utrumcunque
815 3224 977 3272 legatur,
995 3236 1066 3273 ego
1085 3225 1264 3273 nusquam
1288 3226 1335 3263 de

278 3271 332 3307 liis
349 3273 486 3309 Minois
515 3275 700 3311 amoribus
721 3275 919 3323 quicquam
946 3276 1026 3325 legi.
1081 3276 1338 3314 Nauofinms.

278 3319 322 3360 ln
357 3323 520 3373 Prognide
549 3324 720 3374 scriptum
758 3327 964 3364 annotavi:
993 3338 1129 3378 ,quum
1159 3334 1200 3369 liz
1229 3327 1341 3366 Ploti-

2409 1026 2421 1040 0

2313 1023 2426 1099 Qui

1374 1137 1631 1187 detegendum
1663 1138 1716 1177 fit.
1751 1138 1837 1177 Fuit
1866 1140 1966 1178 enim
1991 1139 2100 1177 Plotis
2125 1139 2259 1179 mulier
2286 1141 2430 1182 formoa

1375 1189 1409 1226 sa
1425 1217 1434 1234 ,
1462 1201 1573 1238 quam
1595 1192 1734 1228 amavit
1757 1191 1910 1235 Minos,
1938 1191 2063 1229 retich
2100 1191 2297 1240 Pafipha'e':
2334 1206 2429 1243 quae

1377 1251 1419 1277 ea
1451 1240 1553 1278 causa
1576 1242 1699 1289 postea
1717 1242 1811 1279 faeta
1833 1243 1881 1280 est
1903 1243 2076 1280 meretrix
2091 1270 2100 1285 ,
2142 1251 2179 1280 ut
2206 1243 2351 1282 Pindari
2372 1246 2429 1283 in·

1376 1298 1513 1339 terpres
1533 1291 1661 1330 scribit.
1699 1293 1790 1330 Sunt
1811 1294 1875 1342 qui
1893 1293 1932 1329 in
1959 1293 2119 1330 Procride
2143 1294 2343 1342 legendum
2364 1308 2431 1344 pu-

1376 1350 1467 1379 tent.
1496 1343 1636 1380 Procris
1654 1345 1755 1381 enim
1783 1344 1938 1392 Cephali
1960 1355 2056 1382 uxor
2070 1372 2080 1389 ,
2108 1345 2242 1382 Minoa
2263 1345 2433 1385 laboran-

1376 1400 1453 1429 tem
1474 1392 1636 1439 sanavit,
1666 1403 1705 1433 ut
1725 1395 1842 1432 scribit
1862 1395 2071 1445 Hyginius:
2101 1396 2139 1432 δε
2159 1407 2225 1444 pro
2251 1408 2297 1433 eo
2318 1397 2432 1435 bene-

1379 1441 1466 1480 ficio
1488 1455 1617 1481 canem
1645 1445 1688 1483 ab
1720 1457 1767 1485 eo
1787 1447 1940 1494 accepit.
1983 1447 2177 1483 Menum.
2226 1447 2432 1496 Naugerius

1381 1504 1513 1532 monet
1534 1495 1570 1532 in
1589 1496 1802 1544 quibusdam
1826 1497 1922 1534 libris
1945 1497 2093 1534 Pronide
2120 1497 2203 1545 legi.
2231 1499 2431 1546 quomodo

1380 1545 1419 1582 δε
1442 1546 1612 1584 nonnulli
1632 1558 1678 1584 ex
1697 1548 1836 1585 nostris.
1863 1548 1947 1585 Nec
1966 1556 2092 1585 tamen
2108 1548 2169 1584 hic
2182 1547 2252 1584 sese
2274 1550 2436 1597 expedit.
2512 1586 2520 1596 ‚K

1382 1596 1570 1635 Omnium
1593 1600 1811 1636 veterrimus
1833 1598 1992 1647 Regius,
2020 1597 2224 1646 Prognaede.
2255 1599 2432 1647 Optimus

1379 1646 1610 1693 Puteaneus,
1636 1649 1784 1687 Pocride.
1814 1660 1906 1687 unus
1927 1649 2145 1692 Patavinus‚
2174 1649 2347 1697 Progride.
2375 1651 2436 1691 alii

1380 1698 1493 1736 aliter.
1549 1700 1610 1737 Ne
1639 1699 1762 1739 dubita
1791 1700 1881 1750 quin
1911 1699 2072 1736 Procride
2108 1698 2149 1737 sit
2190 1699 2435 1740 scribendum.

1380 1749 1494 1787 Hanc
1524 1752 1624 1789 enim
1652 1751 1791 1789 amavit
1816 1751 1957 1788 Minos.
2012 1750 2145 1788 Obiter
2170 1762 2248 1787 rem
2279 1759 2435 1801 tangunt

1381 1799 1571 1839 Antonius
1602 1802 1778 1841 Liberalis
1814 1801 1875 1840 sub
1908 1800 2023 1840 finem
2053 1801 2437 1850 Metamorphoseon‚

1382 1851 1636 1901 Apollodorus
1656 1854 1694 1891 in
1715 1853 1945 1892 Bibliotheca
1959 1880 1968 1897 ,
1998 1853 2037 1889 ὅ(
2055 1853 2216 1890 Tzetzes
2239 1853 2384 1892 Chiliad
2407 1867 2437 1896 1.

1383 1902 1547 1942 Fab.-xx.
1584 1904 1695 1942 Certe
1717 1903 1929 1942 Procridem
1960 1902 2006 1940 ad
2038 1904 2212 1941 Minoem
2243 1903 2371 1953 fugisse
2395 1905 2436 1944 in

1383 1954 1534 1992 Cretam
1556 1954 1674 2003 plures
1695 1955 1867 1994 testantur
1886 1983 1896 2000 ‚
1933 1965 2097 2003 eumque
2125 1966 2170 1991 ex
2188 1954 2309 1992 ulcere
2341 1957 2435 1995 circa

1382 2005 1553 2054 pudenda
1572 2006 1802 2044 laborantem
1825 2002 1956 2044 sanasse
1977 2033 1988 2050 ‚
2012 2017 2106 2054 quos
2135 2006 2230 2043 inter
2260 2006 2434 2056 Hyginus

1381 2057 1420 2094 in
1452 2057 1605 2105 poetico
1634 2057 1922 2101 Astronomico,
1951 2057 1988 2093 &
2011 2056 2259 2105 Palaephatus.
2291 2069 2322 2095 1.
2351 2059 2434 2103 περὶ

1379 2108 1487 2153 pausian
1509 2136 1519 2152 ‚
1574 2116 1714 2157 praeter
1740 2107 1908 2146 auetores
1941 2115 2027 2144 ante
2068 2106 2248 2146 laudatos.
2303 2108 2432 2147 sedin

1378 2159 1534 2207 vulgatis
1553 2159 1759 2207 Palaephati
1783 2158 2049 2207 exemplaribus
2068 2170 2258 2207 perperam
2277 2171 2345 2209 pro
2365 2158 2436 2197 ὑπῖι

1379 2209 1569 2254 Πρόκριὲος
1586 2208 1821 2258 legittimum
1844 2209 1969 2256 κριδός.
1993 2209 2098 2259 quod
2115 2210 2295 2248 mendum
2318 2212 2433 2250 etiam

1379 2269 1479 2300 extat
1498 2261 1534 2297 in
1558 2260 1755 2309 Apostolio
1776 2262 1930 2299 Centur.
1950 2273 2030 2298 xxv.
2051 2262 2240 2308 paroemia
2252 2262 2434 2311 xcvx.qui

1378 2311 1640 2359 Palaephatum
1662 2311 1855 2360 exscripsit.
1881 2312 1991 2348 Hanc
2010 2311 2160 2360 quidam
2176 2323 2262 2348 cum
2288 2313 2435 2350 Ovidio

1383 2362 1581 2400 Erechthei
1609 2361 1721 2399 filiam
1750 2362 1915 2406 faciunt,
1950 2361 2010 2398 alii
2037 2361 2245 2399 Pandionis.
2301 2363 2433 2402 Servio

1380 2412 1425 2450 ad
1451 2412 1513 2449 lib.
1539 2424 1594 2450 vr.
1622 2412 1785 2452 Aene'i'd.
1812 2425 1897 2460 445.
1925 2411 2055 2459 Iphicli
2073 2411 2145 2449 filia
2164 2412 2224 2449 est.
2264 2412 2435 2452 Tzetzae

1383 2463 1540 2500 Chiliad.
1550 2462 1619 2501 fab.
1631 2475 1690 2500 xx.
1705 2463 1952 2501 Erechthei&
1964 2462 2191 2500 Praxitheae.
2217 2464 2281 2513 qui
2292 2465 2434 2502 causam

1381 2515 1490 2563 fugae
1508 2515 1602 2552 hane
1621 2514 1754 2558 refert,
1783 2513 1886 2564 quod
1903 2522 2053 2562 accepta
2073 2513 2176 2552 dono
2197 2513 2431 2552 coronacum

1381 2566 1575 2604 Pteleonte
1595 2565 1855 2604 concubuisset.
1884 2577 1969 2603 cum
1993 2565 2195 2606 Erichtheo
2222 2577 2303 2603 eam
2332 2574 2436 2614 patre

1383 2628 1463 2654 rein
1493 2629 1646 2667 quoque
1674 2615 1858 2662 habuisse,
1905 2615 2005 2654 unde
2035 2616 2215 2664 Aglaurus
2243 2616 2285 2654 fit
2303 2625 2433 2662 natus.

1382 2668 1477 2706 testis
1506 2668 1555 2705 est
1585 2669 1759 2717 Hyginus
1791 2668 1862 2706 fab.
1894 2678 2036 2704 cctm.
2065 2666 2169 2703 Idem
2201 2667 2290 2705 fab.v
2311 2679 2437 2706 cxcix.

1383 2718 1561 2756 Procridis
1584 2720 1622 2756 &
1642 2719 1796 2768 Cephali
1814 2718 1973 2755 fabulam
2004 2717 2152 2765 copiose
2180 2724 2310 2756 narrat.
2365 2717 2437 2758 Sed

1385 2770 1483 2806 nulla
1503 2769 1576 2807 illic
1595 2771 1735 2808 Minois
1755 2769 1900 2806 mentio
1915 2795 1925 2812 ‚
1953 2767 2016 2805 etfi
2038 2767 2084 2805 de
2096 2767 2242 2806 Cretica
2259 2766 2344 2817 fuga
2356 2781 2435 2808 rem

1380 2832 1458 2857 non
1483 2820 1692 2858 diffimulet.
1747 2819 1841 2857 Illud
1859 2828 1986 2857 tamen
2006 2819 2126 2856 minus
2139 2819 2293 2856 obvium
2307 2847 2316 2863 ,
2330 2819 2434 2869 quod

1381 2883 1426 2908 ex
1449 2871 1616 2920 Cephalo
1638 2872 1675 2908 ὅς
1698 2870 1868 2908 Procride
1891 2869 2081 2907 Arcefium
2098 2871 2252 2906 Laertae
2272 2879 2436 2918 patrem,

1380 2934 1493 2959 avum
1525 2922 1657 2971 Ulyssis
1675 2929 1895 2971 prognatum
1927 2919 2112 2957 asseverat.
2169 2919 2241 2958 litii
2267 2930 2436 2971 corrupte

1382 2972 1560 3009 Archiam
1583 2985 1648 3021 pro
1673 2971 1853 3020 Arcesium
1874 2971 1986 3018 vulgo
2019 2982 2120 3008 nunc
2150 2970 2302 3020 legatur.
2339 2981 2438 3010 cete-

1384 3035 1466 3060 rum
1490 3035 1557 3072 pro
1573 3023 1727 3072 perdidit
1743 3023 1834 3070 ignes
1855 3022 1999 3069 optimc
2021 3021 2249 3067 Puteaneus,
2271 3022 2438 3072 prodidit.

1386 3082 1426 3109 ut
1449 3074 1486 3109 ἃ
1506 3074 1581 3110 duo
1603 3082 1664 3110 aut
1683 3082 1752 3110 tres
1775 3072 1846 3109 alii.
1875 3072 2020 3109 Prodere
2043 3073 2213 3110 Donatus
2236 3074 2280 3111 ad
2293 3073 2438 3112 Teren-

1387 3124 1481 3161 tium
1502 3151 1512 3167 ‚
1559 3135 1626 3171 pro
1658 3123 1802 3171 deserm
1829 3150 1840 3166 ‚
1876 3123 2039 3172 projicere
2076 3125 2232 3171 exponit
2268 3124 2442 3174 frequen·
2517 3152 2519 3154 -

1388 3181 1453 3211 ter.
1481 3173 1528 3211 fic
1559 3173 1663 3212 Dido
1683 3175 1728 3213 de
1752 3176 1881 3214 Aenea
1910 3173 2008 3223 apud
2037 3174 2167 3224 Virgil.
2195 3186 2252 3213 xv.
2281 3175 2443 3215 Aene'i'd.

1392 3236 1437 3274 43
1447 3236 1527 3312 ixion
1540 3276 1618 3325 jum
1642 3275 1836 3327 conjugium
1846 3275 2035 3328 antiquum
2047 3305 2057 3324 ‚
2087 3276 2177 3330 quod
2191 3276 2344 3327 prodidit
2356 3305 2366 3322 ,
2379 3289 2446 3314 oro.

1395 3327 1604 3377 Propertius
1624 3328 1716 3368 libro
1736 3341 1783 3368 ιι.
1804 3329 1907 3378 Eleg.
1931 3340 2002 3368 vu.
2353 3381 2453 3416 Nam
