2553 3676
304 197 405 261 364

811 184 872 242 P.
949 184 1367 244 OVIDII
1440 182 1977 242 NASONIS

595 278 763 351 Saepe
786 295 923 350 nega
946 275 1147 333 nones.
1188 276 1372 348 capitis
1396 274 1565 330 modo
1590 277 1733 347 finge
1759 275 2035 330 dolorem:

671 352 744 406 Et
772 352 941 405 modo
969 368 1107 423 quae
1133 349 1325 404 caullas
1352 348 1632 420 praebeat,
1668 349 1752 404 Isis
1780 349 1896 403 erit.

494 439 556 494 75
595 424 737 479 Mox
761 424 972 496 recipe3
1013 436 1072 477 ut
1099 425 1302 478 nullum
1326 422 1564 494 patiendi
1589 423 1804 493 colligat
1827 422 1979 477 usum
1994 460 2010 486 7.

673 497 826 552 Neve
850 497 1161 552 relentescat
1189 496 1341 565 saepe
1366 493 1600 564 repulsus
1627 511 1792 548 amor.

601 568 772 625 Surda
798 570 857 624 fit
885 570 1055 624 oranti
1085 583 1171 622 tua
1190 567 1372 636 janua,

1412 566 1527 618 laxa
1549 565 1761 622 ferenti.

671 643 874 697 Audiat
901 642 1095 697 exclusi
1118 637 1277 692 verba
1303 650 1551 709 receptus
1575 655 1768 692 amanS.

598 715 699 779 Et,
737 716 880 789 quasi
904 714 1033 769 laesa
1056 712 1231 784 prior,
1269 727 1677 783 nonnumquam
1701 712 1921 767 irascere
1946 713 2103 768 laeso,

497 786 564 843 80

676 788 940 844 vanescat
965 787 1120 856 culpa
1144 784 1297 865 culpa
1322 783 1541 855 repensa
1567 786 1675 838 tua.

598 861 707 917 Sed
731 877 1023 934 numquam
1047 857 1260 912 dederis
1285 856 1567 928 spatiosum
1595 870 1806 930 tempus
1828 858 1883 912 in
1904 857 2071 920 iram3

673 934 840 1006 Saepe
864 933 1148 988 simultates
1172 931 1247 984 ira
1271 942 1477 984 morata
1500 929 1644 984 facit.

601 1006 751 1079 Quin
779 1007 940 1062 etiam
966 1005 1166 1060 discant
1192 1003 1335 1057 oculi
1358 1004 1632 1058 lacrimare
1656 1003 1855 1059 coacti:

676 1079 751 1134 Et
776 1080 969 1134 faciant
993 1078 1122 1133 udas
1148 1078 1232 1131 illa
1254 1077 1339 1131 vel
1363 1076 1447 1131 illa
1473 1094 1649 1149 genas.

495 1153 556 1229 85
598 1154 746 1217 Nee,
782 1152 819 1207 fi
845 1171 1008 1226 quem
1035 1151 1205 1215 falles⁹
1244 1162 1304 1204 tu
1328 1150 1600 1222 perjurare
1627 1151 1837 1206 timeto.

675 1225 1010 1280 Commodat
1035 1224 1189 1278 illusis
1213 1225 1430 1278 numina
1455 1223 1610 1279 surda
1635 1225 1839 1281 Venus,

604 1299 828 1362 Servrm,
869 1298 923 1352 ἃ
948 1298 1015 1351 ad
1040 1310 1212 1370 partes
1236 1297 1414 1350 sollers
1440 1298 1623 1352 ancilla
1648 1311 1932 1370 parenturg

673 1372 786 1446 Qui
813 1372 1074 1437 doceant,
1110 1382 1231 1444 apte
1258 1369 1391 1443 quid
1421 1370 1517 1425 tibi
1540 1371 1699 1444 poflit
1727 1371 1851 1426 emi.

306 1564 429 1611 Valer.
450 1562 598 1603 Flaccus
618 1562 664 1603 de
685 1562 839 1615 Amyco
862 1575 915 1602 w.
936 1565 1022 1612 75⁴3.

575 1634 678 1643 --
691 1620 773 1664 Lege
794 1616 885 1666 qnod
901 1615 1022 1652 occidit
1043 1612 1139 1652 ultus

358 1666 426 1715 Jpfit
442 1666 521 1715 fita.
778 1668 990 1704 HEINans.

307 1716 409 1754 Cum
432 1718 597 1756 constans
617 1717 660 1756 fit
679 1716 793 1756 le<ftio
814 1718 884 1754 tuis
897 1745 906 1760 ,
920 1717 1066 1755 retinui.
1087 1727 1153 1754 ure
1177 1727 1246 1765 pro
1267 1713 1360 1753 arbi-

306 1768 380 1805 trio
405 1775 471 1818 tuo
485 1796 495 1812 ‚
522 1769 661 1818 legibus
675 1796 686 1814 ‚
715 1780 804 1818 quas
832 1769 903 1818 ipsa
923 1768 1021 1807 dices
1039 1767 1228 1816 rapacitati
1248 1774 1334 1804 tuae
1348 1795 1359 1811 ‚

306 1826 348 1856 ut
369 1818 456 1856 leno
476 1821 573 1868 apud
591 1819 748 1858 Terent.
768 1821 918 1857 Phorm.
941 1832 1004 1857 ω.
1023 1831 1057 1856 2.
1077 1823 1160 1854 Mea
1177 1817 1244 1866 lege
1264 1827 1361 1856 utar.

306 1868 439 1907 eadem
462 1872 510 1908 est
530 1872 622 1908 ratio
642 1872 679 1908 in
694 1871 774 1920 jure
793 1882 851 1908 tao
866 1899 875 1914 ‚
888 1872 926 1908 ὃς
939 1871 1014 1920 suo.
1040 1868 1178 1918 Ignibus
1198 1881 1256 1905 ure
1279 1869 1361 1908 tuis.

255 1958 259 1961 .
307 1919 385 1958 duo
405 1921 547 1959 Moreti
568 1922 606 1959 &
627 1933 720 1958 unus
741 1922 935 1960 Palatinus.
966 1921 1232 1958 BURMANNUS.

361 1982 422 2018 70.
450 1976 513 2009 Ure
532 1971 651 2023 sais.]
682 1973 773 2010 Ter.
804 1974 843 2012 in
874 1973 1045 2010 Eunuch.
1075 1978 1139 2008 Uro
1169 1971 1358 2010 hominem.

304 2021 529 2062 exoremus.

359 2083 418 2120 71.
445 2074 525 2111 Sine
550 2074 667 2111 credat
694 2074 851 2125 amari.]
881 2073 926 2112 In
953 2073 1164 2119 nonnullis,
1183 2073 1223 2120 se
1241 2073 1359 2110 credat

303 2123 436 2162 conari..
465 2125 719 2164 Nummius.
764 2127 806 2163 ln
842 2123 1008 2175 quodam
1049 2124 1249 2173 exemplari
1279 2136 1359 2162 non

300 2173 375 2224 fine
394 2175 546 2224 legitur,
574 2176 633 2214 sed
647 2204 658 2222 ‚
679 2177 715 2226 se
736 2176 852 2214 credat
870 2176 1008 2220 amari;
1033 2184 1233 2224 utrumque
1252 2175 1360 2212 bene.

305 2226 491 2265 Munus.

361 2287 418 2322 72.
453 2282 500 2314 Et
540 2292 634 2316 cave.
656 2277 672 2327 ]
717 2278 779 2314 Sed
819 2290 903 2314 cave
940 2275 1038 2314 recste
1075 2276 1194 2324 prima
1232 2275 1359 2314 editio.

305 2327 577 2377 Neapolitanus
597 2358 608 2376 ‚
644 2329 707 2379 sed
734 2330 828 2378 fuge.
865 2327 969 2378 quod
997 2329 1076 2377 J'am
1111 2325 1359 2375 praecefferat.

307 2379 524 2418 Hiemsms.

362 2440 420 2480 73.
451 2437 547 2480 Nega
567 2430 727 2480 nostem]
749 2432 871 2468 Nofies
889 2429 1018 2479 scripti.
1038 2429 1260 2469 HHNSIUS.
1287 2433 1361 2466 Do-

307 2479 395 2518 lores
412 2483 525 2520 etiam
545 2495 639 2520 unus
657 2482 815 2520 Moreti.

360 2544 420 2580 74.
451 2531 506 2582 Isis
521 2533 625 2583 erit.]
658 2531 714 2582 Jfis
731 2542 787 2570 eat
808 2532 963 2570 Sarravii
984 2531 1116 2570 codex.

362 2595 422 2632 79.
450 2585 557 2633 Laefiz
574 2583 709 2634 prius.]
733 2583 832 2620 Prior
850 2583 1033 2621 meliores.
1053 2583 1197 2620 Hfims.
1218 2581 1335 2620 Recte
1346 2597 1359 2627 ;

310 2634 360 2671 ita
380 2634 478 2683 apud
497 2636 654 2673 Terent.
673 2634 821 2683 Prolog.
842 2634 1012 2672 Eunuch.
1032 2634 1129 2681 Quia
1147 2631 1243 2682 laefit
1254 2634 1362 2682 prior.

310 2691 351 2721 ut
372 2685 409 2721 in
426 2685 609 2724 Bembino
631 2687 670 2725 ὃς
688 2686 874 2724 Vaticano
892 2685 1051 2734 repperit
1070 2684 1243 2723 Faernus.
1259 2685 1363 2733 supra

311 2734 423 2783 Epist.
442 2748 508 2775 xix.
531 2750 589 2782 72.

365 2784 469 2834 Orsus
502 2801 532 2823 es
558 2787 662 2835 infido
682 2786 732 2838 fic
755 2788 850 2839 prior
878 2801 930 2825 ore
959 2786 1064 2838 loqui.

311 2835 390 2874 Ubi
419 2836 582 2874 similiter
598 2840 693 2887 prius
715 2841 753 2877 in
776 2839 882 2877 MSS.
904 2846 946 2876 ut
965 2839 1004 2876 ὃς
1024 2851 1077 2875 1v.
1098 2838 1257 2877 Metam.
1280 2841 1363 2878 112.

313 2892 387 2925 Nec
411 2887 504 2937 prior
530 2887 597 2924 huc
615 2889 707 2925 veni.
737 2890 785 2927 sic
805 2892 843 2927 ὃς
865 2890 960 2927 alibi.
987 2889 1157 2927 Francos.
1181 2902 1272 2928 vero
1287 2919 1297 2935 ‚
1319 2901 1362 2930 ω’

313 2936 412 2989 quast
433 2938 523 2988 laesa
536 2940 640 2984 fores.
666 2938 782 2987 posset
801 2941 927 2989 &legi
946 2948 1086 2977 mutata
1107 2940 1360 2979 distinctione:

362 2994 410 3026 Et
423 3017 433 3034 ,
459 2987 558 3039 quast
573 2988 663 3038 laesa
676 3017 686 3034 ,
711 2991 804 3038 prior
820 3003 1087 3039 nonnumquam
1106 2990 1246 3040 irascere
1265 2991 1365 3040 laefi.

312 3039 580 3078 BuRMANNus.

367 3091 427 3129 80.
457 3091 620 3139 Vanescat
640 3089 740 3140 culpd
758 3090 855 3140 culpa
873 3089 1005 3141 repulsa
1022 3089 1127 3139 tud]
1156 3089 1362 3130 Puteaneus

315 3141 354 3181 δί
375 3142 668 3181 Arondclianus:

369 3193 537 3243 Vanefcat
560 3191 658 3243 culpe}
678 3191 775 3243 calpa
795 3192 930 3242 repensa
949 3192 1028 3230 tad.

315 3244 458 3290 Rec‘tc,
476 3244 541 3283 nifi
563 3243 667 3295 quod
680 3244 749 3301 sad
763 3244 976 3301 legendum.
1004 3243 1170 3282 Multum
1192 3243 1261 3283 effe
1285 3245 1363 3283 Na-

311 3295 444 3347 {ouem
473 3297 515 3337 in
539 3295 584 3337 est
610 3296 803 3338 locutione
821 3307 904 3346 jam
929 3295 1015 3336 alibi
1039 3296 1269 3349 monuimus.
1295 3295 1365 3338 nisi

2394 1446 2468 1504 Et

1414 1559 1515 1611 'eulpa
1545 1574 1640 1600 nova
1671 1574 1759 1601 cum
1794 1561 2010 1600 Sarraviano
2045 1560 2162 1600 malis.
2200 1568 2243 1600 ut
2279 1562 2471 1603 Remedio
2505 1564 2523 1597 Ἄ

1415 1613 1570 1651 Amoris
1591 1614 1676 1660 484.

1467 1668 1515 1700 Et
1524 1663 1621 1714 prior
1642 1663 1685 1711 est
1707 1661 1808 1712 culpri
1830 1663 1927 1712 culpa
1946 1662 2077 1712 repulsa
2098 1662 2204 1700 nova'.

1414 1714 1550 1753 Codex
1566 1715 1682 1762 Jureti
1696 1713 1865 1764 ,repreffiz.
1886 1714 1947 1753 sed
1966 1718 2102 1764 repensa
2122 1714 2215 1753 bene
2232 1716 2352 1756 habet.
2368 1716 2469 1758 Artis
2522 1734 2523 1750 ι

1415 1766 1544 1804 Amat.
1570 1779 1626 1804 11.
1646 1767 1731 1812 677.
2522 1775 2523 1785 ¹

1470 1817 1555 1854 Illae
1573 1817 1760 1855 munditiis
1777 1830 1938 1854 amorum
1957 1818 2092 1854 damna
2111 1819 2313 1867 rependunt.

1416 1870 1545 1917 Quem
1571 1869 1699 1907 locum
1731 1868 1827 1906 male
1857 1868 2072 1907 Gebhardus
2095 1868 2314 1909 sollicitavit.
2342 1870 2472 1921 Virgi·
2522 1893 2523 1918 ;

1414 1919 1483 1957 lius
1503 1919 1663 1957 Aeneid.
1683 1918 1742 1956 lib.
1768 1931 1798 1956 1.
1819 1930 1906 1968 239.
2464 1917 2467 1919 ’

1465 1975 1538 2006 Hoc
1557 1970 1714 2021 equidem
1733 1969 1886 2018 occasum
1910 1970 2028 2020 Trojae
2048 1969 2224 2020 tristesque
2243 1971 2367 2010 ruinas

1466 2020 1610 2057 Solabar
1624 2048 1633 2065 ,
1653 2021 1747 2068 fatis
1770 2021 1945 2058 contraria
1954 2022 2041 2068 fata
2058 2022 2250 2071 rependens.

1414 2071 1581 2120 Propert.
1600 2084 1655 2109 1v.
1678 2072 1780 2121 Eleg.
1800 2083 1854 2109 iv.

1468 2123 1530 2159 Sin
1549 2123 1687 2159 minas.-
1718 2133 1755 2158 at
1774 2132 1892 2172 raptae
1911 2136 1951 2159 ne
1960 2120 2040 2171 fint·
2052 2122 2191 2173 impune
2212 2124 2381 2172 Sabinae,

1519 2179 1580 2210 Me
1600 2182 1698 2223 rape.-
1728 2184 1771 2213 (9⁶
1789 2173 1927 2211 alterna
1949 2174 2016 2222 lege
2037 2175 2175 2223 repende
2193 2175 2296 2212 vices.
2438 2217 2448 2224 ι

1417 2224 1632 2262 Heinsius
1671 2225 1732 2261 De
1769 2225 1884 2262 verbo
1921 2225 2098 2274 rependere
2124 2225 2210 2263 vide
2246 2225 2291 2264 ad
2317 2226 2469 2268 Phaedr.

1415 2275 1563 2324 Prolog.
1573 2275 1634 2313 lib.
1647 2288 1690 2312 11.
1705 2276 1743 2312 δε
1763 2275 1808 2312 de
1824 2276 1901 2324 ejus
1919 2275 2085 2313 derivato
2098 2277 2269 2325 repensare
2281 2276 2325 2315 ad
2333 2279 2468 2329 Vellej.

1413 2326 1553 2364 Paterc.
1572 2339 1616 2363 11.
1643 2338 1697 2363 η.
1724 2325 1783 2363 sed
1806 2334 1932 2363 tamen
1953 2325 2106 2374 repulsa,
2128 2327 2193 2364 nisi
2218 2328 2470 2376 praeceffiffet,
2522 2360 2523 2370 1

1415 2389 1494 2415 non
1516 2377 1742 2415 damnarem.
1763 2376 1837 2415 vid.
1857 2377 1903 2415 ad
1923 2389 1953 2414 1.
1972 2378 2132 2414 Metam.
2154 2388 2237 2425 759.
2254 2378 2442 2419 BURMAN.

1470 2428 1528 2466 82.
1564 2435 1709 2465 Morata
1730 2428 1836 2475 facit.
1857 2427 1873 2477 ]
1914 2427 2024 2465 Dedit
2051 2428 2331 2477 Neapolitanus.
2368 2432 2470 2472 idem:
2522 2448 2523 2453 ¹

1419 2491 1513 2518 mox
1528 2508 1538 2524 ‚
1567 2479 1752 2516 lacrimare
1769 2479 1933 2516 decenter.
2522 2516 2523 2534 χ

1472 2531 1531 2576 84.
1558 2536 1605 2567 Et
1623 2531 1768 2578 faciant
1797 2530 1885 2567 udas
1914 2529 1972 2567 ille
1992 2529 2051 2567 vel
2071 2529 2129 2567 ille
2151 2531 2295 2582 gena5.]
2328 2533 2394 2571 Illa
2412 2533 2470 2572 vel

1417 2581 1482 2619 illa
1500 2582 1640 2631 septem
1659 2582 1817 2620 codices.
1844 2581 1943 2631 finge
1971 2593 2017 2619 ex
2045 2581 2243 2632 Zelotypizi
2262 2591 2299 2621 te
2317 2585 2470 2633 plorare.

1418 2633 1508 2671 Huc
1531 2634 1687 2682 pertinet
1705 2634 1832 2683 Elegia
1849 2632 2000 2670 v11.1ib.
2019 2645 2066 2669 11.
2087 2634 2298 2672 Hrmsms.
2330 2637 2469 2674 Faciam
2522 2664 2523 2669 ,

1418 2684 1584 2721 madidas
1620 2696 1713 2722 unus
1740 2685 1892 2722 Moreti.
1927 2684 2069 2722 Marius
2084 2712 2099 2728 „
2123 2683 2183 2721 ille
2214 2685 2273 2722 vel
2299 2685 2357 2723 ille
2374 2716 2386 2734 ‚
2424 2688 2468 2728 de

1419 2743 1585 2774 amatore
1605 2736 1731 2785 aliquo
1752 2736 1859 2784 capit.
2522 2770 2523 2775 ,

1470 2786 1531 2835 85.
1559 2787 1594 2823 Si
1621 2800 1722 2837 quem
1739 2785 1893 2836 fallas.]
1922 2784 2033 2823 falles
2060 2785 2244 2825 meliores.
2273 2788 2312 2826 ὃ(
2336 2800 2403 2838 pro
2429 2799 2468 2828 tu
2522 2813 2523 2823 1

1411 2839 1593 2887 perjurare
1614 2839 1709 2876 forte
1725 2866 1735 2883 ,
1765 2837 1858 2875 huic.
1878 2838 2091 2874 Hismsms.
2119 2839 2304 2885 perjurare
2320 2841 2468 2891 antique
2521 2855 2523 2869 ¹

1419 2890 1459 2926 ὃς
1496 2890 1666 2928 Plautino
1703 2888 1822 2926 modo
1858 2900 1924 2938 pro
1958 2889 2109 2937 pejerare
2150 2889 2293 2928 dictum
2325 2892 2468 2931 notavit

1418 2940 1568 2979 Douza.
1598 2939 1672 2978 vid.
1692 2939 1864 2977 Lambin.
1882 2938 1928 2976 ad
1950 2939 2082 2977 Horat.
2104 2952 2149 2977 11.
2173 2941 2245 2978 Sat.
2267 2954 2331 2980 111.
2355 2954 2432 2989 127.

1472 2992 1530 3029 86.
1557 2990 1765 3028 Commodat
1784 2987 1930 3039 illnsts.]
1960 2996 2000 3027 In
2020 2989 2114 3039 lusus
2135 2990 2262 3029 iidem.
2292 2993 2465 3042 Neapoli·
2522 3014 2523 3018 ¹

1417 3049 1523 3080 tanus
1535 3069 1547 3086 ‚
1562 3042 1600 3077 in
1621 3041 1728 3078 ludos.
1747 3040 1956 3077 Commodat
1971 3053 2038 3090 pro
2058 3043 2306 3081 accommodat.
2321 3045 2464 3083 Hem-s.

1419 3092 1506 3129 Vid.
1529 3091 1742 3131 adPetron.
1761 3103 1839 3139 cap.
1860 3103 1940 3130 cxi.

1470 3142 1530 3184 87.
1557 3147 1683 3179 Servus
1703 3153 1746 3181 (φ
1769 3142 1817 3178 ad
1841 3152 1956 3191 partes
1980 3142 2094 3191 sollers
2112 3144 2244 3182 ancilla
2258 3143 2465 3195 parentum]

1417 3193 1483 3230 Ad
1506 3202 1646 3243 partes,
1676 3206 1768 3242 pro,
1795 3192 1839 3232 ad
1867 3193 2079 3233 societatem
2096 3223 2107 3240 ,
2135 3195 2255 3233 dixit:
2291 3197 2365 3234 hoc
2393 3196 2471 3241 est,r

1418 3245 1484 3294 qui
1501 3252 1579 3283 tuas
1600 3253 1716 3293 partes
1733 3253 1842 3293 agant
1860 3257 1903 3284 ac
1929 3254 2111 3284 tueantur.
2138 3246 2293 3284 Perinde
2319 3254 2359 3284 ut
2377 3246 2467 3285 dici-

1419 3306 1532 3346 mua:
1569 3295 1706 3350 §icero
1734 3296 1876 3351 secutus
1903 3296 1953 3339 est
1977 3305 2095 3347 partes
2123 3297 2320 3349 Rornpeji‚
2349 3296 2463 3335 Curio

2349 3354 2473 3397 partes
