2553 3676
196 203 299 259 810

532 190 677 251 AD
751 182 1216 247 LIVIAM
1292 181 2006 242 AUGUST'AMs

484 287 672 360 Dique
695 284 863 340 latent
888 281 1124 354 templis:
1151 295 1329 352 neque
1352 277 1535 351 iniqua
1561 277 1627 332 ad
1655 278 1843 334 funera
1869 278 2048 334 vultus

563 358 854 415 Praebent:
893 373 994 412 nec
1019 353 1246 428 poscunt
1269 366 1388 407 tura
1410 351 1632 406 ferenda
1660 370 1812 425 rogo,

492 433 764 489 Obscuros
790 429 1010 484 delubra
1038 439 1240 482 tenent.
1279 425 1450 497 pudet
1475 443 1568 478 ora
1594 428 1883 481 colentum,

348 526 445 581 190

556 504 883 576 Adspicere‚
906 500 1164 563 invidiae,
1200 515 1361 570 quam
1385 514 1663 561 meruere,
1688 513 1855 554 metu.

498 580 685 650 Atque
711 577 896 650 aliquis
919 576 988 630 de
1012 573 1169 644 plebe
1192 572 1309 641 pius
1335 585 1436 639 pro
1460 585 1693 640 paupere
1726 585 1854 627 nato
1874 614 1877 617 >

568 650 855 705 Sustulerat
884 647 1098 702 timidas
1124 642 1292 697 fidera
1318 639 1386 694 ad
1413 640 1516 694 alta
1541 657 1755 696 manus:

496 725 718 796 Jamque
744 734 1082 793 precaturus,
1118 714 1272 788 Quid
1298 730 1402 786 ego
1429 727 1611 768 autem
1634 715 1913 782 credUIUS,
1935 719 2139 793 inquit.

571 795 859 866 Suscipiarn
885 793 940 846 in
965 790 1137 845 nullos
1163 789 1311 843 irrita
1334 799 1461 841 vota
1489 787 1670 842 Deos?

358 891 455 945 1195
496 871 683 932 Livia,
722 883 832 920 non
857 866 973 919 illos
998 880 1099 936 pro
1127 862 1305 917 Druso
1330 859 1488 914 Livia
1513 861 1701 916 movit.

572 942 686 995 Nos
714 939 911 995 erimus
937 938 1136 1007 magno
1164 934 1394 989 maxima
1419 950 1544 987 cura
1562 933 1744 1004 Jovi?

498 1015 681 1071 Dixit:
725 1012 779 1066 &
807 1014 969 1067 iratus
994 1022 1119 1065 vota
1148 1007 1443 1078 insuscepta
1466 1006 1714 1078 reliquit3

572 1086 912 1158 Duravitque
940 1083 1207 1145 animum,
1246 1079 1596 1151 destituitque
1620 1097 1824 1152 preceS.

502 1161 678 1217 Obvia
703 1158 856 1212 turba
884 1156 1017 1211 ruit:
1060 1154 1400 1224 lacrimisque
1428 1153 1720 1224 rigantibus
1750 1171 1854 1209 ora.

357 1255 462 1290 200

209 1440 300 1469 nem.
351 1425 443 1463 Non
463 1422 581 1462 solum
601 1429 726 1460 autem
750 1420 885 1459 domos
899 1446 909 1465 ,
948 1417 1137 1469 inquibus
1159 1428 1271 1456 mor-⁷

210 1487 296 1516 tuus
313 1476 517 1514 servabatur
530 1503 540 1519 ,
568 1473 735 1511 claudere
749 1473 859 1510 moris
879 1478 953 1509 erat
964 1499 974 1514 ,
1003 1470 1063 1508 sed
1076 1481 1122 1507 ne
1135 1470 1265 1507 focum

212 1528 366 1578 quidem
390 1528 427 1564 in
448 1525 574 1563 iisdem
587 1525 719 1562 facere.
733 1522 1007 1572 Apulej.Miles.
1027 1522 1144 1559 lib.11.
1167 1519 1266 1564 Abi,

211 1579 351 1629 inquit,
372 1579 474 1626 fiztue
488 1605 497 1620 ,
526 1576 587 1625 qui
609 1576 647 1612 in
664 1575 761 1612 domo
774 1574 911 1621 funesta
931 1586 1052 1610 caenas
1083 1583 1127 1612 (φ’
1151 1580 1268 1620 partes

213 1629 381 1680 requiris,
417 1628 455 1664 in
477 1641 546 1677 qua
577 1626 729 1675 totijugis
745 1627 825 1675 ‚jam
853 1624 970 1661 diebus
989 1637 1030 1660 ne
1047 1624 1167 1666 fumus
1190 1622 1268 1671 qui-

214 1681 291 1724 dem
313 1678 461 1728 visusest
473 1678 577 1715 ullus.
606 1678 927 1715 Lmnmssaucn.
956 1676 1017 1713 De
1038 1675 1267 1712 Germanico

214 1732 266 1769 ibi
291 1732 375 1780 agi,
403 1730 580 1767 Tacitum
604 1728 796 1777 inspicenti
817 1735 929 1776 patet.

271 1781 352 1828 184.
380 1780 449 1817 Hic
467 1779 577 1829 illia]
608 1780 673 1816 Hic
698 1778 753 1815 illi
776 1779 958 1816 editiones
987 1785 1143 1815 veteres.
1180 1774 1272 1814 nihil

217 1841 334 1871 muta.
353 1844 423 1869 vir.
448 1832 542 1869 Met.
565 1831 648 1879 581.
676 1830 752 1867 vid.
776 1829 834 1868 ad.
856 1829 1037 1877 Epist.xx.
1052 1839 1134 1877 130.

242 1890 251 1898 ·
271 1883 352 1931 185.
391 1887 529 1918 Tacent.
553 1881 568 1931 ]
609 1880 780 1919 Heinfius
804 1882 841 1918 &
862 1881 1034 1918 Francius
1059 1877 1271 1923 malebant,

212 1934 344 1983 jacent.
371 1941 411 1969 ut
435 1946 460 1969 1.
480 1933 575 1970 Met.
603 1944 683 1981 149.
710 1932 807 1968 viria
824 1932 917 1980 jacet
932 1930 1053 1980 pietas.

247 1983 350 2029 v187.
378 1982 496 2033 Dique
515 1983 627 2019 latent
648 1981 818 2032 templis.]
853 1980 1221 2030 Ovif.l.11.Fast.563.

265 2035 321 2071 Di
339 2047 470 2085 quoque
490 2034 693 2083 templorum
702 2033 841 2077 fhribus
863 2032 1014 2070 celentur
1034 2032 1178 2081 opertis,

325 2091 412 2122 Ture
433 2096 563 2121 vacent
580 2097 663 2120 arae
677 2113 687 2127 ‚
707 2084 866 2133 stentque
879 2082 955 2133 fine
973 2083 1048 2133 igne
1061 2082 1147 2131 foci.

218 2134 274 2182 :Di
295 2135 444 2173 latitant
474 2135 631 2173 malebat
652 2135 834 2172 Francius.

276 2199 357 2233 190.
386 2186 550 2223 Invidiae
576 2199 683 2235 quam
706 2200 857 2222 meruere
883 2184 1018 2235 metus]
1049 2184 1194 2223 Acutos
1214 2185 1277 2222 hic

221 2238 356 2279 {poetas
385 2238 423 2274 in
453 2238 559 2286 nugis
586 2237 741 2274 traducit
768 2237 962 2282 Gorallus,
997 2248 1075 2286 quo
1103 2247 1219 2274 nemo
1239 2236 1278 2273 in

223 2291 332 2339 nugis
360 2287 441 2336 ipsis
468 2289 522 2325 his
551 2287 735 2336 capiendis
766 2288 946 2336 stupidior
967 2299 1151 2336 umquam
1171 2287 1279 2325 exsti-

223 2342 280 2378 tit.
319 2339 456 2377 Melius
484 2339 606 2377 famae
632 2338 717 2376 suae
750 2338 979 2377 consuluiffet
1005 2368 1014 2384 ‚
1050 2338 1076 2376 fi
1101 2350 1196 2389 quae
1233 2338 1278 2376 de

222 2392 293 2435 hac
324 2390 466 2427 invidia
500 2389 706 2427 observavit
736 2390 991 2438 Ampliffimus
1023 2391 1191 2438 Cuperus
1217 2389 1280 2427 lib.

227 2455 275 2480 Π,
307 2441 461 2479 Observ.
490 2453 570 2490 cap.
597 2452 650 2478 iv.
677 2440 739 2478 ubi
756 2441 831 2477 hoc
852 2440 1044 2486 artificium
1065 2444 1280 2484 Po'e‘tarum,

228 2505 307 2530 non
329 2505 438 2540 nugas
461 2499 595 2536 vocat,
624 2490 817 2540 diligenter
836 2490 976 2538 legiss‘et
990 2519 999 2535 ‚
1040 2492 1078 2528 δε
1101 2490 1281 2526 invidiam

228 2545 289 2581 hic
310 2543 425 2588 nihil,
453 2542 519 2581 nisi
538 2542 701 2592 querelas
719 2541 936 2586 invidiosas,
975 2541 1106 2590 quibus
1132 2542 1282 2590 imperi-

230 2602 311 2631 tum
336 2595 373 2631 ὅ(
392 2593 587 2632 indocium
608 2593 740 2642 vulgus
768 2594 873 2630 Deos
890 2604 1045 2630 onerare
1066 2591 1158 2630 solet
1172 2619 1181 2635 ‚
1210 2590 1281 2629 effe

231 2643 421 2682 didicisset.
468 2647 505 2682 &
536 2643 688 2682 licuiffet
718 2654 807 2684 tunc
828 2644 956 2681 severo
974 2643 1182 2691 Theologo
1205 2670 1214 2686 ,
1243 2644 1282 2680 in

232 2694 464 2742 impietatem
498 2696 677 2737 Gentium
710 2695 861 2738 invehi,
900 2706 995 2744 quae
1016 2703 1093 2731 tam
1118 2693 1284 2742 perverse

232 2744 280 2783 de
293 2745 373 2781 Diis
389 2745 456 2781 suis
475 2746 685 2783 sentiebant.
713 2745 772 2783 sed
785 2746 905 2794 poetis
925 2756 1073 2793 parcere
1091 2742 1261 2792 potuiffet
1275 2772 1285 2788 ,

232 2796 299 2845 qui
320 2795 354 2832 se
378 2806 550 2833 numeros
568 2798 650 2834 artis
672 2795 835 2845 impleffe
857 2796 1031 2839 credunt,
1060 2795 1120 2832 ubi
1150 2807 1192 2832 ea
1223 2806 1288 2831 ex-

235 2847 426 2898 primunt,
462 2858 556 2895 quae
584 2848 683 2895 vulgi
711 2848 949 2896 opinionibus
969 2875 979 2891 ,
1012 2847 1127 2889 ,εῐὶειιη
1158 2847 1290 2883 errori³
1313 2874 1318 2877 .

237 2897 331 2942 bus,
357 2896 437 2934 sunt
467 2897 701 2945 pervulgata,
735 2900 821 2936 licet
852 2898 920 2935 sint
945 2897 1069 2934 deliria
1105 2898 1291 2934 humanae

238 2947 387 2986 mentis.
416 2948 453 2983 &
468 2947 684 2989 siPsalrnum
708 2961 846 2986 txxnr.
866 2947 1066 2985 revoc-aflet
1085 2948 1122 2985 in
1142 2959 1290 2985 memo-

238 3000 329 3036 riam
344 3022 357 3042 ῃ
385 3009 497 3047 quam
522 3010 648 3047 parum
671 3000 714 3035 ab
735 3000 789 3037 his
811 2998 999 3036 invidiosis
1026 2999 1095 3036 Dei
1120 2999 1290 3036 crimina÷

238 3050 402 3088 tionibus
425 3048 528 3098 saepe
551 3050 601 3097 pii
623 3048 736 3087 absint
761 3077 770 3093 ‚
817 3048 1138 3087 animadvertiffet.
1168 3049 1192 3086 fi
1223 3050 1291 3097 igi-

240 3108 299 3138 tur
328 3100 577 3138 Christianum
597 3101 676 3149 quis
696 3100 824 3137 acerbe
843 3110 1058 3149 querentem
1075 3127 1084 3143 ,
1104 3104 1173 3134 Deo
1193 3098 1292 3134 invi·-

243 3151 342 3195 diam
359 3155 477 3198 facere
508 3151 621 3189 hodie
647 3151 763 3195 Po'e‘ta
791 3151 927 3188 diceret
950 3179 959 3195 ‚
996 3150 1184 3198 vapularet
1212 3150 1292 3186 Go-

243 3204 332 3240 rallo
353 3231 362 3247 ,
400 3202 554 3240 sednon
576 3203 787 3240 hominibus
810 3202 898 3241 sanis
924 3229 933 3244 2
962 3201 1026 3252 <lui
1052 3200 1158 3238 risum
1188 3210 1293 3238 tene-

242 3265 294 3297 re·
316 3267 392 3291 non
422 3262 617 3302 poterunt,
659 3254 721 3291 ubi
749 3261 825 3291 tam
853 3254 955 3301 pium
990 3253 1028 3289 8<
1058 3251 1220 3290 sancium
1242 3252 1294 3289 sa-

247 3305 433 3351 serdotem
456 3306 597 3357 tragicis
625 3304 841 3351 ululatibus,
860 3307 1047 3345 Poetneum
1072 3303 1235 3344 acumina
1254 3304 1316 3344 im<

575 1232 821 1288 Consulis
846 1229 1016 1302 erepti
1041 1228 1252 1302 publica
1278 1226 1472 1282 damna
1496 1226 1678 1282 refert<¹

2181 1301 2398 1358 Omnia

1321 1416 1440 1466 nugis,
1472 1419 1518 1457 &²
1530 1415 1698 1467 stuporem
1717 1416 1756 1454 in
1777 1415 1842 1462 iis,
1879 1415 1919 1455 in
1942 1414 2067 1468 quibus
2077 1414 2154 1467 fine
2164 1415 2300 1466 piaculo
2320 1430 2377 1455 er-

1321 1482 1400 1505 rare
1419 1481 1488 1505 non
1510 1468 1587 1506 licet
1601 1497 1611 1513 ,
1631 1468 1887 1516 deplorantem
1910 1469 2079 1517 legerint.
2107 1468 2178 1506 Sed
2206 1468 2373 1516 perverse

1323 1518 1558 1568 ingeniosum
1576 1547 1586 1563 ‚
1624 1517 1870 1568 Ecclefiasticae
1899 1520 2055 1565 historiae
2085 1530 2203 1567 nuper
2243 1518 2376 1556 effusae

1323 1571 1514 1608 auetorem
1530 1599 1540 1615 ‚
1554 1571 1747 1611 Gorallum
1764 1571 1890 1618 pipulo
1902 1569 2046 1607 differre
2064 1582 2143 1607 non
2165 1566 2350 1606 ceffabunt
2363 1598 2375 1612 ‚

1322 1622 1386 1671 qui
1404 1650 1414 1665 ‚
1442 1621 1655 1660 versatiores
1667 1622 1703 1657 in
1715 1622 1855 1669 primae
1868 1620 2051 1659 Ecclesiae
2071 1621 2219 1658 Patrurn
2244 1619 2380 1667 scriptis

1323 1672 1448 1710 nostro
1461 1673 1721 1721 compilatore,
1731 1681 1934 1716 noverunt,
1945 1672 2020 1709 hoc
2030 1671 2187 1709 minime
2200 1669 2270 1707 effe
2282 1669 2393 1708 abuti

1318 1724 1388 1773 sua
1416 1723 1553 1761 dicendi
1575 1723 1776 1769 facultate,
1820 1732 1861 1760 ut
1892 1722 2043 1760 Numim'
2069 1721 2285 1759 maledicant
2307 1748 2319 1766 ‚
2352 1720 2380 1759 fi
2406 1755 2409 1758 .

1329 1776 1441 1813 etiam
1472 1775 1584 1813 hodie
1611 1773 1792 1811 invidiam
1821 1779 1894 1810 Deo
1916 1775 2034 1821 facere
2062 1772 2184 1811 dicere
2212 1771 2386 1812 audeant.
2411 1806 2416 1809 .

1329 1826 1429 1864 Nam
1454 1827 1492 1864 δε
1514 1827 1562 1864 ita
1582 1826 1728 1864 locutos
1748 1825 1838 1863 olim
1859 1825 2084 1863 Christianae
2111 1823 2298 1872 religionis
2319 1835 2384 1860 an-

1329 1877 1455 1916 tistites
1474 1877 1590 1915 sciunt
1605 1906 1615 1923 ‚
1643 1888 1729 1915 cum
1747 1877 1982 1925 poenitentes
1997 1903 2007 1919 ,
2027 1883 2070 1914 ut
2088 1884 2225 1915 vocare
2241 1873 2360 1912 solent
2373 1903 2384 1920 2
2410 1908 2413 1912 .

1330 1928 1534 1967 sordidatos
1555 1929 1593 1966 ὃς
1614 1928 1659 1965 ad
1679 1927 1966 1965 misericordiam
1991 1925 2220 1964 movendam
2250 1924 2386 1962 assum-

1330 1988 1397 2028 pto
1423 1980 1550 2017 habitu
1569 1978 1813 2028 procedentes
1834 1978 2039 2016 describunt
2052 1992 2063 2020 ;
2091 1975 2388 2026 quividebantur

1332 2032 1369 2068 in
1392 2031 1516 2068 Deum
1539 2030 1718 2068 invidiam
1739 2030 1926 2067 concitare
1943 2057 1952 2073 ,
1980 2029 2019 2066 ni
2039 2040 2103 2066 eos
2123 2027 2254 2076 dignos
2275 2026 2389 2064 habe-2

1333 2090 1413 2127 ret,
1432 2082 1561 2131 quibus
1582 2082 1731 2118 veniam
1755 2080 1878 2125 daret,
1904 2089 1946 2118 ut
1964 2080 2039 2117 hoc
2052 2077 2274 2117 Tertulliani
2287 2078 2389 2127 ‚Cy,
2408 2103 2417 2105 ⁴

1333 2133 1451 2181 priani
1474 2134 1512 2170 &
1533 2132 1689 2170 aliorum
1711 2131 1928 2169 auetoritate
1954 2130 2099 2179 egregie
2121 2127 2388 2167 demonstravit

1330 2183 1592 2233 Albaspinaeus
1622 2182 1668 2220 ad
1698 2182 1857 2220 Tertull.
1894 2182 1939 2219 de
1968 2181 2204 2219 Poenitentia
2234 2191 2312 2228 cap.
2352 2193 2390 2218 v.

1333 2234 1443 2272 Talia
1469 2234 1557 2272 scire
1592 2233 1938 2277 debebat2Gorallus
1957 2233 2026 2271 isse>
2049 2234 2300 2278 τρισμέγιςος,
2321 2231 2386 2278 qui

1332 2286 1503 2323 historiae
1538 2283 1794 2322 ecclesiasticae
1822 2284 1857 2322 se
1877 2296 1955 2321 non
1977 2284 2139 2332 peritum
2163 2280 2281 2318 modo
2295 2308 2305 2325 ,
2325 2281 2388 2319 sed

1335 2348 1380 2374 ex
1401 2337 1479 2385 ejus
1506 2335 1624 2372 studio
1643 2347 1820 2384 magnum
1841 2334 1902 2372 fibi
1927 2345 2069 2371 nomen
2090 2343 2214 2381 parare
2238 2341 2391 2370 conatus

1335 2387 1396 2424 est.
1430 2385 1598 2434 lepidum
1628 2397 1742 2430 vero,
1778 2385 1882 2434 quod
1906 2384 1967 2422 hic
1996 2383 2174 2421 Martialis
2209 2382 2392 2431 Epistolam

1336 2437 1382 2475 ad
1410 2437 1662 2475 testimonium
1693 2437 1783 2473 citet
1805 2463 1815 2479 ,
1860 2435 1925 2484 qui
1948 2434 2217 2484 Epigrammata
2236 2433 2392 2482 scripsit:

1340 2487 1401 2526 sed
1418 2489 1493 2525 hoc
1512 2488 1661 2525 librariis
1683 2486 1831 2523 adscribi
1849 2483 1990 2532 posset,
2018 2496 2113 2534 quos
2143 2483 2307 2521 fimiliter
2336 2496 2393 2521 er-
2420 2510 2423 2511 γ

1338 2550 1438 2583 rare,
1460 2540 1499 2576 &
1526 2539 1563 2576 in
1584 2538 1639 2575 his
1665 2537 1747 2586 ipsis
1766 2537 1811 2575 ad
1832 2536 2016 2574 Ovidium
2037 2536 2133 2573 notis
2154 2534 2393 2582 deprehendi,

1338 2589 1398 2627 sed
1429 2589 1533 2639 quod
1566 2600 1631 2638 pro
1670 2600 1725 2637 13·
1755 2589 2021 2637 epigrammate
2044 2614 2053 2629 ,
2090 2586 2149 2634 85.
2192 2585 2316 2622 laudet
2352 2587 2392 2626 in
2423 2618 2426 2621 Α

1339 2640 1505 2678 fraudem
1527 2651 1612 2677 eum
1629 2666 1639 2682 ,
1662 2639 1773 2676 credo
1788 2667 1798 2683 ‚
1826 2638 1972 2676 induxit
1991 2648 2119 2675 caecus
2142 2636 2271 2684 aliquis
2290 2635 2364 2674 dux
2381 2665 2393 2681 ,
2425 2673 2427 2675 ,

1340 2692 1442 2740 cujus
1467 2691 1591 2728 scrinia
1622 2691 1860 2739 compilavit:
1899 2701 1984 2726 nam
2018 2689 2056 2724 &
2077 2688 2311 2736 Epigramma
2335 2688 2396 2736 85.

1341 2742 1387 2779 de
1411 2741 1548 2779 eodem
1572 2741 1620 2778 est
1641 2748 1885 2790 argumento,
1913 2739 1973 2777 sed
1992 2738 2134 2776 diverso
2157 2746 2278 2775 metro
2302 2738 2413 2778 effu·.

1343 2793 1435 2832 sum.
1488 2793 1759 2830 BURMANNUS.

1401 2855 1482 2892 193.
1511 2843 1610 2892 Qid
1630 2857 1682 2891 ego
1695 2844 1775 2891 jam
1798 2840 1954 2878 credulus
1969 2870 1978 2886 ,
2007 2838 2162 2889 inquit]
2193 2840 2296 2888 Lege
2308 2852 2394 2880 cum

1345 2896 1492 2932 vetustis
1521 2895 1617 2932 libris
1630 2922 1640 2938 ,
1678 2893 1779 2941 Qid
1797 2907 1849 2941 ego
1869 2904 1986 2930 autem
2006 2891 2177 2927 credulus-
2201 2891 2257 2928 alii
2273 2919 2282 2934 ‚
2310 2892 2397 2940 quid

1346 2959 1398 2994 ego
1417 2955 1480 2982 aut
1495 2973 1504 2989 ‚
1522 2945 1700 2982 mendose
1712 2972 1722 2987 ,
1749 2944 1809 2981 sed
1821 2946 1992 2992 proxime
2013 2953 2157 2978 verum.
2187 2949 2226 2978 ut
2240 2942 2313 2979 falsi
2327 2943 2396 2981 lint

1345 2997 1418 3040 illi,
1447 2997 1510 3045 qui
1535 2996 1773 3043 posteriorem
1791 3021 1801 3037 ‚
1826 2996 1862 3030 in
1886 3008 1962 3042 ego,
1991 2994 2102 3030 etiam
2127 2992 2278 3040 Augusti
2299 3004 2395 3031 aevo
2429 3021 2432 3023 Α

1347 3047 1501 3094 produci
1530 3047 1642 3084 solere
1665 3044 1937 3082 contendebant
1959 3057 2003 3082 ex
2025 3045 2100 3081 hoc
2135 3044 2222 3081 loco
2246 3072 2256 3088 ,
2285 3044 2322 3081 &
2345 3044 2398 3082 al-

1346 3105 1427 3134 tero
1457 3097 1612 3134 Nasonis
1647 3095 1755 3144 Epist.
1783 3107 1873 3134 xm.
1911 3095 1969 3140 ybs.
2008 3106 2090 3145 135.
2124 3095 2169 3132 de
2200 3106 2278 3144 quo
2313 3094 2400 3134 illic.
2432 3128 2435 3131 ,

1349 3148 1561 3185 ΗΕιΝεωε.

1403 3211 1486 3247 394.
1518 3205 1557 3234 In
1578 3197 1686 3234 nullos
1705 3197 1810 3235 irrita
1830 3207 1914 3234 vota
1926 3195 2050 3247 Περι]
2081 3196 2158 3245 Qui
2179 3196 2267 3234 nulli
2290 3196 2370 3235 sunt
2385 3225 2396 3242 ,

1350 3251 1410 3287 vel
1435 3278 1445 3294 ,
1500 3249 1600 3298 quasi
1629 3249 1718 3286 nulli
1754 3248 1821 3286 sint
1844 3278 1854 3293 ‚
1918 3249 1966 3286 ita
2004 3249 2196 3286 neminem
2231 3247 2396 3286 audiunt.

1352 3301 1469 3341 Ovid.
1491 3301 1698 3340 rrr.Ainor.
1717 3299 1949 3353 9980llici10t
1969 3298 2081 3350 mallos
2097 3298 2153 3349 effe
2165 3303 2397 3385 Putareffwf’
2433 3331 2436 3333 ,

2324 3355 2419 3386 otas.
