2553 3676
592 198 1133 265 AMORUM
1208 219 1382 259 LIB.
1456 174 1684 260 11.'18.

335 300 480 357 Novi
501 300 750 371 aliquam,
787 309 922 366 quae
946 290 997 345 se
1021 290 1367 347 circumferat
1394 293 1497 350 effe
1519 294 1829 352 Corinnam,

228 393 295 441 30

406 372 481 426 Ut
504 372 622 431 fiat,
660 365 792 439 quid
816 381 927 418 non
950 363 1034 418 illa
1058 363 1259 419 dediffe
1284 368 1444 420 Velit?

336 443 442 498 Sed
466 457 642 513 neque
668 437 859 491 diverfi
883 436 998 509 ripa
1021 435 1268 491 labuntur
1291 438 1485 493 eadem

405 513 649 583 Frigidus
674 508 931 573 Eurota3‚
969 510 1344 583 populiferque
1368 511 1569 566 Padus:

330 586 448 641 Nee
473 583 567 638 nifi
592 596 650 637 tu
665 621 680 646 ‚
718 582 905 637 nostris
930 583 1226 638 cantabitur
1248 584 1351 637 ulla
1373 583 1573 638 libelliS.

400 657 622 729 Ingenio
646 655 839 711 cauffas
866 669 926 710 tu
951 655 1097 710 dabis
1125 674 1228 711 una
1254 673 1393 712 meo.

98 803 156 843 26.
183 799 247 839 Hic
268 796 399 845 nobis.]
427 795 528 833 Alias
551 796 710 845 legitur,
737 794 857 841 vobis,
884 794 923 833 id
949 794 997 832 est
1015 794 1081 833 tibi

4 867 7 876 ¹
53 856 92 895 ὅτ
109 854 181 893 aliis
201 850 335 900 puellis.
357 849 535 885 Mmuus.
564 846 670 884 Nobis
688 847 892 885 Puteaneus
918 846 957 882 &
976 845 1082 883 multi

5 911 7 949 j
53 906 120 946 alii.
148 904 354 941 Hmsxus.
391 899 438 936 Et
467 899 517 936 ita
545 897 744 948 Micyllus,
772 897 811 935 &
840 898 976 947 priores
1006 895 1083 934 edi-

51 957 188 996 derunt.

103 1018 158 1051 27.
185 1010 273 1040 Sunt
303 1000 431 1046 mihis}
460 1000 554 1038 Tres
580 999 700 1047 scripri
719 1026 731 1043 ,
757 996 832 1047 sint
859 997 924 1035 tibi
942 1026 953 1043 ‚
981 998 1084 1047 quod

54 1054 261 1105 ampleetor.
297 1053 371 1091 duo
401 1051 485 1097 alii,
505 1052 594 1100 sunt
625 1048 713 1093 tibi,
742 1061 859 1093 unus,
878 1046 953 1097 fint
983 1049 1084 1086 mihi.

6 1110 7 1141 1
55 1108 194 1147 ΗειΝε.
227 1105 318 1144 Non
346 1101 476 1153 cepiffe
503 1101 644 1140 sensum
667 1099 937 1138 emendationis
964 1100 1085 1137 Hein-

423 1254 1058 1324 ELEGI

1136 795 1254 833 fian-ae
1275 795 1421 834 videtur
1448 795 1632 844 Crispinus
1645 822 1654 839 ,
1682 794 1747 845 qui
1767 792 1837 837 est,
1866 791 2008 831 valeant
2024 793 2119 841 apud
2139 799 2178 828 te

1138 849 1299 884 carmina
1321 847 1440 884 felicia
1461 847 1548 884 loco
1578 847 1701 895 magni
1730 844 1876 887 census,
1902 844 1992 880 haec
2012 852 2052 880 tu
2072 843 2178 891 pluris

1138 897 1248 934 facias
1261 926 1270 941 ‚
1299 909 1411 946 quam
1432 909 1584 934 munera
1604 898 1643 934 &
1663 897 1806 934 dividas
1819 924 1830 941 ‚
1852 894 1982 945 quibus
2001 893 2061 931 alii
2078 903 2179 930 ama-

1139 956 1236 985 tores
1253 948 1388 996 puellas
1406 947 1482 984 suas
1502 948 1653 984 faciunt.

1194 1010 1252 1047 31.
1281 996 1502 1046 Labuntur.]
1533 997 1703 1034 Francius
1720 996 1886 1045 legebat,
1918 993 2088 1031 labentur.

1170 1061 1252 1138 ἐκ.
1275 1047 1466 1137 1Eurotas.]
1494 1049 1657 1095 Eufrates
1678 1047 1846 1086 FranCOf,
1876 1045 1952 1086 duo
1981 1043 2121 1083 Moreti
2140 1042 2183 1087 ὅζ,

1141 1111 1165 1137 o
1207 1112 1230 1138 o
1254 1112 1273 1137 a
1290 1112 1327 1138 11⁰

1150 1255 1214 1321 A
1300 1235 1304 1239 ’
1383 1253 1808 1320 XVIII.

468 1423 677 1476 Armen
701 1421 767 1474 ad
792 1421 986 1474 iratum
1013 1417 1143 1472 dum
1166 1429 1226 1471 tu
1250 1417 1500 1490 perducis
1525 1418 1802 1482 Achillen,

387 1560 401 1567 ,ἢ
541 1494 827 1566 Primaque
847 1491 1030 1563 juratis
1054 1491 1230 1545 induis
1255 1509 1396 1545 arma
1420 1491 1572 1552 viris;

336 1571 478 1632 Nos,
515 1566 736 1629 Macer,
773 1566 990 1636 ignavae
1016 1563 1247 1619 Veneris
1275 1562 1526 1618 cessamus
1551 1564 1607 1618 in
1630 1563 1845 1618 umbra:

412 1640 485 1694 Et
510 1652 662 1692 tener
683 1638 895 1692 ausuros
922 1635 1136 1707 grandia
1163 1636 1357 1707 frangit
1383 1638 1572 1690 Amor.

270 1732 299 1781 ς
338 1713 504 1785 Saepe
527 1729 706 1773 meae,
743 1709 1024 1772 Tandem,
1062 1708 1202 1772 dixi,
1241 1709 1482 1772 diseede,
1520 1711 1755 1780 puellae:

409 1785 469 1838 In
492 1783 701 1855 gremio
726 1782 860 1835 sedit
884 1782 1127 1853 protinus
1150 1781 1234 1834 1113
1258 1799 1397 1834 me0.

339 1855 535 1927 Saepe,
572 1853 776 1917 Pudet,
815 1854 944 1908 dixi.
983 1853 1208 1907 lacrimis
1231 1854 1321 1907 vix
1345 1854 1427 1907 illa
1450 1854 1701 1917 retentiS‚

410 1927 511 1982 Me
536 1926 804 1980 miseram!
847 1926 950 1996 jam
975 1938 1056 1988 te,
1095 1925 1260 1989 dixit,
1299 1944 1471 1981 amare
1495 1926 1700 1999 pudet?
1743 1955 1748 1959 ·

332 1999 707 2072 Implicuitque
733 1998 853 2052 suos
878 1998 1084 2052 circum
1108 2016 1224 2051 mea
1248 1999 1384 2051 colla
1407 2000 1663 2053 lacertos:

238 2092 303 2128 10

95 2283 136 2312 π.
162 2271 359 2323 Carmen]
388 2271 546 2312 Videtur
573 2272 737 2310 imitatus
768 2271 1002 2321 Propertium
1024 2270 1087 2310 lib.

60 2335 96 2364 13*
107 2334 143 2371 7.
155 2324 205 2362 ad
221 2325 442 2362 Ponticum:

103 2379 194 2412 Cum
208 2373 274 2411 tihi
294 2375 467 2412 Cadmeae
487 2373 652 2421 dicantar
666 2372 805 2411 Pontice
825 2373 979 2417 Thebae,
991 2382 1064 2413 (⁷9¹0.

58 2426 164 2474 Quae
182 2425 387 2474 sequuntur.
416 2425 619 2462 BERSMAN.

12 2515 15 2525 .
110 2487 140 2512 1.
167 2475 380 2525 Achillem]
404 2475 571 2512 Achillen
588 2476 802 2512 Puteaneus.
830 2482 940 2523 atque
958 2475 1004 2511 ita
1026 2486 1092 2511 ve-

56 2532 144 2563 t‘eres
173 2524 376 2563 enunciaffe
402 2526 548 2564 testatur
576 2526 613 2562 in
639 2532 714 2562 arte
737 2525 973 2573 grammatica
1002 2525 1091 2561 Pro·

58 2576 130 2613 bus.
154 2577 227 2623 pari
254 2576 371 2614 modo
403 2576 498 2624 apud
528 2576 704 2612 Senecam
735 2576 773 2612 in
794 2576 941 2623 optimo
961 2574 1089 2611 codice

60 2625 261 2664 Troadibus
279 2635 465 2664 exaratum
485 2625 637 2663 offendi.
656 2637 692 2662 v.
717 2636 796 2665 177.
825 2626 863 2662 ὃς
887 2625 924 2662 in
945 2624 1088 2662 vetusto

58 2677 271 2725 optimoque
285 2677 414 2715 codice
430 2676 722 2726 Tragoediarum
738 2675 896 2712 Senecae
908 2703 918 2720 ‚
930 2679 1091 2713 Araxen.

58 2726 263 2764 Hzmsms.

110 2790 144 2814 2.
171 2777 355 2826 Primaque
376 2777 543 2827 juratis]
574 2777 676 2814 Hinc
694 2776 764 2821 est,
791 2775 894 2825 quod
915 2775 1091 2814 eumdem

58 2826 115 2864 lib.
138 2840 189 2864 xv.
220 2827 264 2863 de
285 2828 405 2865 Ponto
427 2829 525 2877 Eleg.
549 2830 603 2865 16.
633 2827 730 2864 Iliaci
757 2835 1013 2876 cognomento
1034 2828 1089 2864 in-

57 2877 195 2925 signem
222 2877 357 2919 facian
393 2879 458 2926 qui
485 2887 610 2916 tamen
638 2878 794 2915 diversus
816 2876 918 2914 fuiffe
945 2876 1090 2915 videtur

59 2927 102 2964 ab
128 2939 174 2964 eo
193 2954 205 2970 ‚
240 2938 351 2974 quem
381 2929 473 2964 inter
503 2938 693 2966 veteranos
724 2929 762 2965 ὅ(
789 2926 889 2978 quasi
916 2928 1090 2965 emeritos

61 2977 157 3015 idem
178 2975 418 3013 collocaverat
437 2978 498 3014 lib.
517 2991 569 3015 1v.
589 2979 698 3016 Trist.
720 2991 754 3016 x.
776 2991 835 3026 43.

16 3039 19 3045 ’
110 3033 206 3075 Saepe
219 3026 302 3075 snas
320 3025 470 3062 volucres
491 3027 568 3074 legit
588 3029 676 3065 mihi
693 3030 858 3077 grandior
875 3042 971 3065 aevo.
993 3040 1064 3068 eye.

62 3075 108 3114 Et
133 3079 267 3114 mirum
297 3077 334 3112 ni
366 3075 462 3113 idem
490 3074 685 3115 hic'fuerit
704 3107 714 3123 ,
742 3080 787 3117 de
808 3092 884 3129 quo
905 3078 1000 3127 apud
1022 3079 1092 3117 Ti-

66 3126 200 3164 bullum
233 3126 373 3163 mentio
402 3127 439 3162 ὃς
466 3127 611 3173 querela
628 3128 688 3163 lib.
712 3142 755 3165 11.
779 3132 812 3165 6.
832 3129 953 3176 Castra
975 3136 1094 3166 Macer

63 3176 226 3227 sequitur.
253 3177 297 3214 ad
325 3177 424 3213 hunc
447 3176 617 3212 Macrum
643 3177 691 3212 est
719 3178 875 3224 Epistola
900 3180 962 3217 lib.
983 3193 1027 3225 11.
1050 3181 1096 3218 de

70 3226 182 3316 {91ss&
183 3240 270 3315 110.
305 3228 465 3266 Dona.
514 3226 613 3264 Vide
641 3225 840 3266 Broulzhus.
873 3229 921 3269 ad
959 3229 994 3269 d.
1023 3231 1096 3269 loc.

111 3289 124 3315 i
197 3290 219 3316 1.

410 2073 512 2138 Et,
548 2090 683 2146 quae
708 2089 796 2126 me
821 2070 1086 2143 perdunt,
1121 2070 1295 2125 oscula
1318 2071 1461 2126 mille
1488 2071 1659 2126 dedit.

2054 2142 2186 2199 Vin-

1196 2280 1230 2319 3.
1260 2277 1414 2320 Ignavae
1445 2269 1630 2321 Veneris.]
1669 2269 1713 2308 In
1749 2268 1966 2320 quibusdam
1991 2296 2001 2311 ‚
2044 2268 2188 2317 ignava.

1143 2321 1402 2359 NAUGERms.
1432 2323 1597 2370 Quidam
1617 2321 1762 2359 codices
1779 2321 1911 2370 ignava
1929 2320 2072 2358 habent.
2097 2317 2189 2355 mihi

1124 2380 1269 2409 damen
1291 2370 1437 2410 'mollius
1458 2384 1604 2410 carmen
1629 2384 1771 2411 currere
1792 2372 1958 2414 videtur,
1986 2369 2011 2406 fi
2040 2369 2190 2416 ignavae

1141 2422 1294 2470 legatur,
1308 2435 1403 2472 quae
1420 2423 1534 2462 leelio
1553 2424 1663 2461 etiam
1683 2423 1729 2460 est
1746 2421 1990 2459 vetustissima.
2008 2419 2189 2475 Mennis·

1147 2479 1322 2521 Ignavae,
1350 2473 1479 2523 quibus
1514 2482 1599 2511 utor
1628 2473 1708 2510 libri
1736 2480 1887 2509 veteres.
1915 2469 2009 2507 male
2036 2469 2187 2517 quidam

1145 2523 1255 2571 legit,
1287 2530 1355 2560 Nos
1385 2530 1493 2560 Venus
1520 2524 1664 2571 ignava.
1693 2524 1908 2558 (ϊοιτΑΝυε.
1946 2521 2026 2569 Ego
2053 2519 2188 2557 retinui

1144 2573 1319 2621 ignavae,
1346 2574 1448 2622 quod
1477 2573 1524 2610 est
1540 2574 1592 2609 'in
1622 2573 1831 2609 melioribus
1846 2600 1856 2615 ,
1885 2571 1960 2609 duo
1983 2570 2083 2608 enim
2106 2578 2188 2608 tan-

1144 2632 1249 2668 tum,
1278 2625 1420 2672 ignava.
1448 2624 1496 2660 ita
1514 2635 1565 2660 xx.
1588 2624 1744 2660 Metam.
1767 2633 1848 2670 593.

1234 2675 1359 2722 Ignavi
1377 2674 1498 2710 domus
1517 2685 1560 2713 (9⁴
1572 2672 1765 2722 penetralia
1776 2671 1904 2720 fhmni.

1147 2725 1282 2774 Neque
1300 2734 1424 2762 tamen
1446 2724 1627 2773 displicet,
1646 2723 1747 2772 quod
1771 2724 1806 2760 in
1830 2734 1907 2759 uno
1929 2721 2070 2759 Moreti
2089 2728 2190 2758 erat:

1234 2775 1360 2824 Ignavi
1380 2776 1512 2811 Veneris
1531 2774 1688 2822 cessamus
1708 2773 1747 2809 in
1764 2772 1900 2810 ambra.
1926 2770 2189 2809 BimMANNusl

1200 2839 1232 2874 ς.
1261 2826 1350 2862 Dixi
1368 2824 1541 2873 tandem]
1563 2824 1729 2866 Tandem,
1744 2823 1820 2860 dixi
1842 2823 2023 2860 meliores.
2043 2823 2190 2859 Hnms,

1197 2876 1230 2913 8.
1259 2883 1319 2912 Me
1336 2875 1495 2924 mtfi’ram
1510 2903 1519 2919 ,
1533 2888 1592 2911 cur
1609 2885 1659 2917 te²
1675 2875 1768 2911 dixit
1780 2903 1789 2918 ,
1800 2886 1920 2910 amare
1933 2872 2067 2922 pudet.]
2091 2873 2190 2910 Gru·¹

1145 2935 1241 2963 161115
1266 2925 1285 2963 e
1304 2927 1469 2963 Palatino
1488 2923 1700 2973 afferipserat
1715 2953 1724 2969 ,
1755 2931 1813 2960 Me
1831 2924 1991 2972 miseram
2004 2951 2012 2965 ‚
2042 2924 2121 2970 jam
2140 2931 2197 2965 te,

1146 2977 1239 3013 dixit
1252 3006 1262 3021 ,
1273 2991 1392 3012 amare
1405 2976 1509 3025 pudet
1522 2986 1536 3014 ?
1550 2976 1589 3012 Et
1597 2976 1670 3012 iam
1688 2976 1750 3025 qui
1771 2974 1937 3023 Scaligeri
1955 2974 2083 3010 librum
2100 2983 2193 3008 cuin

1148 3028 1254 3064 MSS.
1266 3028 1479 3065 contulerat.
1494 3027 1644 3064 Suavius
1658 3027 1694 3062 ὅ(
1705 3026 1915 3074 elegantius.
1927 3025 2027 3060 DAN.
2041 3022 2186 3058 Hems.

1148 3079 1240 3123 Jam
1262 3089 1294 3114 te
1313 3078 1406 3114 dixit
1426 3078 1605 3115 meliores.
1629 3076 1676 3113 fic
1701 3076 1806 3112 Trist.
1826 3087 1875 3111 iv.
1896 3075 1996 3120 Eleg.
2020 3084 2104 3107 viu.
2130 3081 2185 3115 52,
2261 3075 2265 3078 ’

1229 3136 1288 3165 Me
1307 3129 1496 3176 mzfi’rum!
1510 3126 1545 3176 fi
1565 3138 1596 3163 te
1609 3128 1686 3173 jam
1702 3126 1806 3175 pudet
1827 3124 1881 3173 effie
1899 3135 2021 3159 meam.
2041 3123 2185 3157 HEINS.

1151 3179 1306 3217 Mallem
1328 3188 1452 3215 tamen
1475 3190 1559 3215 cum
1578 3178 1759 3225 juniano,
1790 3175 2014 3211 Scriveriano
2033 3172 2070 3207 δί
2092 3169 2190 3207 duo-

1152 3231 1216 3266 bus
1233 3229 1307 3264 aliis
1322 3255 1332 3271 ,
1361 3234 1404 3264 Te
1417 3229 1515 3276 jam,
1548 3237 1586 3264 ut
1607 3228 1740 3263 vitetur
1761 3223 1950 3263 concursus
1970 3220 2185 3270 syllabarum

1154 3277 1369 3318 earumdem
1387 3280 1426 3317 in
1443 3277 1602 3327 miseram
1619 3277 1712 3324 jam.
2108 3318 2149 3356 V,

2027 3330 2082 3359 11,
2138 3330 2196 3356 me
