2553 3676
809 199 1048 263 N-UX
1122 199 1600 262 ELEGIA.

2168 213 2193 265 00

2203 234 2224 277 ’.υ

426 295 521 354 Est
543 294 728 358 etiam,
764 308 854 364 par
883 288 944 343 fit
969 305 1218 344 numerus
1243 292 1335 364 qui
1360 293 1531 360 dicat,
1567 310 1633 351 an
1657 294 1852 368 impart

318 370 386 426 80

495 367 572 422 Ut
596 367 847 422 divinatas
876 359 1077 413 auferat
1100 377 1265 429 augur
1292 381 1436 435 opes,

423 442 510 498 Fit
533 434 844 513 quoquede
869 432 1045 494 creta,
1072 431 1293 512 ‘qualem
1315 438 1540 495 coeleste
1564 442 1816 513 figuram¹
1861 479 1864 482 -

497 511 682 570 Sidus,
726 506 782 560 δε
807 507 862 560 in
889 503 1111 559 Graecrs
1135 504 1288 559 litera
1310 521 1494 579 quarta
1519 514 1672 581 gerit.

418 585 575 649 Haec
601 580 691 635 ubi
717 577 955 634 distincta
981 576 1055 631 est
1082 576 1359 646 gradibus;
1397 580 1491 653 qui
1514 586 1747 641 constitit
1783 588 1952 652 intUS,

491 654 644 726 Quot
670 652 848 724 tetigit
873 651 1073 722 virgas,
1094 662 1179 702 tot
1203 651 1338 721 rapit
1364 653 1493 708 inde
1519 671 1697 712 nuceS.

318 732 380 799 85

418 727 529 786 Vas
557 743 772 801 quoque
797 725 947 796 saepe
972 739 1189 784 cavum,

1228 724 1393 794 spatio
1419 726 1672 793 distante,
1707 729 1946 792 locatur;

491 801 550 856 In
573 799 723 871 quod.
746 795 891 851 miffa
915 795 1021 850 levi
1043 812 1154 851 nux
1178 795 1332 851 cadat
1358 817 1461 855 una
1485 816 1660 857 mann.

127 1015 355 1060 ocellorum}
380 1012 551 1062 scriptum
577 1009 724 1049 habent.
749 1009 933 1048 Mmus.
957 1008 1031 1047 vid.
1062 1009 1167 1048 Sent-

128 1068 197 1109 leb.
219 1079 296 1116 cap.
316 1077 366 1103 1x.
393 1064 431 1100 ὃ(
455 1062 659 1100 Casaubon.
674 1060 718 1099 ad
739 1061 773 1099 d.
793 1060 959 1099 Suetonii
976 1060 1116 1098 locum.

178 1129 236 1165 77.
264 1124 327 1154 Per
347 1112 523 1163 tabulae]
553 1113 678 1150 Altera
699 1112 850 1150 ludendi
868 1111 1001 1159 species
1029 1111 1100 1156 est,
1127 1119 1168 1150 ut

123 1167 299 1217 dispositis
315 1168 355 1204 in
374 1166 501 1203 seriem
525 1165 698 1207 nucibus,
725 1175 787 1212 per
807 1161 967 1199 tabulam
986 1161 1169 1200 declivem

125 1220 298 1258 volvatur
317 1229 413 1256 nux:
444 1227 538 1265 quae
560 1214 587 1252 fi
607 1222 730 1262 tangat
750 1224 861 1263 quam
887 1220 1059 1261 oportet,
1087 1214 1170 1250 vin-

126 1270 175 1309 cit
190 1271 255 1319 qui
281 1268 387 1307 mitit.
422 1268 621 1306 EaAsmus.
657 1266 745 1302 Hoc
777 1274 928 1312 quoque
954 1261 1030 1300 ludi
1055 1274 1169 1309 genus

123 1321 238 1359 hodie
254 1319 426 1357 nostrates
445 1319 546 1366 pueri
568 1323 748 1354 exercent.
784 1314 830 1350 Se
849 1314 949 1350 enim
973 1313 1169 1351 conferunt

125 1370 172 1409 ad
190 1371 271 1408 loca
295 1370 472 1410 declivia,
501 1369 624 1416 ibique
658 1364 846 1403 affidentes
871 1363 1073 1400 alternatim
1100 1374 1170 1400 nu-

126 1432 185 1459 ces
210 1428 272 1459 aut
288 1419 509 1469 perficorum
530 1416 603 1456 offa
621 1414 756 1464 fingula
775 1413 846 1451 labi
865 1413 1007 1450 sinunt:
1035 1413 1095 1451 ille
1106 1425 1169 1452 au-

125 1479 201 1510 tem
220 1499 230 1516 ,
260 1472 361 1519 quus
383 1482 458 1507 nux
473 1468 632 1517 tetigerit
655 1467 815 1514 aliquam
833 1475 878 1501 ex
898 1463 962 1500 illis
980 1475 1073 1512 quae
1087 1464 1166 1513 jam

120 1521 193 1561 labi
214 1520 445 1563 desiverunt,
482 1520 519 1556 &
541 1515 673 1556 ceffant
688 1544 697 1559 ‚
726 1515 870 1552 omneis
890 1514 1007 1551 aufert
1034 1526 1168 1560 nuces,

122 1571 162 1609 ὃ(
186 1571 352 1607 lucratur.
406 1570 575 1610 clivum,
605 1566 852 1603 declivitatem
884 1565 922 1601 ὅ(
948 1563 1167 1604 descensum.

120 1619 252 1668 virgil.
275 1620 312 1656 in
338 1617 463 1656 Bucol.
491 1619 574 1665 Qu
586 1618 623 1664 fic
638 1615 824 1663 subducere
844 1613 939 1650 colles
967 1615 1140 1664 Incipiunt
1154 1645 1164 1661 ‚

123 1671 286 1721 mollique
302 1671 421 1718 jugum
445 1668 623 1705 demittere
641 1664 740 1703 clivo.
770 1666 944 1703 Manius.
973 1665 1166 1704 vid.Sent-

124 1721 194 1760 leb.
215 1733 255 1759 ca
283 1751 290 1758 .
316 1734 366 1758 xi.

175 1772 231 1818 78.
259 1734 446 1819 {Qtaelibet
467 1772 568 1820 unca]
597 1769 800 1820 (Qtamlibet
818 1768 1001 1807 meliores.
1021 1768 1166 1806 Heius.

174 1832 234 1871 79.
261 1822 316 1868 Est
346 1823 452 1858 etiam
474 1849 485 1865 ‚
510 1830 574 1870 par
598 1822 683 1870 sin]
726 1822 783 1858 Sic
810 1819 922 1857 hodie
941 1830 1092 1867 quoque
1111 1820 1166 1857 lu-

123 1873 249 1912 dentes
281 1884 411 1919 pueros
439 1872 693 1919 conspicimus.
749 1873 870 1908 Nuces
904 1871 1028 1913 enim,
1057 1878 1167 1918 quot·

122 1931 215 1973 quot
246 1923 450 1967 voluerint,
489 1922 653 1960 manibus
683 1930 885 1969 premunt,
925 1921 964 1957 &
990 1928 1165 1968 tanqu-arn

121 1974 311 2022 problema
349 1973 502 2023 quisque
530 1974 692 2020 compari
726 1972 789 2009 suo
821 1982 1030 2019 proponens
1054 1971 1165 2008 inter-

122 2031 249 2072 rogat,
278 2035 338 2071 par
359 2023 441 2061 infit
460 2036 634 2062 numerus
661 2050 670 2066 ,
703 2034 747 2059 an
768 2023 895 2068 impar.
923 2020 1027 2069 quocl
1053 2020 1080 2056 fi
1106 2021 1166 2058 ille

122 2072 365 2117 divinaverit,
394 2078 539 2110 omneis
559 2085 669 2111 nuces
692 2073 828 2108 aufert:
858 2071 909 2108 fin
936 2081 1079 2114 mlnus,
1107 2079 1168 2108 to-

123 2123 238 2161 tidem
256 2124 402 2161 amittit.
459 2124 579 2171 Hujus
598 2124 674 2161 ludi
692 2123 863 2159 meminit
886 2122 923 2157 δε
952 2120 1098 2158 Flaccus
1128 2122 1166 2158 in

124 2174 359 2212 Sermonibus
382 2202 392 2217 ‚
428 2173 517 2211 dum
557 2173 709 2222 pueriles
742 2172 848 2210 ludos
882 2171 1074 2214 recenset,
1110 2172 1166 2208 in-

123 2225 274 2274 quiens:
304 2224 435 2260 Ludere
445 2233 513 2273 par
535 2224 646 2274 impar
659 2251 669 2268 ,
684 2223 836 2272 equitare
846 2223 883 2258 in
903 2221 1075 2257 arundine
1092 2221 1166 2257 lon·

120 2288 174 2322 ga.
227 2275 308 2312 Nec
329 2286 419 2312 vero
449 2275 600 2313 nucibus
618 2284 762 2312 tantum
790 2271 1036 2318 aut2castaneis
1064 2271 1165 2309 lude-

125 2336 163 2361 re
181 2336 242 2373 par
261 2325 377 2372 impar
394 2325 486 2362 soliti
507 2334 609 2361 erant
627 2326 788 2372 antiqui,
824 2323 884 2360 sed
916 2323 1026 2358 etiam
1055 2334 1165 2358 num-

126 2375 207 2412 mis.
259 2375 436 2422 Legimus
458 2376 559 2409 enim
588 2374 683 2420 apud
711 2373 968 2422 Tranquillum
985 2400 995 2415 ,
1035 2372 1165 2420 Augu-

124 2425 218 2463 stum
239 2423 287 2461 fic
306 2423 482 2461 ad‘filiam
501 2421 686 2470 scripfiffe:
717 2422 799 2467 Mifi
823 2423 887 2458 tibi
917 2422 1070 2457 denarios
1099 2423 1165 2458 du-

127 2485 235 2512 centos
254 2486 296 2513 ω·
315 2472 570 2523 quinquaginta
584 2499 594 2515 ‚
622 2485 701 2522 quos
710 2471 855 2520 singulis
883 2472 1040 2507 convivis
1056 2472 1167 2508 ‚dede-

128 2530 226 2569 ram,
245 2524 280 2573 si
299 2524 429 2560 vellent
450 2523 541 2559 inter
561 2535 698 2559 coenam
720 2522 777 2558 vel
795 2521 897 2566 talis,
925 2522 981 2557 vel
1001 2531 1066 2572 par
1097 2522 1166 2559 im-

123 2583 187 2624 par
209 2575 332 2612 ludere.
360 2575 539 2611 Mauxus.

180 2625 238 2662 81.
270 2626 324 2662 Fit
340 2624 508 2675 quoque]
537 2624 651 2662 Aliud
669 2624 782 2673 tangit
802 2623 879 2661 ludi
898 2634 1032 2671 genus,
1061 2623 1164 2668 quod

126 2675 204 2725 Jam
224 2675 426 2713 obsoletum
445 2675 493 2713 est
506 2703 516 2719 ‚
544 2675 630 2712 ideo
649 2675 752 2712 nobis
775 2676 894 2712 minus
911 2683 1056 2710 notum.
1109 2675 1165 2710 Fit

130 2739 270 2776 quoque.
305 2725 396 2763 ordo
416 2726 463 2764 est
479 2726 630 2775 :Figura
650 2737 799 2774 quoque
820 2725 864 2762 de
888 2732 983 2761 creta
1001 2724 1064 2768 fit,
1086 2724 1167 2772 sup-

131 2777 190 2824 ple
207 2776 304 2821 talis,
330 2776 474 2825 qualem
494 2775 647 2814 coeleste
667 2775 759 2813 sidus
772 2805 781 2820 ‚
810 2778 846 2813 &
866 2776 967 2812 litera
986 2784 1109 2824 quarta
1131 2776 1167 2812 in

133 2827 280 2864 Graecis
296 2827 399 2874 gerit.
424 2838 490 2875 pro
519 2832 687 2869 Decerne,
727 2827 922 2875 legendum
943 2826 990 2862 est
1020 2838 1063 2862 cx
1092 2837 1166 2862 ma-

133 2876 318 2924 nuscriptis
338 2876 598 2925 exemplaribus
612 2904 622 2921 ‚
651 2882 704 2911 De
726 2888 815 2912 creta
829 2885 890 2920 ,ut
913 2875 979 2913 sint
993 2876 1067 2913 duo
1088 2888 1166 2912 vcr-

134 2927 189 2965 ba.
217 2928 324 2964 Creta
344 2927 392 2964 est
409 2935 500 2965 terra
520 2927 596 2964 alba
610 2955 620 2970 ‚
650 2927 704 2975 cuj
713 2939 750 2964 us
774 2939 905 2976 genera
922 2926 1019 2974 plura
1043 2938 1164 2963 recen-

135 2977 185 3015 set
212 2977 301 3014 Plin.
332 2975 392 3014 lib.
421 2988 475 3023 17.
499 2989 574 3024 cap.
601 2977 636 3014 8.
672 2978 772 3014 sidu:
802 2977 948 3024 coeleste,
986 2977 1168 3014 Deltoton

136 3027 243 3065 dicit:
272 3026 374 3077 quod
393 3026 486 3066 fidus
505 3027 568 3076 (ut
586 3028 753 3075 Higinius
771 3029 914 3077 inquit)
945 3028 1043 3066 velut
1063 3028 1166 3065 litera

138 3078 186 3115 est
198 3079 337 3116 Graeca
355 3079 393 3116 in
415 3077 595 3127 triangulo
620 3077 734 3125 posita
758 3093 766 3116 :
802 3081 925 3128 itaque
948 3079 1168 3128 appellatur,

137 3128 239 3177 quod
262 3129 461 3167 Mercurius
481 3129 581 3177 supra
611 3136 718 3176 caput
747 3129 881 3167 Arietis
909 3128 1060 3167 statuisse
1094 3130 1170 3166 exi·

136 3179 320 3228 stimaturz
357 3179 443 3217 ideo
462 3188 502 3218 ut
520 3178 711 3216 obscuritas
727 3179 843 3217 arietis
871 3181 977 3229 hujus
992 3180 1172 3228 -splendo-

135 3241 175 3267 re
189 3259 198 3274 ‚
227 3242 302 3279 quo
318 3230 405 3267 loco
429 3228 535 3273 esset,
563 3228 818 3277 significaretur
833 3258 842 3274 ,
870 3231 906 3266 ἃ
927 3231 1029 3276 Jovis
1048 3231 1172 3268 nomi-

135 3291 184 3319 ne
206 3281 346 3320 Graece
374 3279 443 3323 ὃιὸς
462 3280 617 3329 primam
636 3279 778 3317 literam
800 3279 1035 3321 deformaret.
1069 3281 1177 3319 Non-

2083 887 2127 942 F
2131 890 2233 947 elix
2243 919 2258 945 s

1224 1011 1314 1050 nulli
1337 1011 1498 1062 Aegypti
1516 1009 1856 1062 pofitionem;a1ii,
1876 1023 1948 1061 qua
1966 1015 2070 1054 Nilus
2088 1013 2270 1056 termina-⁵

1225 1071 1279 1100 ret
1298 1062 1539 1112 Aethiopiam
1560 1064 1600 1101 &
1621 1063 1836 1113 Aegyptum
1852 1063 2053 1107 ,dixerunt.
2071 1067 2146 1105 Alii
2174 1069 2263 1106 Sici-

1222 1113 1309 1151 liam
1329 1112 1517 1161 figuratam
1535 1122 1775 1162 putaverunt:
1805 1113 1886 1157 alii,
1914 1115 2016 1164 quod
2039 1116 2165 1154 orbem
2189 1127 2263 1156 ter-

1223 1175 1343 1201 rarum
1358 1163 1555 1211 superiores
1575 1165 1751 1202 trifariam
1772 1163 1989 1209 diviserunt,
2016 1167 2098 1204 treis
2116 1170 2265 1216 angulos

1223 1212 1294 1251 effe
1326 1214 1541 1251 constitutos
1575 1215 1754 1251 dixerunt.
1806 1214 2045 1255 Deformatur
2081 1218 2189 1266 igitur
2225 1220 2265 1257 in

1221 1264 1442 1313 triangulum
1462 1266 1586 1313 aequis
1608 1264 1892 1313 quodammodo
1910 1266 2078 1304 lateribus
2102 1268 2264 1307 duobus:

1223 1325 1300 1352 uno
1329 1315 1496 1352 breviore
1519 1343 1528 1358 ‚
1558 1314 1619 1351 sed
1644 1326 1759 1363 prope
1778 1314 1920 1363 aequali
1955 1316 2113 1364 reliquis,
2166 1318 2264 1356 Inter

1223 1365 1399 1404 aestivum
1419 1366 1456 1403 &
1476 1364 1786 1414 aequinoctialem
1807 1364 1982 1403 circulum
2000 1393 2011 1409 ‚
2038 1365 2140 1413 supra
2157 1378 2265 1416 caput

1223 1416 1380 1461 Arietis,
1405 1428 1482 1453 non
1504 1415 1614 1465 longe
1637 1415 1679 1452 ab
1702 1414 1964 1454 Andromadae
1987 1415 2117 1454 dextro
2140 1429 2265 1462 crure,

1224 1466 1395 1504 &Persei
1426 1479 1539 1506 manu
1571 1466 1703 1505 sinistra
1734 1465 1977 1506 collocatum:
2022 1479 2107 1504 cum
2138 1468 2264 1506 Ariete

1223 1524 1306 1555 toto
1336 1517 1530 1564 occidens,
1567 1519 1734 1558 exoriens
1762 1527 1886 1557 autem
1919 1530 2005 1557 cum
2029 1517 2188 1567 ejusdem
2212 1519 2268 1556 di-

1223 1568 1337 1606 midia
1357 1569 1478 1618 priore
1494 1578 1606 1619 parte.
1630 1569 1751 1608 Habet
1772 1579 1898 1608 autem
1918 1569 2031 1607 stellas
2050 1568 2200 1616 lingulas
2228 1572 2266 1608 in

1222 1618 1367 1668 fingulis
1388 1621 1537 1669 angulis.
1565 1621 1742 1661 Mimos.
1770 1620 1944 1658 Tertium
1962 1619 2057 1657 lusus
2075 1631 2189 1668 genus
2202 1619 2266 1658 de-

1221 1669 1349 1708 scribit,
1410 1671 1442 1707 E
1471 1679 1567 1709 creta
1598 1672 1757 1718 pingitur
1787 1671 1904 1719 ampla
1932 1669 2046 1718 figura
2062 1670 2264 1718 triangula,

1221 1721 1367 1769 qualem
1386 1721 1495 1759 habet
1516 1721 1610 1770 apud
1633 1721 1794 1758 Graecos
1814 1723 1944 1757 Δέλτα
1967 1719 2163 1768 majuscula
2188 1720 2265 1757 for-

1222 1782 1282 1808 ma
1308 1771 1491 1820 scriptum.
1544 1771 1709 1809 Eandem
1739 1771 1890 1820 figuram
1921 1770 2017 1819 apud
2059 1771 2265 1819 Aegyptios

1223 1821 1324 1859 cursu
1346 1822 1410 1859 suo
1441 1823 1526 1860 facit
1547 1822 1675 1859 Nilus:
1710 1822 1809 1859 unde
1838 1824 1876 1859 δε
1895 1821 1983 1859 loco
2006 1832 2148 1857 nomen
2169 1821 2266 1858 indi-

1221 1879 1313 1909 tum.
1371 1873 1415 1909 Et
1449 1873 1535 1910 huic
1564 1871 1686 1909 similis
1712 1871 1912 1910 ostenditur
1949 1872 1987 1908 in
2018 1870 2125 1907 coelo
2159 1870 2263 1918 super

1223 1930 1331 1969 caput
1352 1922 1496 1960 Arietis.
1550 1923 1630 1959 Hac
1647 1930 1776 1959 notant
1794 1931 1863 1960 tres
1881 1920 2000 1958 stellae
2022 1949 2032 1965 ,
2061 1920 2195 1958 duabus
2222 1920 2265 1958 Ii-

1221 1974 1298 2010 neis
1320 1974 1527 2021 aequalibus
1542 2001 1552 2016 ,
1579 1973 1683 2009 tertia
1701 1972 1867 2010 breviore
1882 1970 1961 2008 :sed
1984 1982 2077 2020 quae
2096 1972 2133 2007 in
2152 1982 2266 2019 angu-

1218 2023 1256 2060 lo
1276 2023 1410 2060 stellam
1432 2024 1622 2060 clariorem
1643 2022 1797 2066 habeat,
1834 2022 1965 2059 Graeci
1997 2023 2177 2058 δέλτων-ου
2202 2025 2268 2070 ap-‘

1220 2074 1366 2121 pellant.
1423 2074 1465 2110 In
1483 2074 1588 2110 lineis
1611 2074 1733 2121 itaque
1752 2072 1855 2120 pictis
1876 2100 1886 2115 ,
1915 2072 2021 2109 certis
2043 2071 2263 2116 intervallis,

1220 2135 1313 2172 quos
1332 2125 1391 2161 hic
1417 2124 1545 2172 gradus
1565 2131 1695 2166 vocat,
1737 2122 1975 2170 disponuntur
1994 2134 2116 2159 nuces.
2171 2123 2265 2160 Puer

1221 2174 1284 2222 qui
1305 2173 1368 2210 stat
1391 2174 1427 2210 in
1452 2174 1600 2217 medio,
1623 2172 1725 2221 jactu
1741 2174 1863 2221 virgae
1884 2179 1976 2221 quot
1996 2173 2178 2220 tetigerit,
2206 2179 2265 2211 tot

1221 2225 1348 2261 aufert.
1377 2225 1581 2262 ERASMUS.
1610 2223 1791 2260 Obscurus
1811 2223 1935 2265 locus,
1964 2221 2267 2271 quodhujusrno-

1220 2273 1257 2312 di
1273 2274 1380 2311 ludus
1402 2277 1439 2312 in
1455 2273 1732 2312 desuetudinem
1759 2273 1854 2310 abiit.
1908 2272 2118 2309 Verborum
2139 2280 2265 2311 autem

1220 2324 1313 2362 ordo
1335 2325 1396 2362 hic
1416 2325 1579 2363 videtur:
1609 2324 1740 2361 Deltae
1755 2352 1765 2365 ,
1791 2325 1930 2362 litterae
1951 2324 2111 2360 Graecae
2131 2323 2240 2371 figura
2254 2351 2266 2369 ‚

1220 2375 1281 2413 ubi
1304 2376 1487 2420 numeris,
1512 2376 1641 2421 noffisj,
1669 2383 1731 2412 aut
1753 2375 1856 2412 lineis
1884 2374 2047 2411 distincta
2076 2386 2118 2411 ac
2139 2382 2266 2411 notata

1221 2426 1289 2469 est,
1319 2433 1376 2462 tot
1392 2438 1502 2474 puer,
1530 2426 1594 2475 qui
1621 2424 1723 2467 lufit,
1750 2436 1795 2460 ex
1817 2435 1859 2461 ea
1878 2433 1990 2460 nuces
2016 2425 2135 2471 capit,
2163 2424 2266 2472 quod

1223 2487 1398 2513 numeros
1443 2477 1544 2523 virga
1572 2503 1583 2520 ,
1626 2485 1722 2524 quae
1756 2474 1852 2512 intus
1888 2472 2047 2511 constitit
2072 2502 2082 2518 ‚
2131 2474 2262 2523 attigit.

1224 2526 1441 2562 CIOFANUS.

1273 2575 1332 2612 81.
1370 2576 1544 2623 Figuram.
1565 2575 1581 2625 ]
1635 2574 1761 2623 Figura
1806 2574 1994 2614 Constant.
2035 2575 2184 2613 Landus
2220 2573 2266 2613 ad

1219 2626 1350 2663 Catull.
1377 2626 1499 2674 Epith.
1519 2626 1650 2663 Manlii
1670 2627 1709 2662 &
1727 2624 1859 2671 Juliae,
1884 2627 1922 2663 ὃς
1945 2628 1994 2664 ita
2014 2626 2100 2664 Ald.
2130 2625 2264 2663 Bersm.

1221 2678 1258 2713 &
1281 2677 1352 2713 alii.

1273 2726 1331 2773 84.
1357 2729 1452 2774 Qot
1475 2726 1586 2774 tetigit
1613 2727 1736 2775 virga,
1764 2736 1814 2763 tot
1833 2727 1921 2776 capit
1939 2727 2009 2776 ipfiz
2033 2725 2171 2775 nucu]
2199 2726 2265 2773 Ipse

1223 2779 1404 2814 nonnulli.
1431 2776 1488 2812 ille
1507 2778 1594 2815 duo.
1649 2778 1720 2815 Sed
1744 2786 1847 2815 vetus
1869 2777 1983 2815 editio
2000 2805 2010 2821 ‚
2048 2776 2165 2815 codex
2190 2777 2266 2812 Re-

1222 2830 1320 2876 gius,
1351 2830 1386 2864 ὅ(
1418 2828 1690 2876 Langermanni
1711 2827 1830 2871 recte,
1852 2838 1903 2864 tot
1922 2827 2010 2877 capit
2036 2827 2124 2863 inde.
2153 2837 2264 2873 quare

1223 2881 1261 2915 δε
1280 2880 1317 2915 in
1335 2878 1508 2926 superiori
1530 2879 1632 2916 versu
1659 2878 1912 2923 scribendum3
1941 2878 2001 2926 qui
2033 2876 2179 2923 constitit
2208 2876 2266 2911 in-

1222 2939 1299 2972 tus;
1329 2941 1420 2973 non,
1447 2942 1544 2979 quae.
1572 2930 1782 2967 Hmusrus.
1811 2929 1870 2966 De
1890 2930 1963 2966 hoc
1978 2927 2067 2965 ludo
2084 2929 2131 2964 ira
2146 2925 2268 2963 Barth.

1224 2994 1258 3016 x.
1273 2979 1438 3027 Adv.23.
1460 2982 1631 3017 Hactenus
1649 2981 1689 3017 de
1704 2980 1816 3030 pueris
1832 2980 1962 3016 locutus
1974 2978 2036 3024 est,
2062 2987 2153 3013 nunc
2164 2974 2265 3011 aliud

1218 3043 1321 3078 genus
1333 3029 1493 3079 puellaris
1513 3030 1588 3067 ludi
1603 3031 1757 3080 proponit
1770 3046 1782 3068 .’
1803 3029 1999 3078 fingebatur
2018 3029 2147 3062 Δέλτα
2156 3029 2265 3061 Grae-

1224 3094 1322 3126 cum,
1342 3079 1418 3129 sive
1440 3085 1471 3116 T
1468 3081 1619 3130 rianguli
1631 3084 1749 3127 forma
1763 3109 1773 3126 ‚
1811 3092 1916 3129 quam
1937 3076 2099 3113 Deltoton
2120 3076 2159 3112 in
2176 3074 2265 3111 caelo

1221 3132 1319 3179 gerit.
1357 3132 1395 3167 in
1432 3131 1538 3167 medio
1567 3131 1786 3178 statuebatur
1815 3127 1929 3177 puella
1956 3126 2109 3175 obnuptis
2137 3125 2266 3170 oculis,

1229 3181 1336 3217 Delta
1369 3181 1476 3228 ipsum
1505 3180 1543 3217 in
1567 3182 1696 3230 gradus
1724 3176 2006 3226 distinguebatur}
2025 3204 2036 3221 ,
2097 3175 2264 3224 gradibus

1223 3228 1379 3278 singulae
1405 3243 1503 3266 nuces
1533 3231 1816 3280 imponebantur,
1851 3240 1937 3276 quas
1962 3240 2038 3264 cum
2058 3225 2267 3274 virguncula

1232 3280 1390 3330 attigiſjet
1412 3293 1510 3319 nuces
1527 3282 1670 3320 vicerat.
1697 3292 1767 3315 una
1788 3279 1890 3314 litera
1910 3277 2041 3316 claram
2054 3277 2267 3328 sententiam

1661 3330 1839 3369 Nnnnn
1868 3341 1888 3366 2
2168 3327 2271 3375 facit.
