2553 3676
594 163 1131 233 AMORUM
1203 167 1378 223 141ss.
1449 170 1490 225 1.
1546 189 1613 240 -7.

1144 0 1179 9 ψ.

2078 199 2173 247 353

348 267 541 341 Aptius
563 261 818 335 impreffis
841 270 952 313 erat
979 275 1038 311 os
1060 258 1224 312 livere
1248 258 1473 323 labellis,

421 340 493 393 Et
518 337 655 392 collo
680 330 857 386 blandi
882 331 1055 385 dentis
1078 329 1273 383 habere
1297 344 1498 386 notam.

331 409 609 480 Denique,
644 405 683 459 fi
709 402 902 458 tumidi
926 403 1033 457 ritu
1059 402 1312 456 torrentis
1338 403 1558 471 agebar,

421 480 701 549 Caecaque
724 493 810 529 me
836 475 1089 547 praedam
1113 475 1313 527 fecerat
1337 473 1413 527 ira
1434 475 1610 536 suam3

234 560 304 625 '45
342 553 536 608 Nonne
558 549 676 603 satis
699 547 871 604 fuerat
895 546 1114 601 timidae
1140 544 1437 599 inclamasse
1463 547 1669 617 puellae
1679 553 1697 611 2'

413 622 529 676 Nec
557 621 784 675 nimium
806 619 1000 691 rigidas
1024 617 1306 673 intonuifle
1336 619 1535 672 minas?

351 695 465 749 Aut
490 694 729 748 tunicam
751 693 954 747 summa
978 692 1249 746 deducere
1275 692 1502 762 turpiter
1527 692 1624 745 ora

418 766 513 820 Ad
532 766 801 831 mediam?
842 764 1052 819 mediae
1076 782 1213 817 zona
1240 763 1432 817 tulisset
1457 780 1632 835 opem.

341 839 419 893 At
442 856 583 892 nunc
610 837 851 899 sustinui,
888 837 1045 907 raptis
1072 838 1101 890 {i
1125 836 1305 889 fronte
1330 837 1555 906 capillis,

233 929 303 980 50

53 1123 242 1172 scripturae
267 1120 513 1160 vindicatione
533 1134 543 1158 ε
570 1132 659 1159 nam
679 1122 829 1171 quanti‚'
854 1121 1003 1159 obsecro
1016 1148 1027 1166 ,
1044 1120 1093 1159 est

56 1174 163 1212 altera
181 1173 260 1218 illa,
287 1184 400 1222 quam
421 1171 512 1220 ipsus
533 1172 639 1209 nobis
658 1171 865 1210 substituere
897 1172 999 1209 ausus
1016 1172 1092 1209 hoc

15 1237 18 1267 g
56 1223 141 1266 loco
163 1237 236 1268 ore,
264 1235 330 1271 pro
352 1236 423 1260 ora.
448 1222 608 1259 Douze..

15 1270 18 1310 ζ
58 1305 61 1310 Α
104 1273 165 1321 48.
191 1280 235 1310 Ut
260 1271 448 1321 mediam]
477 1273 599 1309 Scn'be
627 1284 712 1311 cum
738 1272 927 1311 Puteaneo
954 1273 993 1309 &
1020 1279 1093 1308 ter-

17 1339 19 1353 ¹
59 1324 116 1412 fig
139 1324 325 1368 Palatino,
348 1322 557 1371 eodemque
584 1324 731 1371 optimo
753 1350 764 1367 ,
801 1332 883 1361 tum
912 1323 950 1359 &
976 1321 1094 1371 prima

58 1384 79 1412 e
119 1382 243 1412 tione:

106 1428 188 1462 Aut
204 1424 361 1461 tunicam
372 1422 519 1473 summd
539 1423 698 1462 deducere
716 1424 862 1473 turpiter
882 1420 944 1460 ord

156 1474 219 1511 Ad
239 1474 389 1512 mediam
402 1492 412 1511 .·
442 1473 573 1512 mediae
589 1488 680 1514 zona
699 1474 824 1524 tulisset
844 1484 947 1524 opem.

61 1526 186 1575 Atque
205 1525 254 1562 ita
275 1525 320 1563 ad
332 1525 531 1562 Historiam
547 1527 745 1575 Augustam
762 1524 964 1568 Salmasius,
977 1523 1090 1562 Treb.

61 1576 150 1614 Poll.
176 1575 281 1624 Trig.
311 1575 453 1624 Tyran.
481 1586 556 1622 cap.
585 1587 645 1624 30.
675 1575 807 1613 Noster
834 1575 896 1613 lib.
926 1586 981 1613 VI.
1007 1576 1093 1613 Me-

19 1672 23 1722 }
60 1632 150 1665 tam·
176 1637 260 1673 405·
623 1675 765 1712 Dicitur
782 1688 871 1712 unus

18 1732 24 1774 l
63 1734 69 1748 ἐ
106 1724 208 1775 Fleffi
226 1726 358 1776 Pelops,
385 1725 589 1775 humeroque
601 1724 686 1774 suas
709 1726 755 1762 ad
770 1728 905 1775 pec‘iora
915 1725 1092 1777 postquam

21 1778 24 1814 l
107 1777 269 1814 Deduxit
285 1777 399 1823 vestes.

22 1821 24 1849 ’ἶ
61 1825 117 1865 Ita
141 1826 399 1864 restituendum
422 1837 466 1863 ex
498 1825 639 1862 duobus
665 1825 810 1872 scriptis.
837 1826 974 1875 vulgati
999 1826 1023 1862 ἀ
1037 1836 1095 1874 pe-

63 1877 158 1913 stere.
187 1876 400 1925 Calpurnius
429 1875 557 1923 Eclog.
585 1887 647 1912 111.
676 1875 736 1912 ubi
757 1876 907 1924 Mopsus
926 1884 1043 1914 narrat
1059 1877 1093 1913 se

63 1925 257 1974 verberasse
278 1927 455 1964 amicam:

608 1975 769 2011 Protinus
787 1976 908 2012 ambas

114 2027 254 2064 Deduxi
273 2026 406 2063 tunicas
418 2054 427 2070 ,
456 2037 498 2064 ω’
509 2028 641 2074 pestem
662 2026 754 2061 nuda
779 2026 893 2063 cecidi.

65 2076 122 2115 =Ita
148 2078 267 2115 scribe.
292 2077 364 2114 hoc
390 2078 491 2114 enim
521 2075 678 2112 deducere
708 2076 886 2114 dicebant.
910 2076 1097 2123 Juvenalis

65 2127 137 2166 Sat.
155 2139 241 2165 xm.
267 2138 347 2176 133.

28 2176 29 2181 ’
66 2179 68 2181 ’
456 2200 602 2213 ,--.
615 2182 722 2213 Nemo
740 2176 886 2215 dolorem

114 2227 227 2276 Fingit
246 2228 284 2265 in
302 2227 361 2264 hoc
380 2228 457 2277 cusu
469 2255 480 2272 ,
508 2226 630 2274 vestem
648 2227 805 2264 deducere
818 2230 996 2275 summam

116 2282 313 2315 Contentus.

68 2324 122 2364 Ita
146 2327 272 2376 scripti.
307 2340 391 2366 nam
420 2330 458 2366 in
493 2327 644 2376 vulgatis
670 2331 745 2377 pari
772 2329 888 2367 modo
915 2337 1096 2378 peccatur.

69 2376 274 2416 Hsmsxus.
293 2379 446 2428 Egregie
463 2378 646 2416 Heinsius.
667 2382 704 2416 &
724 2382 772 2417 ita
791 2393 853 2417 111.
871 2381 967 2417 Met.
986 2381 1070 2427 480,

32 2430 33 2436 ¹
120 2432 277 2478 Dumque
292 2429 379 2465 dolet
389 2429 532 2478 summa
553 2429 676 2475 vestem
698 2430 841 2466 deduxit
861 2430 905 2466 ab
923 2443 994 2468 ora.

32 2511 34 2522 ἰ
70 2476 145 2514 Ubi
162 2479 257 2526 plura
270 2479 451 2517 Heinsius.
471 2478 519 2515 fic
540 2490 689 2527 quoque
701 2479 814 2525 Julius
828 2480 1040 2529 Obsequens
1052 2480 1098 2518 de

70 2525 241 2577 Prodigiis
262 2531 377 2578 capite
405 2540 513 2565 xxxv.
545 2534 582 2564 In
606 2542 684 2577 agro
703 2529 837 2566 Stellati
851 2529 931 2577 filia
953 2531 1100 2580 Pompeji

68 2589 150 2626 equo
169 2577 330 2627 insidens,
342 2579 495 2626 fulmine
514 2578 581 2614 ieta
600 2579 867 2629 examinataque
881 2594 893 2623 ;
907 2581 1102 2627 vestimento

70 2625 258 2671 deductum
267 2629 461 2677 inguinibus
473 2639 588 2665 exerta
600 2628 718 2677 lingua
730 2639 806 2678 :per
818 2630 990 2676 inferiores
1005 2631 1102 2675 locos,

69 2686 109 2712 ut
123 2677 207 2726 ignis
224 2679 270 2715 ad
291 2693 323 2715 os
343 2679 526 2716 emicuerit.
546 2679 607 2716 ubi
625 2691 926 2727 perperam‚meo
942 2681 1101 2728 judicio,

69 2725 520 2776 Schefferus‚vestimentum
533 2729 714 2765 dedimam
724 2730 975 2778 interpretatur
987 2731 1099 2769 subla-

71 2783 151 2813 tum
173 2777 288 2825 (quod
305 2779 433 2817 reffius
453 2780 645 2816 detractum
664 2777 819 2818 dixiffetl
837 2789 1100 2824 exutum,cum

73 2824 115 2862 fit
140 2825 334 2864 deductum
362 2841 382 2866 a
408 2830 547 2867 summa
577 2841 652 2866 ora.
699 2829 766 2867 Sed
793 2842 841 2867 ne
874 2830 923 2867 fic
951 2831 1102 2879 quidem

72 2874 173 2931 locus
190 2875 289 2913 sanus
309 2877 376 2920 est,
397 2888 437 2915 ut
456 2879 654 2917 Schefferus
675 2880 788 2923 vidit,
817 2881 881 2929 qui
900 2881 1101 2918 vehemen-

74 2931 127 2962 ter
153 2937 190 2962 m
220 2937 270 2980 eo·
287 2926 428 2964 aestuat.
454 2937 543 2976 puto
565 2929 853 2973 rescribendum,
881 2930 1103 2966 exanimata-

76 2987 159 3029 q-ue:
189 2975 447 3030 vestimentoque
475 2978 612 3015 deducto
634 3007 643 3023 ,
680 2980 718 3016 in
752 2980 948 3028 inguinibus
973 2990 1102 3029 reperta

75 3024 190 3072 lingua
204 3053 213 3068 ‚
243 3035 281 3060 ut
303 3038 388 3072 ignis
412 3035 470 3074 per
490 3028 657 3073 inferiores
678 3030 760 3067 locos
779 3029 822 3067 ab
843 3045 896 3067 ore
917 3031 1101 3069 emicuerit.

80 3081 119 3110 ut
148 3073 188 3111 fit
218 3074 356 3118 sensus,
383 3076 535 3112 fulmine
564 3074 700 3116 vietum
731 3079 832 3118 fuisse
860 3093 923 3125 os,
952 3082 1102 3130 ejusque

79 3123 115 3160 vi
139 3123 299 3172 linguam
329 3125 420 3161 intra
447 3137 574 3172 corpus
602 3127 763 3166 adactam
786 3158 796 3173 ,
834 3132 871 3168 δε
900 3143 1009 3175 cum,
1039 3132 1104 3180 qui

79 3171 219 3211 aderant
236 3176 398 3212 tunicam
420 3175 662 3219 deducerent,
690 3188 729 3215 ut
750 3180 914 3218 viderent
935 3181 997 3218 ubi
1015 3181 1106 3222 laesa

81 3219 165 3261 effet
182 3225 285 3273 virgo
298 3252 309 3270 ,
337 3224 642 3274 deprehenderint
659 3226 822 3275 linguam
840 3231 875 3267 in
899 3231 1106 3279 inguinibus

187 3408 206 3429 Δ

409 909 453 962 F
456 928 635 965 eri-eus
659 912 911 983 ingenuas
935 926 1113 981 ungue
1136 921 1322 964 notare
1343 925 1520 980 genaS.

2008 982 2185 1040 Adiit<

1147 1120 1353 1157 fumantem
1368 1147 1378 1164 ,
1398 1120 1447 1157 ita
1464 1125 1506 1157 ut
1523 1118 1638 1168 ignisg
1657 1118 1721 1168 qui
1739 1127 1803 1166 per
1819 1129 1860 1156 os
1879 1119 2094 1165 intraverat,
2122 1133 2186 1170 per

1147 1171 1337 1207 inferiores
1357 1171 1461 1208 locos
1484 1170 1549 1218 (id
1570 1170 1616 1207 est
1636 1169 1805 1218 pudenda
1823 1170 2004 1214 mulieris,
2037 1172 2121 1208 vide
2142 1173 2188 1212 ad.

1148 1220 1293 1258 Petron.
1319 1233 1394 1269 cap.
1423 1221 1581 1267 Lxxrx.)
1620 1220 1821 1257 emicuerit.
1855 1220 2041 1269 sequentia
2073 1223 2188 1261 etiam

1150 1270 1392 1319 Obsequentis
1428 1271 1539 1308 verba
1564 1272 1607 1309 >in
1636 1269 1774 1308 mendo
1810 1270 1942 1308 cubant
1961 1298 1972 1316 ,
2015 1279 2054 1309 ut
2088 1271 2189 1309 retste
2217 1299 2220 1304 -

1149 1320 1350 1359 Schefferus
1368 1322 1635 1359 animadvertit.
1661 1320 1720 1358 sed
1739 1319 1955 1357 restituenda
1972 1322 2049 1358 hoc
2069 1322 2188 1360 modo

1148 1380 1264 1419 puto,
1293 1372 1375 1422 quia
1403 1385 1484 1421 equo
1511 1386 1641 1423 quoque
1671 1381 1875 1408 ornamenta
1903 1370 2045 1419 dispersa
2075 1383 2190 1410 erant,

1147 1422 1235 1460 illud
1254 1436 1383 1473 quoque
1399 1423 1603 1460 adhaeserat
1624 1436 1705 1472 equo
1722 1449 1732 1466 ,
1760 1422 1797 1458 δε
1817 1422 1975 1458 librarius
2001 1433 2064 1469 per
2083 1434 2189 1459 com-

1145 1472 1321 1521 pendium
1360 1473 1538 1522 scripserat
1562 1486 1719 1523 equoque.
1753 1471 1854 1520 quod
1887 1483 1970 1508 cum
1998 1473 2191 1510 inconcine

1144 1534 1236 1560 num
1276 1523 1458 1560 videretur
1480 1551 1490 1567 ‚
1537 1524 1614 1572 equi
1659 1523 1743 1560 inde
1792 1522 2009 1559 effinxerunt
2044 1523 2191 1562 librarii.

1146 1585 1257 1621 porro
1290 1573 1444 1610 diducere
1473 1574 1621 1621 vestem,
1649 1572 1752 1622 quod
1784 1572 1875 1609 olim
1903 1573 1963 1609 hic
1991 1572 2188 1616 Heinsius,

1147 1631 1188 1660 ut
1209 1635 1252 1660 ex
1273 1636 1335 1660 ora
1360 1623 1494 1661 codicis
1524 1623 1632 1660 video
1649 1651 1658 1667 ‚
1688 1622 1927 1671 probaverat,
1947 1623 2059 1671 longe
2089 1623 2189 1661 aliud

1149 1672 1209 1710 est.
1238 1681 1277 1711 ut
1295 1674 1356 1711 lib.
1373 1687 1458 1711 xm.
1484 1675 1640 1712 Metam.
1662 1675 1743 1718 264.

1368 1725 1556 1774 Vestemque
1577 1737 1687 1761 manu
1704 1723 1846 1761 diduxit
1859 1752 1869 1768 ,
1898 1734 1941 1764 (5’
1958 1722 2039 1759 haec
2049 1724 2140 1771 fiam

1202 1776 1341 1811 Pebiora
1362 1775 1426 1812 ait.

1146 1823 1222 1861 Ubi
1252 1825 1346 1862 male
1375 1825 1519 1862 deduxit
1548 1825 1718 1863 Heinsius
1744 1825 1911 1873 praefert.
1945 1823 1971 1860 fi
2000 1825 2100 1861 enim
2127 1823 2194 1862 de-='

1149 1873 1301 1912 duxiffet
1329 1875 1466 1913 vest‘em
1481 1904 1492 1919 ,
1519 1875 1661 1914 nudum
1690 1883 1772 1912 toto
1792 1885 1945 1922 corpore
1963 1874 1996 1911 se
2020 1874 2192 1913 ostendis-

1150 1925 1200 1962 set
1230 1926 1357 1963 Ulixes
1383 1926 1563 1976 judicibus
1584 1942 1594 1970 ;
1632 1925 1691 1962 sed
1723 1924 1863 1961 didueta
1887 1923 1973 1971 veste
1992 1924 2191 1970 interiore,

1152 1976 1334 2013 cicatrices
1352 1977 1389 2013 in
1406 1976 1555 2024 pectore
1575 1976 1786 2014 ostentabat.
1814 1976 1860 2011 est
1882 1986 1968 2023 ergo
1986 1974 2035 2012 ibi
2055 1975 2192 2012 nudare

1150 2025 1299 2072 pectus,
1327 2035 1474 2064 remoto
1503 2027 1563 2064 vel
1593 2035 1717 2075 aperto
1746 2025 1988 2069 vestimenm,
2016 2025 2118 2073 quod
2145 2037 2192 2062 an

1151 2075 1308 2112 diducere
1320 2079 1436 2125 peetus
1451 2089 1602 2127 quoque
1623 2084 1728 2114 notet
1754 2075 1894 2113 dubito.
1920 2075 2047 2113 Senec.
2079 2075 2192 2125 Herc.

1154 2125 1243 2164 Oet.
1276 2127 1382 2174 1669.

1224 2201 1229 2205 -
1502 2183 1621 2214 Mater
1639 2178 1677 2214 in
1698 2177 1830 2214 luft‘um
1843 2178 1967 2224 furens

1203 2227 1358 2264 Diduxit
1378 2227 1527 2265 avidum
1541 2231 1665 2277 peetus.

1149 2277 1226 2315 Ubi
1247 2286 1351 2316 vetus
1379 2278 1497 2316 codex
1516 2277 1709 2317 Mediceus
1727 2278 1854 2323 habet,
1871 2277 2026 2315 deduxit.
2042 2277 2189 2314 Petron.

1153 2339 1229 2376 cap.
1259 2340 1338 2366 cxx.
1368 2329 1482 2378 Coepit
1513 2329 1647 2365 hortari
1675 2329 1845 2377 lugentem
1864 2357 1874 2373 ,
1900 2343 1941 2364 ne
1962 2327 2191 2376 perfieveraret

1153 2378 1191 2414 in
1212 2378 1322 2415 dolore
1331 2379 1562 2427 supervacue,
1581 2391 1624 2419 (7’
1641 2379 1732 2416 nihil
1744 2382 1922 2429 profuturo
1937 2378 2066 2425 gemitu
2080 2379 2194 2424 peffius

1154 2428 1336 2466 diduceret.
1363 2429 1426 2467 ubi
1453 2431 1564 2467 etiam
1591 2430 1767 2466 deduceret
1793 2428 1971 2478 quaedam
2002 2426 2193 2465 editiones.

1152 2479 1212 2516 sed
1234 2480 1331 2516 reete
1350 2480 1522 2516 diduceret
1540 2480 1588 2516 ibi
1609 2488 1699 2527 puto
1718 2480 1788 2526 legi
1804 2492 1811 2514 :
1826 2479 1874 2514 est
1894 2478 1992 2514 enim
2012 2476 2192 2515 nudatum

1154 2529 1278 2576 Ρεθωε
1289 2529 1494 2573 caedere‚&
1505 2529 1694 2572 laniare‚ut
1704 2530 1740 2565 in
1752 2528 1851 2565 luctu
1861 2526 2194 2576 solebant.denique

1158 2588 1330 2627 perpetua
1348 2579 1406 2616 iila
1426 2580 1520 2615 inter
1538 2580 1629 2615 haec
1656 2580 1694 2615 ὃς
1716 2578 1843 2614 similia
1863 2577 1972 2613 verba
1989 2575 2194 2614 differentia

1159 2629 1379 2666 observanda
1392 2657 1403 2673 ‚
1428 2636 1469 2666 ut
1490 2628 1646 2664 diducere
1667 2628 1928 2675 separationem
1948 2628 2124 2670 notet,&
2145 2628 2194 2664 ita

1158 2679 1313 2716 diducere
1341 2679 1464 2725 vestem
1496 2678 1537 2716 fit
1573 2691 1594 2715 a
1623 2689 1776 2726 corpore
1804 2677 1962 2725 separare
1983 2705 1993 2720 ‚
2028 2677 2194 2715 tunicam

1159 2731 1296 2777 aperire
1314 2758 1325 2774 ‚
1368 2730 1426 2767 vel
1463 2728 1568 2772 fibula
1604 2737 1664 2765 aut
1702 2728 1773 2765 alio
1810 2727 1927 2765 modo
1965 2726 2195 2765 constrictam

1155 2779 1286 2818 laxare.
1313 2787 1354 2817 ut
1376 2793 1422 2816 11.
1446 2779 1601 2816 Metam.
1625 2779 1706 2826 560.
1727 2778 1904 2828 Nodosque
1921 2790 2029 2813 manu
2050 2777 2195 2814 diducit.

1158 2839 1198 2867 ut
1218 2830 1266 2867 ibi
1285 2830 1495 2878 legendum.
1518 2828 1669 2875 Quinct.
1693 2841 1738 2865 11.
1766 2841 1819 2865 11.
1843 2829 1902 2864 De
1923 2828 2196 2876 Phrynetcon-

1152 2881 1266 2927 spec-lu
1283 2879 1421 2928 corporis
1435 2907 1445 2923 ,
1473 2878 1563 2927 quod
1585 2878 1725 2914 didubia
1749 2878 1868 2914 tunica
1889 2878 2108 2921 nudaverat,
2132 2887 2196 2925 pu-

1158 2940 1238 2965 tant
1260 2930 1406 2978 periculo
1434 2928 1628 2966 liberatam.
1656 2930 1719 2966 ubi
1748 2929 1893 2964 deducta
1925 2928 2047 2964 Aldus.
2075 2928 2194 2967 male;

1158 2991 1235 3016 non
1263 2981 1363 3017 enirn
1393 2979 1559 3016 credibile
1578 2979 1611 3015 se
1632 2979 1768 3016 nudam
1790 2978 1971 3028 judicibus
1989 2975 2194 3014 exhibuisse.

1158 3029 1329 3066 Deducere
1358 3042 1448 3067 vero
1476 3030 1613 3078 aliquid
1648 3029 1690 3066 lit
1710 3058 1721 3073 ‚
1764 3041 1784 3066 a
1820 3030 1960 3066 summa
1996 3035 2092 3075 parte
2126 3035 2194 3061 tra-

1157 3080 1244 3117 here
1269 3081 1328 3117 vel
1354 3079 1523 3118 scindere.
1560 3088 1599 3116 ut
1626 3093 1671 3117 11.
1697 3080 1785 3117 Fast.
1814 3079 1898 3126 098.
1932 3075 2195 3131 Tergoayssserdc-

1161 3131 1264 3166 dueta
1283 3131 1369 3177 veste
1387 3159 1397 3175 ‚
1430 3140 1550 3166 notata
1568 3130 1691 3166 vident
1710 3158 1720 3173 ,
1748 3129 1784 3167 id
1803 3130 1851 3166 cst
1872 3129 2036 3165 den-aeti.
2065 3128 2100 3160 ¹6<
2122 3132 2168 3160 ita
2185 3152 2196 3167 ,

1162 3180 1321 3216 deductas
1333 3181 1452 3226 fronte
1471 3193 1604 3216 coronas
1619 3180 1810 3228 Epist.xxr.
1828 3180 1905 3224 165.
1926 3177 2026 3222 capio
2048 3186 2115 3228 pro·
2132 3173 2196 3228 de-

1162 3229 1302 3276 tt'affi'taS.
1334 3230 1376 3268 &
1406 3230 1564 3268 deducere
1599 3243 1723 3267 cornua
1761 3229 1853 3265 tauri
1890 3230 1983 3262 recte
2025 3224 2197 3275 explicuit

1161 3277 1165 3280 ’
1667 3279 1698 3313 Y
1717 3290 1739 3324 y
2028 3275 2195 3311 (jn-›JQ-‚h
