2553 3676
667 185 1207 251 AMORUM
1281 206 1453 243 LIB.
1527 193 1563 245 Ι.
1639 205 1690 250 2.

2112 215 2208 264 329

373 286 661 346 Cedimus?
700 300 765 335 an
788 281 1019 335 subitum
1041 277 1289 333 luctando
1313 281 1653 337 accendimus
1680 285 1888 355 ignem?

271 379 335 419 10

443 360 723 414 Cedamus.
758 354 876 406 leve
898 351 986 414 fit,
1023 349 1173 422 quod
1198 350 1334 404 bene
1359 352 1555 416 fertur,
1594 372 1741 411 onuS.

370 431 502 488 Vidi
530 444 631 497 ego
650 423 858 495 jaciatas
882 425 1030 476 mota
1054 422 1169 475 face
1192 421 1428 476 crescere
1453 424 1716 481 flammas:

436 500 509 554 Et
531 498 643 552 vidi
667 496 812 550 nullo
836 494 1182 550 concutiente
1206 494 1360 548 mori.

364 570 604 628 Verbera
629 570 777 640 plura
800 568 978 622 ferunt
994 612 1005 630 ‚
1044 584 1204 639 quam
1227 584 1362 639 quos
1381 566 1526 637 juvat
1549 567 1668 623 usus
1691 572 1876 635 aratri,

433 642 747 696 Detrectant
769 639 926 711 pressi
951 639 1081 693 dum
1102 638 1226 709 juga
1247 639 1416 710 prima
1438 638 1615 695 boveS.

263 733 323 784 15
361 716 531 786 Asper
557 731 724 787 equus
749 712 894 766 duris
918 711 1271 765 contunditur
1298 729 1391 764 ora
1416 711 1618 783 lupatis,

436 786 607 841 Frena
629 786 801 839 minus
826 784 1011 846 sentit,
1047 783 1282 855 quisquis
1306 783 1373 836 ad
1399 802 1542 838 arma
1565 784 1718 839 facit:

362 859 556 915 Acrius
583 859 806 919 invitm,
843 856 1122 928 multoque
1146 854 1379 909 ferocius
1401 870 1623 925 urguet,

437 931 616 1003 Quam
639 930 731 1002 qui
760 928 1033 983 servitium
1057 927 1197 981 ferre
1221 926 1482 989 fatentur,
1520 929 1711 982 Amor.

361 1002 450 1057 En
473 1020 577 1073 ego
601 1002 890 1056 confiteor:
930 1013 1019 1053 tua
1044 998 1158 1052 sum
1184 1015 1320 1052 nova
1343 998 1566 1071 praeda,
1603 999 1837 1073 Cupido.

253 1092 326 1130 20

11 1283 13 1308 l
77 1284 155 1331 {Ubi
176 1285 271 1324 male
290 1285 404 1324 testas.
421 1286 568 1325 Petron.
587 1286 625 1323 in
646 1285 742 1324 bello
762 1284 888 1338 civili-2,

129 1340 187 1373 Ac
204 1336 313 1373 veluti
330 1336 423 1373 tabes
439 1338 555 1374 tacitis
573 1347 722 1387 concepta
744 1333 904 1373 medullis

133 1392 231 1422 Intra
251 1386 402 1424 membra
410 1388 517 1434 furit.

47 1434 65 1452 ⁸
80 1435 165 1473 Stat.
183 1437 303 1474 Theb.
322 1449 381 1474 XI.
406 1439 486 1484 146.
505 1450 551 1475 ex
569 1437 676 1475 MSS.

130 1491 245 1524 Alana
261 1487 381 1524 tacitos
399 1498 580 1526 averterat
601 1488 703 1537 ignes.

78 1535 208 1585 yirgil.
233 1549 288 1575 xv.
307 1538 465 1576 Aeneid.
485 1540 544 1585 67.

16 1589 17 1610 ³
129 1587 289 1625 Tacitum
308 1587 405 1624 vivit
417 1588 483 1636 sub
498 1590 625 1637 pectore
643 1588 787 1626 vulnus.

15 1627 17 1655 l
79 1637 199 1682 Quod
225 1638 368 1675 Servius
398 1638 492 1675 male
521 1639 781 1686 interpretatur.
808 1636 939 1675 Noster
956 1636 1113 1675 Remed.

83 1686 174 1724 Am.
198 1699 242 1725 10
270 1716 278 1724 .

17 1768 19 1782 .
135 1700 267 1773 Intereiz
288 1736 415 1774 tacitae
424 1738 564 1787 serpunt
584 1738 622 1774 in
641 1736 771 1786 viscera
780 1736 962 1786 flammae.

79 1784 178 1823 Vide
203 1796 307 1824 notas
331 1789 464 1824 nostras
492 1788 536 1825 ad
562 1787 670 1836 Epist.
701 1799 758 1825 tv.
775 1800 834 1825 20.
852 1789 1112 1837 Fragmentum

18 1845 19 1857 ¹
79 1835 240 1883 Regium
253 1864 262 1880 ‚
281 1838 387 1885 seffla.
414 1837 574 1874 Forfitan
588 1864 599 1881 ‚
627 1849 694 1884 pro
707 1865 717 1880 ‚
746 1850 842 1873 caeca
857 1849 944 1875 arte.
971 1839 1017 1876 de
1035 1851 1111 1887 quo

78 1885 234 1923 Metam.
270 1898 350 1925 111.
379 1898 472 1924 vers.
504 1887 589 1934 489.
620 1887 790 1924 nonnihil
830 1888 918 1924 dixi.
955 1888 1003 1925 fic
1039 1901 1113 1924 cae-

0 1948 3 1959 ·
75 1946 156 1972 cum
182 1935 312 1973 vulnus
333 1965 344 1982 ,
382 1937 420 1974 ὃ(
447 1935 630 1986 ejusmodi
655 1937 755 1985 plura
774 1964 786 1982 ,
826 1937 963 1987 ubique
991 1937 1112 1976 obvia.

79 1985 292 2024 Heinsius.

130 2047 164 2081 7.
199 2037 251 2073 sic
281 2036 400 2086 erat.]
437 2037 516 2074 Erit
542 2038 801 2087 Fragmentum
829 2038 1001 2086 Regium.
1032 2038 1111 2076 Te-

78 2094 170 2123 rent.
196 2087 290 2124 Eun.
318 2099 371 2124 Π,
400 2100 431 2136 ς.
463 2094 530 2124 Hoc
554 2102 677 2125 verum
705 2088 769 2124 erit
790 2116 800 2132 ‚
830 2086 904 2137 sine
927 2093 1045 2126 Cerere
1068 2099 1112 2129 ω’

22 2137 24 2144 ”
76 2135 290 2183 Baccho,fri
311 2147 341 2173 et
360 2143 476 2174 Venus.
499 2139 653 2175 Metam.
673 2151 717 2175 11.
737 2137 896 2186 703.sub
919 2138 990 2174 illis

130 2186 267 2223 Moutib
312 2187 556 2236 ,inquit‚erunt
568 2205 578 2224 .·
590 2200 633 2228 ω’
649 2198 748 2225 erant
757 2188 824 2235 sub
839 2188 1011 2225 montibus
1029 2188 1111 2227 illis.

80 2234 136 2274 Ita
162 2238 295 2286 quippe
327 2237 552 2275 scribendum
576 2266 587 2283 ,
624 2247 665 2277 ut
692 2238 755 2276 suo
782 2239 868 2276 loco
888 2239 1111 2277 monebitur.

81 2285 288 2324 Hssmsrus.
309 2288 389 2336 Ego
411 2288 499 2325 nihil
517 2296 633 2326 muto.
654 2288 795 2337 elegans
815 2290 915 2326 enim
938 2289 1110 2334 formula,

82 2336 122 2373 δε
139 2337 215 2385 post
234 2337 500 2375 dubitationem
522 2338 659 2376 usitata.
685 2340 750 2375 inf.
770 2352 833 2377 111.
856 2340 942 2376 Am.
962 2351 1032 2378 xu.
1051 2339 1085 2377 8.

89 2422 92 2425 .
130 2387 182 2424 Sic
200 2397 284 2425 erat.
307 2388 437 2435 ingenio
450 2389 598 2436 prostitit
618 2388 682 2425 illa
701 2402 783 2426 meo.

29 2480 30 2485 ¹
80 2434 211 2525 'gignat
232 2439 318 2476 huic
336 2439 515 2476 formulae
540 2440 648 2477 altera
661 2468 672 2485 ‚
699 2439 760 2476 hoc
780 2448 864 2477 erat.
885 2439 1012 2479 Claud.
1033 2439 1109 2479 Bel.

28 2494 30 2507 ³
121 2499 131 2524 i
171 2489 279 2536 .236.

30 2536 31 2576 Ξ
86 2572 90 2575 ⁴
131 2543 200 2575 Hoc
227 2548 311 2576 erat.
346 2539 383 2576 in
394 2540 526 2587 fratres
545 2539 652 2576 medio
670 2539 836 2587 discordia
857 2545 985 2577 Mauro

132 2589 305 2639 Nascitur.

32 2640 33 2650 ¹
80 2636 166 2675 Vid.
186 2639 230 2676 ad
250 2640 395 2677 Petron.
418 2652 494 2690 cap.
519 2652 633 2679 xcm.
656 2639 708 2677 sic
727 2639 768 2688 est
789 2639 1108 2679 Francofurtenfis.

78 2685 336 2727 Burmannus.

130 2748 164 2783 7.
191 2740 351 2790 Tenues.]
381 2741 518 2779 Marius
545 2741 690 2780 videtur
716 2740 806 2778 leves
831 2740 976 2790 legisse,
1005 2741 1108 2792 quod

81 2797 153 2835 ego
171 2789 209 2825 in
229 2791 328 2827 nullo
349 2792 476 2830 codice
496 2793 648 2841 repperi.

136 2849 190 2892 10.
218 2839 397 2878 Cedamus.
424 2841 497 2878 leve
511 2842 588 2891 fia]
610 2842 794 2885 Cedimus,
815 2851 855 2879 ut
876 2842 951 2879 leve
963 2841 1011 2892 fis
1031 2842 1106 2881 duo

78 2886 236 2925 codices.
260 2890 413 2927 totidem
430 2918 440 2934 ,
467 2903 510 2930 ω’
529 2892 602 2928 leve
616 2891 674 2939 fit.
700 2893 816 2929 Puto:

132 2937 295 2973 Cedimus
312 2952 362 2975 en.
385 2940 457 2976 leve
466 2940 535 2987 fit,
561 2943 650 2991 quod
668 2941 747 2979 bene
756 2945 874 2989 fertur
894 2956 987 2982 ontis.

79 2985 235 3024 Remed.
258 2987 389 3024 Amor.
410 2991 490 3036 536.

133 3036 295 3072 cedimus
315 3051 365 3074 en.
392 3039 498 3074 medio
523 3041 592 3082 iam,
612 3042 687 3078 licet
705 3056 807 3080 amne
825 3043 932 3082 bibas.

82 3085 292 3132 Quomodo
314 3089 352 3124 ὃς
371 3087 443 3124 illic
465 3080 591 3127 censeo
612 3092 849 3131 scribendum.
876 3096 914 3132 &
936 3107 996 3131 111.
1018 3094 1108 3132 Am.

84 3145 137 3179 vs.
158 3148 215 3181 77.
235 3136 340 3174 fimili
358 3136 473 3173 modo
493 3148 680 3184 peccatum
700 3151 794 3180 erat:

134 3186 231 3234 Quid
248 3196 383 3224 moror?
410 3200 450 3222 en
471 3186 587 3235 digitis
607 3188 750 3236 defignor
771 3192 931 3232 adultera
950 3195 1061 3235 valui.

84 3233 184 3280 Male
202 3236 376 3287 quidam,
404 3249 446 3278 eff
468 3237 593 3287 digitis.
620 3238 826 3280 Haustus,
1012 3226 1032 3245 ὁ

434 1074 764 1147 Porrigimus
786 1072 945 1129 victas
968 1070 1034 1127 ad
1058 1084 1147 1127 tua
1165 1069 1279 1141 jura
1302 1088 1498 1127 manus,

2110 1145 2203 1203 Nil.

1219 1293 1276 1322 11.
1311 1283 1390 1322 Vidi
1419 1281 1472 1333 ege
1504 1285 1658 1334 jaffatas
1690 1281 1785 1322 meta
1813 1284 1891 1331 sace
1929 1282 2064 1334 crescere
2098 1283 2205 1333 fleme}

1167 1334 1282 1383 mas.]
1312 1335 1447 1372 Melius
1464 1347 1576 1385 quarn
1597 1336 1699 1386 quod
1716 1347 1737 1372 a
1755 1335 1936 1372 Prisciano
1958 1335 2167 1373 adducitur:

1221 1385 1297 1421 Vidi
1318 1398 1369 1433 ego
1386 1386 1542 1433 jaHatas
1560 1396 1655 1422 motu
1666 1384 1898 1436 flammescere
1906 1384 2086 1435 flammas.

1166 1433 1236 1472 Pro
1257 1447 1332 1484 quo
1351 1435 1408 1473 alii
1423 1435 1620 1486 flavescere,
1634 1437 1692 1474 alii
1710 1436 1915 1483 concrescere.
1936 1435 2205 1474 DAN.Hi=.1us.‘

1166 1490 1271 1521 Motu
1290 1484 1472 1535 flavescere
1492 1499 1585 1525 unus
1606 1487 1784 1524 Palatinus
1805 1487 1841 1523 ὅ(
1863 1487 2082 1530 Vaticanus,
2101 1486 2205 1535 quod

1167 1535 1365 1573 Gebhardo
1383 1537 1420 1573 in
1439 1537 1657 1586 Crepundiis
1676 1536 1797 1575 arrisit.
1826 1536 2051 1574 Glaserianus
2069 1563 2079 1580 ,
2106 1546 2205 1573 motu

1167 1588 1376 1634 concrescere.
1404 1586 1584 1624 Fruterius
1613 1587 1672 1625 lib.
1706 1599 1737 1625 1.
1767 1586 1867 1624 veris.
1892 1598 1968 1635 cap.
1991 1598 2024 1623 2.
2050 1598 2094 1623 ex
2113 1586 2205 1624 Pris-

1169 1636 1298 1680 ciano,
1326 1646 1423 1672 motu
1442 1636 1683 1686 flammescere.
1709 1636 1905 1686 quomodo
1932 1638 1974 1674 r&
2003 1648 2094 1673 unus
2113 1637 2202 1673 Mo-

1168 1687 1236 1723 reti
1260 1698 1344 1723 cum
1365 1687 1551 1736 Excerptis
1574 1688 1742 1725 Douzae.
1769 1686 1975 1730 Nonnulli,
2002 1686 2100 1722 mord
2122 1688 2204 1731 face

1159 1735 1306 1784 surgere.
1331 1737 1383 1774 At
1405 1737 1549 1785 vulgata
1574 1738 1742 1786 scriptura
1760 1737 1854 1774 bene
1874 1737 1908 1774 se
1929 1736 2060 1779 habet,
2088 1748 2204 1784 quam

1169 1787 1208 1823 ὃ(
1229 1787 1364 1824 Seneca
1382 1787 1420 1824 in
1442 1787 1709 1825 Controversiis
1731 1787 1891 1836 agnoscit
1905 1815 1914 1830 ‚
1941 1787 2006 1835 qui
2023 1787 2060 1822 in
2071 1786 2205 1823 Penta-

1168 1845 1288 1874 metro
1315 1837 1420 1881 citat,
1448 1849 1492 1877 εν
1519 1837 1635 1885 rursus
1661 1836 1766 1874 nullo.
1792 1848 1862 1873 nec
1889 1837 1989 1873 aliter
2018 1836 2146 1873 citatur
2163 1837 2203 1874 in

1165 1886 1340 1935 Epitome
1362 1887 1704 1925 Controverfiaruin
1721 1887 1764 1924 ab
1785 1885 1932 1924 Andrea
1952 1886 2105 1924 Schotto
2125 1886 2205 1923 edi-

1164 1944 1211 1973 ta.
1239 1938 1450 1976 Hemsrus.
1478 1937 1573 1975 Illud
1590 1937 1727 1986 surgere
1752 1948 1830 1974 non
1850 1937 2041 1985 ineptum
2068 1944 2109 1975 ut
2133 1948 2203 1986 opf

1166 1996 1324 2034 ponatur
1345 1991 1393 2035 τῷ
1413 1988 1510 2025 mori.
1537 1987 1584 2025 fic
1604 1989 1713 2036 Epist.
1730 2000 1809 2024 xxi.
1830 1999 1910 2035 199.

1218 2037 1349 2086 Vixque
1365 2051 1475 2075 manu
1489 2038 1585 2088 pigra
1602 2038 1698 2076 toties
1716 2037 1833 2086 infusa
1851 2038 2031 2086 resurgunt

1265 2088 1429 2126 Lunu'na.

1165 2137 1214 2175 Et
1237 2141 1414 2177 convenit
1441 2147 1553 2176 motae
1565 2139 1641 2186 faci
1655 2168 1666 2185 ,
1693 2138 1731 2177 id
1751 2137 1800 2176 est
1821 2137 1989 2176 accensae
2019 2138 2058 2176 δε
2082 2138 2200 2176 venti-

1164 2188 1268 2226 latae.
1295 2197 1336 2226 ut
1358 2190 1423 2238 Ep.
1444 2202 1498 2226 11.
1521 2202 1602 2226 120.

1216 2244 1369 2289 Suntque
1380 2237 1587 2288 sepulchrali
1607 2239 1742 2277 lumina
1762 2249 1855 2277 mota
1868 2240 1959 2286 sace.

1166 2288 1242 2326 Ubi
1261 2290 1356 2327 vide.
1383 2290 1649 2328 BURMANNUS.

1222 2351 1275 2388 13.
1304 2342 1398 2387 Qos
1415 2341 1527 2389 juvat
1551 2341 1670 2390 usur]
1700 2341 1916 2390 Numquam
1938 2346 2028 2388 puro
2045 2340 2203 2387 juvare;

1163 2388 1200 2426 id
1221 2391 1269 2427 est
1287 2390 1488 2435 delectare,
1501 2391 1605 2428 usum
1627 2393 1677 2429 rei
1694 2392 1810 2440 gravis
1831 2393 1867 2427 &
1888 2389 2068 2426 molestae.
2088 2390 2199 2433 forte,

1163 2438 1273 2477 levat.
1299 2440 1364 2477 nifi
1382 2442 1493 2490 juvat
1516 2443 1632 2490 capias
1651 2453 1717 2490 pro
1735 2442 1853 2484 levat,
1880 2440 1917 2477 id
1936 2439 2006 2483 est,
2034 2439 2120 2476 facit
2145 2438 2200 2476 le-

1166 2491 1244 2528 vius
1265 2498 1432 2529 aratrum.
1460 2491 1720 2529 BuRMANNus.

1220 2553 1273 2587 14.
1298 2547 1398 2578 Dum
1408 2542 1494 2590 juga
1511 2541 1659 2590 primm]
1690 2546 1788 2576 Dum
1797 2540 1864 2586 sua
1885 2537 1968 2573 colla
1989 2538 2112 2575 tertius
2132 2537 2200 2575 Pa·

1162 2589 1260 2627 latin.
1295 2596 1392 2628 Dum
1415 2604 1499 2640 ‘ruga
1530 2602 1639 2627 curva
1667 2598 1736 2626 tres
1765 2590 1823 2625 alii
1849 2588 1939 2625 libri.
1976 2587 2055 2634 Feffi
2085 2588 2196 2626 etiam

1162 2640 1341 2678 Palatinus
1359 2653 1451 2679 unus
1474 2653 1558 2678 cum
1578 2640 1718 2678 duobus
1740 2639 1826 2675 aliis.

1217 2704 1271 2734 17.
1299 2692 1428 2728 Acrius
1448 2691 1578 2728 invitos
1593 2690 1768 2739 multoque
1783 2687 1931 2735 ferocius
1950 2686 2099 2737 urguet]
2120 2687 2200 2725 Urit

1163 2742 1299 2780 malim.
1328 2751 1368 2779 ut
1385 2742 1494 2790 Epist.
1517 2754 1571 2779 Ιχ.
1596 2754 1649 2788 15.

1325 2794 1381 2829 Vel
1395 2792 1429 2841 Ji
1446 2792 1561 2828 minus
1583 2792 1706 2828 acriter
1724 2803 1820 2827 urar.

1163 2843 1247 2880 Lib.
1268 2855 1323 2880 11.
1345 2844 1475 2879 Amor.
1496 2842 1595 2889 Eleg.
1615 2841 1678 2878 ult.

1215 2893 1318 2942 Qod
1334 2892 1435 2935 licet,
1461 2892 1637 2940 ingratum
1658 2890 1699 2939 eft
1718 2907 1730 2927 .·
1759 2889 1849 2942 quod
1866 2902 1932 2926 non
1955 2888 2054 2933 licet,
2082 2888 2196 2925 acrius

1340 2944 1424 2980 urit.

1164 2993 1224 3031 Sic
1240 2993 1300 3032 lib.
1322 3005 1402 3032 111.
1424 2993 1526 3042 Eleg.
1551 3005 1580 3030 1.
1597 3004 1657 3029 20.

1577 3043 1642 3079 Hic
1660 3041 1717 3079 ille
1739 3041 1805 3089 est,

1217 3095 1331 3142 §Quem
1343 3095 1441 3141 ferus
1459 3094 1532 3130 urit
1555 3106 1663 3130 amor.

1164 3145 1277 3183 Multi
1298 3144 1441 3181 codices
1460 3154 1553 3192 urget
1569 3143 1716 3180 habent.
1736 3142 1813 3179 Art.
1838 3151 1917 3178 111.
1943 3150 2022 3186 541.

1331 3201 1399 3229 Nec
1417 3208 1513 3230 amor
1532 3208 1589 3229 7205
1607 3193 1678 3229 urit
1699 3191 1857 3227 habendi.

1166 3244 1244 3282 Ubi
1262 3243 1384 3285 similis
1405 3243 1597 3283 diversitas.
1625 3245 1662 3280 &
1684 3241 1821 3326 ἰξῖξεῗὶε-
1840 3240 1920 3276 Fac·
1942 3248 1997 3284 35·

2148 3284 2202 3331 Sic.
