2553 3676
623 184 1162 252 AMORUM
1233 183 1408 246 Lin.

1481 189 1586 248 ΙΙΙ.
1663 213 1706 251 1.
2092 204 2192 269 467

351 284 486 341 'Sum
507 285 662 343 levis;
705 281 761 333 δε
783 296 998 333 mecum
1019 278 1147 332 levis
1170 280 1272 343 est,
1308 283 1426 336 mea
1449 301 1602 348 cura,
1639 284 1872 356 Cupido.

424 358 550 410 Non
571 355 684 408 sum
707 351 928 404 materia
950 350 1143 405 fortior
1168 351 1274 422 ipsa
1298 357 1433 407 mea.

353 425 567 483 Rustica
588 425 647 477 fit
671 423 778 476 fine
801 439 888 476 me
913 423 1088 478 lascivi
1112 436 1282 478 mater
1306 426 1552 489 Amoris3

424 497 574 551 Huic
600 513 702 566 ego
727 498 953 566 proveni
981 497 1128 560 lena,
1166 514 1456 570 comesque
1480 499 1646 554 Deae.

247 585 314 638 45
353 569 529 641 Quam
556 581 616 620 tu
639 586 749 621 non
773 569 972 639 poteris
997 569 1137 622 duro
1161 570 1390 625 reserare
1414 570 1711 634 cothurn0‚

422 639 579 694 Haec
604 640 679 693 est
701 640 964 696 blanditiis
984 641 1137 712 janua
1162 643 1276 697 laxa
1299 643 1445 697 meis,

345 711 419 767 Et
445 724 622 767 tamen
645 714 847 767 emerui
872 716 1014 786 plu8‚
1051 733 1210 787 quam
1234 728 1320 779 m,
1358 715 1534 788 posse,
1570 712 1798 771 ferendo

426 785 629 847 Multa,
665 786 944 858 supercilio
967 804 1077 840 non
1101 789 1347 858 patienda
1373 802 1484 842 tuo.

349 855 453 910 Per
476 876 563 910 me
588 858 819 928 decepto
845 859 1034 913 didicit
1061 859 1281 913 custode
1304 859 1543 914 Corinna

222 912 310 995 ,50

420 929 645 993 Liminis
672 930 900 985 adstricii
926 932 1205 985 sollicitare
1231 931 1426 993 fidem;

348 1000 649 1074 Delabique
675 1015 797 1056 toro
822 1003 1003 1057 tunica
1029 1004 1197 1058 velata
1220 1003 1482 1065 recinOElQ

419 1075 603 1147 Atque
628 1074 971 1148 impercussos
993 1075 1150 1131 nocie
1177 1094 1395 1132 movere
1417 1075 1598 1150 pedeS.

49 1298 163 1348 fitque
183 1296 366 1345 Tragoedia
385 1296 489 1346 nostro
509 1298 655 1336 Crevit.-
680 1298 730 1337 ibi
750 1309 961 1349 pronomen
988 1298 1094 1346 nostro

54 1358 137 1386 non
167 1350 211 1386 de
240 1349 411 1397 Elegiaco
438 1351 586 1399 (neque
621 1351 721 1387 enim
754 1351 922 1398 Elegiaca
950 1350 1094 1388 tantum

51 1397 188 1446 :scripsit
209 1400 343 1443 Poeta,
372 1399 429 1436 sed
447 1400 486 1437 ὃ(
507 1402 654 1438 heroica
669 1429 678 1442 ,
707 1409 747 1438 ut
765 1403 804 1438 in
825 1401 1012 1447 Metam.)
1035 1401 1095 1438 sed

54 1446 249 1536 peoffeffi-ve
268 1450 519 1499 accipiendum
546 1452 613 1495 est„
633 1451 678 1488 de
700 1463 746 1488 eo
767 1452 871 1489 versu
889 1463 1001 1501 quem
1022 1451 1094 1499 ipse

97 1500 168 1543 cit,
196 1499 269 1537 sive
298 1502 426 1545 liujus,
454 1500 527 1538 five
554 1502 644 1539 illius
668 1503 773 1539 metri
797 1503 917 1540 fuerit.
943 1501 1094 1550 perinde

53 1559 99 1586 ac
126 1549 151 1586 fi
178 1551 297 1587 dicas:
336 1552 424 1588 Hoc
455 1564 538 1589 mea
563 1564 675 1600 opera
703 1551 876 1589 effectum
905 1552 977 1595 est,
1006 1551 1094 1589 illud

55 1611 145 1637 meo
165 1601 285 1637 Marte
307 1602 450 1649 peregi,
464 1603 536 1640 &c.
564 1602 635 1639 Sed
652 1602 697 1640 de
716 1603 783 1639 hac
805 1614 844 1639 re
861 1603 972 1639 etiam
990 1600 1094 1650 supra

55 1652 309 1688 meminimus.
336 1652 558 1689 Micviius.

107 1712 166 1746 40.
202 1700 371 1751 Obruit.]
410 1702 539 1739 obruet
568 1702 674 1740 multi
700 1714 745 1740 ex
775 1702 920 1751 scriptis.
959 1702 1096 1739 obruat

53 1748 144 1788 duo.
175 1751 384 1788 Hemsms.

106 1813 165 1847 40.
197 1801 334 1850 Vasta.]
364 1802 539 1851 Apertior
568 1803 636 1839 erit
661 1803 776 1840 sensus
794 1831 804 1847 ‚
834 1803 859 1840 fi
887 1803 953 1851 (ut
981 1804 1029 1840 est
1055 1805 1093 1841 in

55 1851 331 1901 manuscriptis)
351 1853 512 1901 legatur,
536 1853 656 1899 Vestra.
684 1863 745 1890 aut
764 1853 790 1890 fi
807 1854 956 1902 legeris,
980 1854 1093 1900 Vasta„

54 1900 100 1939 sit
114 1901 251 1939 sensus:
281 1902 613 1951 Quemadmodum
639 1904 808 1951 parvulae
831 1906 927 1940 fores
955 1905 1093 1952 ingenti

55 1951 188 2000 palatio
208 1952 430 2001 suppositae,
450 1952 548 2002 quasi
569 1953 772 1990 obruuntur
789 1953 832 1989 ab
851 1954 958 2001 ipsius
975 1955 1093 2003 regiae

56 2003 307 2050 magnitudine
328 2017 336 2040 ε
373 2005 420 2040 ita
439 2003 464 2040 fi
480 2004 621 2052 tragicis
643 2003 859 2041 carminibus
877 2007 1092 2042 amatoriani

57 2053 248 2090 materiam
269 2054 554 2102 compleeterer‚
583 2055 750 2091 carminis
772 2055 1024 2102 magnitudine
1044 2056 1096 2092 le-

57 2103 114 2140 vis
140 2103 287 2140 materia
317 2104 538 2141 obrueretur.
567 2112 605 2141 ut
632 2105 705 2141 hoc
732 2103 888 2148 dixerit,
918 2106 1093 2153 objiciens

56 2150 313 2201 Tragoediae,
340 2154 442 2203 quod
465 2155 581 2203 Elegis
605 2155 821 2192 carminibus
848 2155 906 2191 usa
936 2155 986 2192 sit.
1005 2168 1037 2204 q.
1058 2156 1094 2193 d.

54 2213 217 2242 errorem
244 2211 349 2242 tuum
378 2217 447 2252 ego
475 2217 551 2241 non
573 2204 775 2242 admittam.
799 2205 976 2242 MARius.
1006 2206 1094 2243 Edi-

57 2253 175 2292 tiones
203 2257 313 2292 etiam
342 2255 520 2304 quaedam
548 2255 680 2303 priscae
700 2284 710 2300 ‚
749 2265 786 2292 ut
815 2258 852 2292 δε
882 2257 1024 2305 Grypli.
1054 2258 1092 2294 ὃς

59 2302 274 2342 Bersinanni.
302 2306 339 2342 δε
369 2306 565 2342 Vaticanus
583 2305 722 2349 codex,
753 2306 854 2353 Regia
879 2307 988 2354 vasta.
1018 2306 1091 2343 ele-

54 2359 211 2403 gauter:
249 2363 289 2393 ut
324 2365 532 2404 opponatur
552 2384 563 2401 ,
599 2357 736 2405 exiguis
766 2358 915 2395 foribus.
950 2356 998 2394 fic
1025 2370 1090 2397 111.

59 2406 165 2443 Pont.
184 2418 232 2442 iv.
253 2419 285 2454 ς.

110 2455 166 2501 Est
182 2465 256 2504 opus
274 2457 432 2505 exiguum
448 2485 458 2502 ‚
486 2457 655 2506 vastisque
669 2458 850 2506 paratibus
869 2457 992 2506 impar.

59 2505 134 2544 Ubi
164 2507 272 2544 etiam
303 2508 449 2545 codices
478 2509 670 2550 nonnulli,
698 2508 892 2556 vestrisque.
922 2510 959 2545 &
981 2509 1092 2557 Epist.

61 2568 172 2594 xvni.
193 2560 250 2594 61.
269 2570 334 2606 pro
351 2559 391 2594 in
412 2558 538 2604 nostras
556 2556 694 2605 officiosa
712 2560 810 2602 vias,
826 2566 901 2595 erat
921 2558 958 2593 in
976 2560 1092 2606 vastas

61 2607 99 2644 in
127 2607 339 2645 Ballioleufi.
369 2610 407 2646 ὃ(
428 2610 530 2657 saepe
552 2609 608 2646 illa
638 2609 743 2655 noster
760 2637 770 2653 ‚
799 2609 904 2655 vester
928 2608 1090 2647 librarios

60 2656 272 2707 supposuisse
293 2659 368 2696 aliis
389 2661 555 2708 epithetis
577 2659 810 2708 deprehendi,
830 2659 964 2696 multus
985 2660 1033 2698 est
1051 2661 1089 2698 in

60 2707 114 2746 his
134 2708 421 2757 oppositionibus
443 2710 552 2747 Naso.
580 2711 672 2748 infra
695 2710 795 2757 Eleg.
820 2721 872 2746 iv.
892 2710 951 2756 46.

112 2759 237 2795 Gratia
248 2758 297 2807 fic
315 2761 458 2797 minimo
474 2774 602 2810 magna
623 2759 736 2796 labore
751 2761 859 2797 venit.

58 2806 199 2847 Tibull.
222 2822 251 2846 1.
273 2823 299 2846 1.
322 2812 377 2847 26.

116 2865 220 2894 Nunc
238 2864 340 2906 Agna
356 2861 465 2910 exigui
481 2862 522 2909 est
539 2861 644 2908 hostia
662 2874 788 2909 magna
798 2861 876 2910 fili.

63 2908 139 2946 Ubi
166 2909 249 2946 vide
279 2909 405 2947 florem
422 2912 616 2950 Poetarum
640 2913 781 2949 nostrae
798 2912 932 2960 patriae
949 2911 1091 2951 Brouk-

54 2959 219 2996 'hUsfflm-
249 2960 286 2995 &
314 2960 404 3006 supr.
430 2963 474 2999 ad
502 2964 609 3010 Epist.
631 2974 720 3001 vui.
746 2975 803 3010 72.
829 2962 889 3000 sed
908 2971 1092 3011 praeterea

62 3009 217 3058 suspicor
234 3008 398 3057 scripfiffe
417 3013 624 3051 Nasonem:

117 3059 242 3096 Obruit
258 3060 398 3107 exiguas
414 3062 502 3109 regia
523 3063 636 3100 valva
646 3066 748 3110 fhres.

66 3108 206 3148 Valvae
228 3121 327 3146 enim
347 3111 563 3157 palatiorum
582 3114 620 3149 &
634 3116 855 3163 templorum
872 3143 882 3161 ,
909 3128 1003 3167 quae
1025 3116 1093 3155 ob-

57 3159 205 3198 scurant
235 3168 323 3197 artas
352 3163 389 3197 ὃς
420 3162 564 3210 exiguas
583 3162 777 3201 humilium
807 3167 953 3204 aedium
972 3169 1091 3211 fores;

66 3209 141 3248 hoc
169 3211 267 3247 enim
295 3210 407 3247 obruit
431 3221 546 3249 notat.
573 3220 612 3250 ut
639 3213 683 3250 ad
702 3215 820 3252 Valer.
840 3216 936 3254 Flac.
963 3228 992 3254 r.
1012 3229 1096 3267 319.

71 3260 311 3300 ostendemus.
336 3262 374 3299 &
400 3263 450 3300 ita
475 3261 638 3311 scripsisse
661 3263 848 3302 Nasonem
869 3266 1006 3305 indicio
1027 3266 1097 3307 effe

2082 1147 2187 1206 Vei

1147 1298 1264 1348 potest
1290 1298 1427 1341 diversa
1454 1298 1613 1338 duorum
1642 1296 1814 1341 codicum
1843 1297 1981 1342 1effio,
2002 1296 2040 1335 in
2060 1296 2190 1347 quibus

1150 1350 1196 1386 est
1215 1378 1224 1394 ,
1244 1350 1359 1398 janua
1387 1350 1498 1397 vestra
1519 1378 1531 1394 ,
1558 1361 1623 1397 pro
1657 1361 1733 1398 quo
1753 1377 1762 1393 ‚
1794 1349 1908 1398 janua
1943 1348 2067 1395 vasta,
2095 1349 2190 1386 forte

1149 1400 1318 1449 scriptum
1340 1401 1466 1444 ‚fuerat
1497 1412 1517 1438 a
1543 1399 1735 1449 glossatore
1757 1428 1766 1443 ‚
1794 1401 1856 1449 qui
1887 1400 2014 1448 regiam
2037 1398 2190 1434 valvam

1152 1452 1358 1499 exponebat
1389 1454 1451 1500 per
1473 1452 1625 1500 januam
1654 1451 1800 1497 vastam.
1829 1451 1981 1487 unicum
2007 1450 2110 1497 quod
2130 1461 2190 1486 me

1152 1502 1312 1546 cohibet,
1323 1514 1370 1539 ne
1389 1515 1453 1552 pro
1474 1510 1568 1540 certa
1593 1502 1842 1551 conjecturam
1866 1502 1959 1536 lianc
1978 1500 2189 1543 obtrudam,

1150 1552 1197 1589 est
1216 1580 1227 1596 ‚
1267 1553 1369 1601 quod
1395 1553 1548 1589 valvam
1577 1552 1740 1600 singulari
1770 1562 1926 1589 numero
1957 1550 2090 1587 dietam
2119 1548 2190 1587 effe

1147 1602 1315 1640 nondum
1343 1604 1550 1651 repererim.
1572 1603 1629 1639 sed
1653 1603 1821 1640 usitatum
1841 1610 1966 1639 tamen
1991 1611 2191 1637 numerum

1147 1652 1362 1700 singularem
1392 1651 1493 1690 fuiffe
1524 1654 1707 1702 conjicere
1734 1654 1859 1691 liceret
1890 1664 1934 1688 ex
1959 1651 2122 1698 Propert.
2147 1663 2190 1701 ¹!-

1149 1715 1262 1760 xxm.
1298 1715 1352 1753 13.
1380 1704 1443 1741 ubi
1469 1716 1553 1741 cum
1581 1704 1628 1741 de
1655 1703 1789 1742 duabus
1807 1703 1920 1740 valvis
1939 1699 2083 1751 egisset,
2110 1699 2192 1746 sub-3

1166 1762 1252 1790 leit:

1144 1765 1159 1803 J
1199 1803 1326 1841 Altera
1343 1803 1480 1853 dejec‘fos
1505 1802 1651 1852 Parnasi
1665 1804 1793 1841 vertice
1811 1802 1928 1839 Gallos
1941 1830 1952 1846 ,

1252 1855 1379 1891 Altera
1399 1854 1567 1891 moerebat
1581 1856 1711 1901 funera
1735 1853 1948 1890 Tantalidos.

1150 1904 1197 1941 Et
1217 1907 1309 1951 fores
1337 1906 1446 1943 etiam
1467 1905 1592 1954 plurali
1615 1913 1757 1943 tantum
1784 1915 1943 1941 numero
1966 1901 2038 1939 dici
2059 1903 2190 1940 Grama

1150 1957 1275 1993 marici
1304 1965 1443 1994 veteres
1476 1956 1668 1993 observant
1693 1984 1702 1999 ,
1739 1966 1825 1993 cum
1849 1954 1887 1991 in
1920 1952 2083 2002 singulari
2111 1966 2189 1992 non

1152 2007 1299 2043 Comici
1328 2007 1445 2044 modo
1459 2034 1469 2051 ,
1497 2006 1557 2044 sed
1578 2007 1615 2042 δε
1636 2005 1735 2043 Naso
1756 2005 1860 2053 saepe
1879 2002 2112 2051 usurpaverit.
2140 2004 2189 2040 ita

1151 2060 1309 2092 Carceres
1321 2085 1330 2100 ,
1342 2057 1499 2093 Cervices
1518 2057 1555 2093 &
1566 2055 1694 2093 similia
1704 2056 1775 2093 dici
1786 2063 1929 2093 tantum
1944 2054 2095 2097 volunt,
2107 2054 2189 2102 qui-

1150 2106 1214 2143 bus
1235 2107 1358 2155 paffiin
1374 2109 1510 2145 Poetae
1523 2108 1633 2144 etiam
1658 2107 1692 2144 in
1706 2105 1871 2155 singulari
1882 2113 2044 2143 utuntur.
2058 2105 2189 2141 BURM.

1200 2168 1260 2205 43.
1289 2158 1421 2204 Rustica
1444 2157 1529 2207 fin]
1560 2157 1712 2205 Legitur
1741 2159 1877 2199 etiam,
1896 2153 1969 2204 fit,
1997 2167 2061 2202 pro
2091 2153 2188 2191 esset.

1148 2205 1327 2244 MAimJS.
1356 2208 1520 2256 Quidam
1536 2236 1546 2252 ,
1575 2207 1708 2254 Rustica
1719 2206 1766 2254 fit
1779 2205 1854 2256 fine
1872 2219 1945 2242 me:
1975 2206 2071 2242 sensu
2092 2204 2189 2251 opti-

1149 2267 1226 2294 mo.
1255 2259 1358 2295 DAN.
1386 2259 1598 2295 Heinsius.
1634 2259 1690 2294 Fit
1720 2258 1826 2295 multi
1856 2268 1899 2294 ex
1934 2255 2067 2303 scriptis
2098 2265 2185 2291 cum

1150 2309 1266 2355 prima
1286 2308 1460 2347 editione.
1488 2310 1591 2346 bene.
1618 2308 1831 2345 Hssmsms.

1197 2370 1257 2406 45,
1278 2366 1356 2395 Non
1372 2358 1522 2410 poteris.]
1541 2359 1659 2396 Vetus
1676 2359 1788 2396 lectio
1808 2357 1869 2401 est,
1877 2366 2006 2406 poteras
2019 2370 2029 2390 .·
2044 2362 2186 2392 utrum-

1146 2421 1219 2458 que
1250 2410 1377 2457 placet.
1409 2411 1589 2448 Mimos.
1624 2416 1705 2446 Non
1729 2418 1862 2458 poteras
1892 2410 2117 2460 Puteaneus‚
2144 2406 2185 2442 ὃς

1145 2461 1255 2504 alius,
1270 2462 1307 2498 ὃς
1328 2460 1417 2499 editi
1434 2460 1583 2510 quidam
1596 2488 1605 2504 ,
1620 2459 1722 2509 quod
1743 2458 1896 2507 probant
1919 2456 2121 2504 Naugerius
2145 2456 2186 2493 &

1145 2509 1396 2548 Bersmannus.

1200 2574 1256 2608 50.
1283 2560 1432 2597 Liminis
1459 2559 1604 2607 obstrieli
1626 2558 1813 2607 fhllicitare
1829 2555 1986 2606 forem]
2015 2555 2187 2603 Adstriffi

1147 2611 1333 2648 meliores.
1366 2609 1512 2647 Deinde
1542 2612 1580 2647 &
1603 2609 1711 2657 fidem
1728 2637 1737 2653 ,
1765 2610 1992 2651 Puteaneus,
2021 2607 2186 2654 optimus

1143 2661 1327 2699 Palatinus
1353 2662 1390 2698 &
1418 2660 1478 2698 sex
1499 2661 1570 2697 alii.
1599 2659 1791 2697 vetissime.
1819 2656 1983 2708 refignare
1999 2656 2108 2704 fidem
2129 2667 2189 2693 ta-

1143 2710 1306 2748 bularum
1336 2712 1470 2749 Cicero
1496 2711 1608 2748 Arch.
1636 2711 1673 2747 &
1701 2720 1838 2746 mutare
1859 2707 2061 2744 tabularum
2076 2708 2185 2754 fidem

1146 2761 1334 2800 Firmicus.
1353 2762 1443 2799 vidit
1465 2763 1503 2799 &
1521 2761 1733 2799 Gronovius
1754 2759 1942 2797 Observat.
1959 2758 2019 2796 lib.
2042 2770 2086 2795 11.
2106 2770 2184 2806 cap.

1146 2824 1198 2849 xi.
1218 2812 1397 2861 Appofite
1418 2812 1624 2861 Propertius
1644 2812 1689 2848 de
1711 2811 1894 2859 Tarpeja:

1197 2863 1399 2899 Prodiderat
1414 2871 1595 2913 portaeque
1608 2861 1717 2910 fidem
1731 2891 1741 2907 ‚
1762 2861 1986 2912 patriamque
2000 2860 2182 2908 jacentem.

1147 2913 1332 2951 Remedio
1352 2913 1503 2951 Amoris
1524 2925 1606 2962 233.

1153 2979 1156 2983 ⁴
1200 2964 1262 3000 Sed
1281 2974 1399 3001 tamen
1418 2964 1461 3012 est
1478 2964 1567 3000 artis
1577 2962 1784 3010 strifft'iffi'ma
1799 2963 1912 3011 janua
1930 2961 2068 3009 nostrae.

1147 3014 1201 3053 Ita
1226 3015 1452 3053 scribendum
1478 3027 1522 3053 ex
1542 3015 1647 3053 libris.
1676 3015 1722 3052 fic
1742 3024 1867 3052 contra
1883 3014 1995 3061 jani-tiz
2015 3012 2107 3066 laxit.
2135 3007 2182 3046 de

1148 3078 1225 3116 quo
1244 3065 1303 3103 lib.
1331 3079 1358 3103 i.
1376 3066 1464 3104 Fast.
1482 3067 1654 3104 dicemus.
1676 3065 1728 3108 ssis.
1756 3067 1836 3112 456.
1865 3065 1943 3100 Art.
1964 3063 2048 3098 Am.
2068 3061 2124 3095 hb.
2150 3071 2183 3113 ι..

1142 3119 1277 3166 ρεέῖονιι
1302 3116 1412 3154 dolore
1442 3117 1602 3164 adstric‘ia
1629 3117 1747 3153 habes.
1775 3117 1979 3153 HEiNSius.
2016 3109 2184 3155 obstrue&

1150 3167 1329 3205 editiones
1349 3169 1489 3217 Grypli.
1510 3170 1548 3205 &
1567 3167 1699 3204 Bersm.
1720 3166 1827 3214 fidem
1845 3165 1950 3217 etiam
1979 3160 2151 3217 Francos.⁴

1204 3230 1261 3265 51.
1290 3217 1480 3268 Delabique
1497 3228 1566 3254 toro
1584 3217 1702 3253 tunica
1721 3217 1838 3252 velata
1858 3209 2041 3258 mmmm]
2067 3210 2123 3246 Sic
2143 3220 2183 3246 m

1491 3269 1534 3307 ln
1559 3268 1672 3304 altero
1695 3293 1705 3308 ,
1733 3266 1860 3312 βίαια,
1894 3273 1972 3300 non
2003 3271 2180 3308 inagnum

1604 3315 1641 3363 N
1660 3326 1684 3351 n
1703 3325 1727 3350 n
1760 3325 1782 3360 2.
2064 3309 2187 3359 discum,

1152 3279 1229 3305 uno
1258 3267 1446 3307 Maffeian.
