2553 3676
608 185 1250 247 HEROIDES
1322 206 1419 245 ΕΡ.

1493 210 1562 249 IV.

361 289 503 348 Arfit
527 287 583 343 δε
608 264 851 338 Oenides
874 283 928 336 in
951 280 1220 336 Maenalia
1245 283 1508 340 Atalanta.

221 385 320 421 100

428 363 514 416 Illa
535 356 678 414 ferae
699 356 949 435 spolium,
985 355 1175 426 pignus
1198 356 1419 421 amori3‚
1455 358 1630 413 habet.

358 437 469 492 Nos
489 446 707 504 quoque
725 428 832 499 jam
857 444 1090 498 primum
1115 426 1267 481 turba
1291 446 1634 487 numeremur
1658 432 1713 487 in
1734 431 1839 488 ista.

430 504 484 559 Si
514 502 783 559 Venerem
808 500 985 562 tolla5‚
1024 498 1215 554 rustica
1240 499 1360 554 silva
1385 515 1475 555 tua
1499 503 1586 557 est.

357 577 466 652 Ipsa
489 591 670 629 comes
696 572 928 627 veniam:
969 589 1069 625 nec
1095 588 1183 625 me
1205 572 1457 629 salebrosa
1478 576 1772 632 movebunt

431 649 590 710 Saxa,
627 663 726 699 nee
752 643 971 717 obliquo
998 643 1162 698 dente
1185 647 1454 701 timendus
1477 665 1617 719 aper.

218 744 312 794 105
352 724 607 794 Aequora
627 718 747 771 bina
770 717 870 770 suis
897 730 1204 787 oppugnant
1228 717 1474 774 fluetibus
1500 719 1760 785 Isthmon,

426 794 500 849 Et
523 791 695 845 tenuis
720 790 870 842 tellus
892 789 1039 841 audit
1066 803 1356 863 utrumque
1382 810 1542 847 mare.

354 867 468 923 Hic
493 878 674 919 tecum
695 862 981 915 Troezena
1008 862 1209 925 colam,
1244 863 1480 919 Pittheia
1502 882 1696 937 regna3

423 939 541 1009 Jam
567 952 708 989 nune
735 933 807 1007 est
835 933 1001 1005 patria
1030 935 1229 1004 gratior
1255 936 1338 990 illa
1364 955 1495 991 mea.

353 1011 634 1081 Tempore
660 1005 833 1067 abest,
871 1005 1144 1078 aberitque
1179 1007 1273 1061 diu
1296 1009 1598 1082 Neptunius
1621 1011 1814 1073 heros;

212 1104 308 1141 110

65 1289 228 1329 maelatis
246 1288 348 1338 saepe
366 1292 572 1326 occurrunt.
590 1291 630 1323 ut
652 1282 696 1323 ad
715 1282 837 1322 Valer.
858 1281 955 1321 Flac.
970 1294 1001 1320 1.
1018 1293 1101 1330 191.

66 1341 283 1380 notabimus.
311 1338 523 1377 Prudentius
542 1345 664 1373 tamen
691 1335 884 1383 Psychom.
905 1346 987 1382 539.
1009 1333 1102 1370 dixit

67 1391 212 1428 concidit
230 1389 360 1427 Achas.
388 1388 547 1425 similiter
571 1385 737 1421 concidere
761 1386 798 1423 ὃ(
819 1384 992 1427 decidere,
1019 1395 1102 1432 per-

66 1450 209 1479 mutant
226 1441 304 1478 libri
322 1439 439 1488 scripti
465 1449 520 1474 11.
541 1436 650 1473 Trist.
671 1447 752 1484 317.
780 1435 1041 1473 Rumpimus.

115 1492 174 1539 96.
202 1489 373 1541 Sapiens.]
400 1491 508 1536 Quae
535 1486 665 1524 sciebat
692 1485 825 1523 scilicet
848 1497 934 1522 cum
959 1486 1100 1534 juvene

64 1544 244 1592 majorem
265 1542 493 1589 voluptatem
515 1538 615 1586 capi,
643 1547 754 1586 quam
778 1548 864 1574 cum
885 1536 980 1574 sene.
1002 1536 1102 1573 Pria-

65 1594 136 1642 pej.
165 1605 232 1630 car.
258 1604 330 1627 vn.

171 1642 348 1678 Nimirum
360 1638 501 1686 fizpiunt
521 1646 711 1674 matronae.

70 1691 180 1740 Epist.
200 1703 298 1728 xvxi.
323 1701 404 1737 275.

170 1761 231 1768 -
259 1749 374 1776 utetur
386 1735 420 1786 si
436 1750 505 1785 qua
518 1735 633 1785 puella
642 1735 746 1784 sapit.

67 1790 138 1828 Pro
158 1803 179 1825 a
189 1791 269 1837 sene
279 1816 288 1831 ‚
301 1789 340 1824 de
361 1788 493 1824 habent
506 1786 672 1823 Francos.
687 1785 929 1823 Scriverianus
942 1786 980 1823 ὅ(
992 1786 1101 1834 quin-

67 1852 139 1889 que
161 1840 232 1876 3111.
259 1838 330 1881 fic,
357 1837 397 1872 de
426 1836 592 1884 conspeetu
613 1836 755 1882 fugere,
784 1835 965 1873 Phaedrus
984 1836 1043 1873 lib.
1070 1847 1101 1873 1.

66 1890 151 1929 Fab.
176 1902 230 1936 17.
249 1888 310 1926 ubi
334 1886 416 1924 vide
439 1885 607 1922 Scheffer.
638 1885 898 1922 Buttmann-us.

120 1940 180 1990 98.
208 1937 372 1985 Sustinuit
390 1934 516 1985 positos·
532 1933 701 1984 quaelibet
730 1933 834 1971 herba
860 1935 988 1984 duan]
1019 1937 1103 1974 Ma-

64 1992 133 2031 lim
155 2019 165 2036 ,
203 1989 228 2027 si
250 2001 311 2038 per
330 1988 437 2025 libros
458 1987 564 2024 liccat
584 2013 595 2030 ,
633 1984 823 2035 quamlibet
843 2001 855 2030 ;
884 1995 924 2024 ut
943 1986 1104 2038 Epistol-a

69 2044 250 2081 Canaces:

118 2112 277 2154 Urnaque
296 2117 352 2140 nos
370 2102 493 2139 habeat
513 2100 702 2152 quamlibet
721 2103 818 2138 arcia
838 2102 932 2139 duos.

68 2170 174 2209 Plura
210 2169 254 2206 de
288 2169 361 2205 hoc
395 2166 574 2217 loquendi
611 2165 727 2203 modo
765 2178 855 2203 mox
892 2165 1101 2203 notabimus

70 2221 138 2269 Ep.
163 2233 222 2257 vr.
244 2219 448 2255 Hssmsxus.
479 2218 556 2266 Ego
578 2217 628 2253 nil
650 2225 804 2254 mutem.
831 2215 1024 2266 quaelibet,
1053 2216 1103 2253 est

69 2271 180 2308 obvia
199 2281 365 2320 quaeque
380 2297 390 2313 ,
401 2269 484 2305 licet
496 2267 659 2304 vilissima
672 2269 708 2304 8<
722 2279 799 2304 non
813 2266 976 2303 delicata.
990 2268 1101 2304 etiam

69 2332 220 2370 gramen
233 2348 242 2365 ‚
255 2328 294 2358 ut
315 2320 473 2357 solebant
486 2329 580 2355 aevo
591 2317 743 2367 simplici
755 2319 792 2355 δε
805 2328 928 2355 aureo.
939 2317 1102 2366 Propcrt.

73 2383 105 2411 1.
135 2385 217 2409 viu.
245 2383 279 2417 4.

121 2433 248 2485 Etfine
266 2449 318 2473 me
336 2445 439 2472 vento
459 2434 606 2485 quolibet
622 2434 670 2472 ire
684 2443 801 2484 paras.

70 2501 217 2539 Petron.
239 2514 317 2546 127.
346 2508 385 2538 In
403 2501 462 2537 hoc
485 2501 641 2549 gramine
664 2499 795 2550 pariter
825 2497 1000 2548 compofiti.
1029 2498 1104 2538 vid.

72 2551 181 2601 Epist.
206 2563 241 2590 v.
271 2564 325 2598 14.
351 2552 610 2591 Buumimnus.

129 2614 206 2639 101.
241 2603 332 2648 Jam
357 2602 562 2652 primum]
591 2601 761 2639 Francius
791 2600 967 2647 malebat,
997 2613 1105 2651 quam

96 2665 234 2690 rimum.

72 2659 94 2700 p
132 2713 209 2749 103.
238 2709 306 2739 Nec
325 2716 377 2739 me
396 2702 559 2751 latebrofiz
587 2701 775 2740 movebunt
793 2700 925 2752 Saxa.]
954 2702 1107 2750 Legitur

81 2749 120 2786 ὃς
139 2751 309 2801 salebrosa.
339 2765 432 2802 quae
458 2753 567 2791 lectio
593 2750 737 2791 fonaffe
757 2753 892 2790 verior.
918 2752 1104 2790 Naue-inu.

85 2799 232 2846 Optime
254 2804 290 2840 in
317 2816 392 2840 uno
423 2804 586 2841 Palatino
610 2803 782 2852 scriptum
810 2810 884 2840 erat
908 2816 916 2840 ε
955 2810 1026 2839 Nec
1051 2816 1105 2838 me

73 2848 237 2898 salebrosa
256 2853 438 2890 movebunt
457 2859 559 2891 Saxa.
579 2855 681 2891 DAN.
704 2855 908 2890 Pil-:insius
934 2852 1106 2901 salebrosa

81 2898 212 2953 priscae
238 2901 410 2940 editiones
441 2915 526 2941 cum
555 2916 631 2942 uno
661 2903 850 2941 Mediceo.
877 2903 978 2951 quod
1007 2904 1045 2940 &
1068 2904 1106 2940 in

80 2952 148 2985 1u1s
168 2949 363 2998 Naugerius
380 2954 576 2991 invenerat.
599 2955 757 3002 Propert.
780 2954 842 2990 lib.
861 2967 925 2991 111.
945 2965 1024 2990 xiv.
1050 2965 1107 3002 15.

131 3004 231 3034 Luna
249 3000 415 3046 ministrat
433 3003 517 3048 iter,
545 3004 774 3051 demonstrant
794 3003 884 3049 astra
898 3003 1062 3052 salebras.

78 3047 133 3085 Ita
153 3048 675 3104 salebrosuslpastillns‚Auctori
700 3055 861 3098 Morem,
881 3057 918 3092 &
937 3053 1107 3103 fhlebrofiz

67 3098 197 3144 fimita
225 3099 394 3147 Apulejo.
420 3102 570 3140 Metam.
588 3105 648 3141 lib.
666 3105 988 3148 V111.,HfixNSius.
1016 3105 1109 3142 Sale-

78 3146 173 3196 hrofi:
192 3148 239 3185 est
260 3150 296 3185 in
318 3149 488 3187 Editione
510 3152 652 3191 Veneta
676 3155 779 3201 1498.

133 3199 213 3235 106.
242 3199 396 3247 Audin]
427 3200 618 3238 Slichtenh.
638 3215 682 3240 ex
699 3206 761 3241 lib.
778 3217 831 3243 vr.
848 3207 1005 3244 Metam.
1025 3218 1110 3253 419.

129 3250 293 3299 Qaeque
318 3249 414 3286 urbes
433 3249 521 3287 aliae
539 3250 663 3289 bimari
684 3253 894 3294 clauduntur
911 3248 962 3294 ab*
977 3257 1110 3306 Isthmo.

422 1084 576 1141 Illum
605 1064 833 1135 i‘irithoi
864 1078 1069 1133 detinet
1097 1096 1189 1134 ora
1212 1080 1307 1136 sui.

2030 1154 2193 1212 Praee-

1156 1283 1322 1333 Legebat
1341 1284 1485 1324 claudit.
1506 1286 1566 1325 sed
1586 1286 1677 1326 nihil
1695 1284 1927 1326 mutandum.
1948 1283 2075 1323 Senec.
2090 1282 2198 1332 Thyg

1161 1347 1173 1371 1
1187 1346 1241 1383 13.
1528 1359 1531 1363 Δ

1209 1385 1327 1422 Vicina
1341 1386 1464 1435 gracili
1481 1387 1643 1424 dividens
1661 1397 1753 1425 terra
1772 1387 1870 1424 vada

1208 1441 1315 1484 Longe
1335 1448 1478 1474 remotos
1502 1438 1595 1475 latus
1612 1439 1757 1475 exaudit
1766 1438 1875 1487 fimos.

1156 1486 1243 1524 Stat.
1269 1500 1298 1524 1.
1321 1487 1442 1526 Theb.
1467 1500 1550 1538 335.
1577 1491 1615 1527 in
1638 1489 1877 1537 descriptione
1897 1487 2041 1526 Isthmi:

1210 1543 1250 1573 In
1265 1537 1385 1574 mediis
1403 1539 1505 1577 audit
1525 1540 1592 1577 dito
1608 1539 1710 1577 litora
1733 1539 1870 1589 campis.

1158 1587 1218 1625 Sil.
1245 1599 1280 1625 v.
1309 1599 1394 1637 399.

1456 1642 1662 1691 Fraffasque
1677 1641 1715 1677 in
1733 1639 1871 1690 rupibus
1888 1640 2002 1677 undas
2166 1627 2188 1661 ⁸

1209 1688 1328 1725 Audit
1347 1690 1506 1742 Tartessos
1524 1690 1606 1727 latis
1623 1691 1821 1738 distermina
1838 1691 1948 1727 terris.
1986 1688 2200 1728 Hit-{Nuus}

1156 1737 1317 1785 Capiunt
1335 1741 1427 1777 haec
1452 1753 1582 1778 ornnes
1603 1742 1816 1788 interpretes
1837 1741 1882 1778 de
1904 1741 2041 1777 Isthmo
2065 1740 2201 1776 Corin-

1154 1788 1304 1833 thiaco,
1330 1798 1370 1827 ut
1390 1792 1428 1827 ὃς
1459 1790 1632 1827 Heinsius
1660 1790 1705 1827 ad
1736 1790 1798 1826 lib.
1822 1802 1894 1827 vu.
1912 1790 2007 1826 Met.
2030 1789 2111 1838 396.
2137 1788 2200 1827 sed

1158 1839 1390 1877 manifestum
1405 1840 1453 1878 est
1465 1841 1522 1889 agi
1533 1840 1577 1878 de
1589 1841 1803 1883 Troezene,
1815 1852 1910 1888 quae
1922 1852 2000 1877 non
2010 1840 2048 1876 in
2060 1839 2199 1876 Isthmo

1161 1888 1401 1928 Corinthiaco
1424 1919 1434 1936 ,
1472 1899 1513 1928 ut
1540 1891 1709 1940 imperite
1737 1891 1964 1929 Hubertinus
1987 1918 1998 1934 ,
2024 1889 2112 1933 fita,
2138 1888 2200 1926 sed

1158 1941 1338 1978 remotior
1367 1941 1410 1979 ab
1438 1941 1502 1979 illo
1523 1971 1533 1987 ‚
1569 1954 1680 1991 quam
1712 1949 1753 1978 ut
1775 1943 1947 1991 Aegeum
1978 1941 2016 1977 &
2046 1940 2199 1977 Ionium

1159 1989 1299 2028 audiret
1318 2003 1430 2029 mare.
1456 1992 1516 2029 sed
1537 1992 1647 2030 credo
1669 1992 1894 2030 Troezenen
1915 1991 2018 2030 fitam
2039 1988 2143 2028 fuisse
2160 1991 2200 2028 in

1161 2040 1387 2079 Chersoneso
1413 2043 1572 2092 quadam
1592 2070 1603 2086 ,
1642 2043 1680 2080 &
1711 2054 1792 2080 eam
1817 2041 1950 2080 1«111111116
1981 2041 2025 2079 ab
2046 2048 2201 2090 utraque

1159 2098 1258 2139 parte
1281 2104 1393 2130 mare.
1421 2093 1518 2130 unde
1535 2092 1734 2142 legendum
1754 2100 1905 2142 putem:
2018 2091 2023 2096 “

1209 2145 1257 2177 Et
1275 2143 1387 2179 tenuis
1405 2142 1506 2180 tellus
1523 2143 1625 2179 audit
1646 2143 1821 2192 utrimque
1838 2156 1948 2181 mare.

1161 2190 1334 2241 Intelligit
1365 2194 1486 2231 fauces
1517 2193 1754 2238 Chersonesi,
1781 2194 1819 2230 in
1848 2195 1976 2243 quibus
2000 2192 2197 2231 Troezene

1159 2249 1312 2292 utraque
1341 2252 1441 2292 parte
1474 2244 1640 2283 fluctibus
1668 2245 1776 2282 maris
1814 2244 2019 2282 feriebatur.
2071 2243 2200 2280 Ambit

1158 2303 1345 2344 utrumque
1365 2303 1439 2332 erat
1460 2296 1497 2332 in
1520 2291 1672 2332 duobus.
1692 2294 1868 2344 utrimque
1885 2307 1974 2333 vero
1999 2295 2037 2332 &
2062 2304 2201 2330 utrum-

1160 2357 1225 2395 que
1243 2345 1349 2382 facile
1370 2344 1572 2383 confudiffe
1588 2346 1750 2383 librarios
1770 2357 1816 2381 ex
1834 2346 2034 2394 Propertio.
2053 2345 2112 2381 lib.
2134 2355 2202 2381 111.

1160 2406 1219 2431 xx.
1235 2407 1292 2432 22.
1305 2396 1454 2434 constat.
1475 2397 1513 2433 ὅ(
1532 2396 1654 2445 postea
1664 2397 1740 2434 vidi
1754 2397 1991 2434 Gronovium
2009 2394 2053 2431 ad
2073 2394 2200 2431 Senec.

1160 2444 1314 2495 Thyest.
1337 2459 1401 2484 112
1417 2475 1427 2491 ‚
1439 2448 1537 2484 hunc
1554 2447 1698 2485 versum
1718 2447 1767 2484 ita
1784 2447 1962 2485 adducere
1974 2473 1984 2489 ,
2001 2445 2087 2482 11661
2109 2444 2201 2482 nihil

1161 2505 1324 2535 moneat.
1352 2498 1611 2535 BuaMANNus.

1214 2547 1295 2585 108.
1324 2547 1472 2585 charior
1487 2547 1550 2584 illa
1568 2560 1645 2585 mea
1667 2546 1748 2596 est.]
1776 2548 1980 2585 Puteaneus
2011 2557 2098 2583 cum
2123 2544 2201 2582 aliis

1160 2599 1369 2636 nonnullis:

1212 2649 1305 2694 Jam
1327 2664 1420 2687 nunc
1437 2650 1480 2698 est
1495 2649 1612 2700 patria
1629 2649 1756 2698 gratior
1777 2648 1838 2685 illa
1859 2647 1950 2685 meri.
2005 2647 2151 2684 HEINS.

1162 2699 1356 2738 Sollemnis
1384 2701 1446 2738 ista
1474 2701 1521 2738 est
1549 2701 1778 2738 librariorum
1799 2701 1837 2737 in
1860 2700 1914 2737 his
1938 2697 2088 2735 vocibus
2119 2708 2203 2746 per-
2276 2735 2281 2740 ,

1162 2752 1346 2789 mutandis
1364 2752 1613 2789 inconstantia.
1642 2751 1770 2799 Virgil.
1793 2762 1864 2788 xxx,
1885 2747 2045 2786 Aene'id.
2068 2759 2148 2794 141.

1215 2802 1380 2851 Nympha
1395 2803 1492 2838 decus
1503 2800 1698 2850 fluviorum
1713 2828 1722 2845 ,
1743 2801 1860 2837 animo
1875 2797 2064 2848 gratissima
2086 2797 2203 2845 nostro.

1162 2851 1239 2889 Ubi
1257 2852 1401 2890 codices
1421 2852 1569 2901 plurimi
1588 2849 1765 2899 carissima.
1792 2850 1890 2888 fic&
1910 2849 2007 2899 apud
2027 2848 2201 2886 Nostrum

1163 2914 1227 2939 111.
1249 2903 1430 2940 Pont.1v.
1451 2914 1508 2951 51.

1210 2957 1239 2987 F.
1233 2952 1267 2998 st
1288 2967 1417 3003 qnoque
1436 2954 1639 2989 cannarum
1659 2953 1798 2990 novitas
1810 2949 2000 3001 gratiffima
2025 2964 2152 2987 rerum.

1161 3003 1216 3040 Ut
1237 3004 1381 3041 codices
1402 3004 1453 3040 ibi
1472 3003 1656 3041 exhibent.
1685 3005 1723 3041 &
1744 3004 1792 3041 ita
1812 3004 1904 3040 alibi·
1913 3003 2027 3050 saepe.
2047 3001 2174 3038 Burm-

1219 3065 1301 3102 109.
1327 3060 1481 3104 Tempore
1506 3053 1616 3102 abest,
1645 3053 1819 3104 aberitque
1842 3053 1941 3102 dim]
1973 3053 2015 3088 In
2035 3060 2201 3104 tempore

1165 3105 1203 3142 &
1222 3113 1406 3154 oportune
1426 3105 1532 3143 abest.
1558 3116 1652 3153 quae
1676 3105 1750 3142 duo
1771 3105 1915 3142 Plautus
1936 3104 2043 3139 etiam
2066 3102 2102 3137 in
2121 3100 2203 3135 An*

1165 3156 1262 3193 naria
1295 3157 1499 3205 conjunxit.
1534 3154 1581 3192 sic
1607 3155 1741 3192 Cicero
1769 3156 1807 3192 in
1837 3154 1948 3190 Offic.
1974 3151 2038 3187 Ad
2066 3162 2202 3204 coenem

1166 3215 1308 3255 tempere
1327 3207 1438 3245 venit.
1464 3206 1659 3258 quomodo
1682 3208 1720 3243 &
1739 3206 1822 3244 alibi
1846 3205 1953 3244 idem.
1974 3199 2124 3238 Phaedr.
2142 3200 2209 3237 lib.

1170 3269 1228 3299 lv,
1255 3257 1401 3306 Epilog.
2201 3299 2207 3305 ⁸

1691 3307 1727 3347 e
2131 3302 2208 3349 ese
