2553 3676
346 195 446 250 283
847 186 1395 248 P.OVIDII

1469 183 1995 242 NASONIS

489 281 584 350 185
626 279 796 355 Quod
821 282 997 353 cupiS,
1032 279 1136 334 hoc
1160 289 1349 333 nautae
1374 288 1646 338 metuunt,
1685 274 1964 340 Leandre‚
2002 288 2197 333 natare.

681 352 897 408 Exitus
936 352 1022 406 hic
1061 350 1238 406 fraclis
1278 349 1540 423 puppibus
1579 347 1681 403 effe
1718 347 1882 403 soleta·

626 426 727 483 Me
754 426 1022 481 miseram!
1065 424 1226 496 cupio
1251 440 1362 478 non
1385 421 1732 492 persuadere3
1775 422 1925 494 quod
1950 422 2172 479 hortor:

703 497 920 570 Sisque,
957 514 1180 569 precor,
1230 494 1447 549 monitis
1486 491 1679 545 fortior
1714 493 1822 563 ipse
1860 495 2007 549 meis,

622 570 948 633 Dummodo
972 570 1273 641 pervenias,
1312 562 1628 634 excuffaque
1654 562 1805 642 saepe
1829 584 1925 638 per
1948 568 2114 622 undas

483 661 584 712 190

697 642 900 713 Injicias
938 641 1174 696 humeris
1213 635 1426 690 brachia
1461 634 1577 689 lass'a
1616 651 1762 688 meis.

627 715 735 771 Sed
762 715 921 776 mihi,
961 712 1226 766 caeruleas
1251 707 1463 780 quoties
1489 705 1746 760 obvertor
1768 707 1835 761 ad
1859 710 2054 774 undaS,

697 788 894 841 Nescio
920 801 1055 856 quae
1078 781 1334 854 pavidum
1357 778 1558 849 frigora
1581 778 1763 850 pectus
1789 780 2000 834 habent.

621 861 741 915 Nec
766 854 1238 916 minushesternae
1265 851 1571 907 confundor
1596 851 1826 933 imagine
1852 852 2050 918 1106115,

702 930 961 1002 Quamvis
1002 927 1077 984 est
1113 927 1266 981 sacris
1306 925 1389 978 illa

1426 925 1563 996 piata
1602 942 1749 979 meis.

481 1023 579 1074 195
618 1005 865 1075 Namque
891 1002 984 1057 sub
1013 1004 1253 1062 Aurora,
1286 998 1393 1069 jam
1418 997 1743 1052 dormitante
1769 999 2013 1063 lucerna,

701 1075 954 1147 (Somnia
993 1093 1104 1148 quo
1143 1072 1290 1127 cerni
1329 1084 1570 1144 tempore
1609 1088 1734 1125 vera
1769 1072 1973 1140 solent)

327 1242 483 1295 ᾰερὶξῗα,
512 1245 570 1282 vel
592 1246 665 1282 ἀπῦ
695 1244 758 1281 τοῦ
783 1245 918 1293 πρὶζειν
947 1246 997 1282 ‘fio
1027 1247 1174 1291 κύμκτοι
1191 1274 1200 1289 ,
1228 1244 1266 1281 id
1284 1244 1326 1292 est
1352 1258 1374 1282 a

319 1293 479 1341 secandis
491 1296 667 1346 stafilibus.
697 1297 833 1344 reliqua
864 1310 882 1333 a
908 1294 1108 1344 gloss'atoris
1130 1297 1241 1343 inepti
1264 1308 1376 1334 mauu

326 1343 418 1384 sunt.
432 1352 536 1385 'errat
559 1361 646 1384 vero
667 1376 676 1391 ,
705 1347 808 1396 quod
820 1347 955 1397 pristim
976 1359 995 1383 a
1014 1348 1128 1385 tutela
1149 1347 1287 1384 dictum
1308 1359 1376 1395 pu-

325 1405 402 1442 tet,
433 1411 516 1435 cum
545 1399 680 1436 animal
707 1407 803 1436 certe
834 1399 947 1436 tutela
976 1400 1077 1436 navis
1106 1396 1174 1435 esse
1192 1406 1373 1446 nequeat,

323 1447 388 1485 sed
409 1449 547 1498 insigne
564 1458 707 1487 tantum
721 1477 730 1492 ‚
759 1449 833 1486 sive
853 1451 1064 1493 vratoda-amu
1079 1477 1089 1493 ‚
1112 1447 1209 1486 unde
1232 1460 1374 1485 nomen

327 1498 471 1537 habeat.
502 1500 636 1537 Tutela
666 1501 817 1537 navium
850 1509 925 1538 erat
956 1512 1097 1538 numen
1128 1498 1304 1547 aliquod,
1334 1507 1374 1536 ut

324 1548 433 1587 latius
474 1550 519 1587 ad
555 1551 677 1587 Valer.
714 1550 886 1588 Flaccum
927 1550 1153 1588 docebimus.
1190 1550 1249 1586 hic
1284 1561 1373 1587 vero

328 1611 416 1636 cum
447 1611 522 1636 arte
547 1600 720 1636 laboratas
734 1610 852 1650 puppes
873 1601 969 1638 dicat
990 1628 999 1643 ‚
1036 1610 1176 1638 certum
1210 1599 1259 1636 est
1287 1612 1373 1638 eum

325 1650 498 1687 adludere
519 1651 561 1687 ad
583 1652 737 1688 tutelam
758 1652 861 1689 navis
879 1679 888 1695 ‚
917 1650 992 1688 five
1018 1651 1151 1688 affabre
1173 1650 1372 1688 laboratam

323 1702 488 1738 numinis
516 1702 716 1750 imaginem
750 1703 788 1739 in
820 1702 962 1750 puppi,
999 1702 1102 1751 quod
1131 1700 1323 1739 fi'navem
1353 1713 1373 1739 a

325 1753 418 1788 mari
438 1763 515 1788 nou
533 1753 711 1796 servaret,
739 1753 827 1801 quid
844 1753 999 1802 speraret
1025 1752 1194 1790 Leander
1213 1752 1273 1789 sua
1294 1753 1373 1790 bra—

326 1802 408 1839 chia
436 1802 513 1850 plus
543 1802 653 1851 pofi'e.
682 1804 841 1840 Douzae
868 1803 987 1841 codex
1006 1804 1184 1847 habebat,
1212 1817 1373 1852 mergun-

325 1862 387 1889 tur
405 1853 443 1888 in
462 1866 612 1901 aequore„
640 1863 823 1902 praeterea
844 1855 879 1891 in
901 1855 1001 1901 Junii
1027 1855 1156 1892 codice
1177 1862 1274 1898 erat,
1303 1868 1372 1891 non

325 1912 415 1946 tua,
444 1905 540 1941 unde
569 1906 661 1942 forte
689 1905 888 1954 legendum
908 1933 917 1949 ‚
946 1919 1032 1942 num
1063 1915 1126 1942 tua
1149 1914 1164 1944 ἒ
1201 1913 1241 1942 ut
1267 1905 1372 1955 saepe

325 1953 424 1991 alibi.
453 1954 715 1993 BURMANNUS.

380 2005 462 2049 184.
479 2006 578 2054 'Posse
592 2006 732 2055 putas]
762 2013 865 2044 Putes
885 2007 960 2045 duo
979 2007 1109 2056 scripti.
1132 2007 1347 2045 Hmnsxus.

381 2055 464 2092 186.
492 2056 697 2105 Puppibus.]
728 2058 891 2094 Navibus
919 2059 1068 2106 Regius.
1098 2058 1200 2106 quod
1229 2059 1372 2106 piacet,

325 2107 413 2154 quia
431 2115 551 2155 puppes
572 2107 764 2154 praecedit.
793 2108 928 2145 Douza
953 2110 1013 2145 hic
1042 2119 1165 2145 natare
1179 2121 1245 2156 pro
1266 2110 1374 2146 navi-

321 2167 407 2204 gare
428 2158 586 2204 politum
608 2158 747 2205 accipit.
769 2159 909 2206 &legit
925 2158 1057 2201 ,exitus
1078 2159 1206 2202 hzc‚id
1225 2158 1373 2202 est,hoc

322 2206 412 2243 loco
429 2207 519 2244 solet
543 2209 666 2244 venire
689 2209 806 2245 exitus
822 2237 831 2252 ,
854 2209 890 2245 id
912 2209 959 2245 est
976 2208 1171 2245 submersio
1195 2210 1232 2245 &
1254 2209 1372 2256 perdi-

323 2257 380 2294 tio
398 2259 544 2306 navigii.
566 2259 706 2295 Verum
731 2259 881 2308 quidem
904 2259 951 2296 est
969 2269 1092 2295 natare
1112 2260 1202 2307 poni
1223 2271 1289 2306 pro
1309 2272 1373 2297 na-

322 2308 472 2357 vigare,
500 2318 540 2346 ut
557 2308 683 2346 docuit
703 2309 822 2346 Cerda
842 2309 887 2346 ad
911 2310 1013 2358 Virg.
1035 2322 1087 2346 iv.
1110 2309 1267 2346 Aeneid.
1288 2310 1372 2358 398.

323 2358 364 2394 80
385 2359 433 2396 ita
449 2360 689 2403 Nostervm.
706 2361 800 2397 Met.
818 2373 896 2405 104.
914 2360 973 2397 sed
995 2371 1118 2396 natare
1135 2361 1196 2397 hic
1219 2360 1264 2397 de
1284 2373 1373 2398 nau-

321 2409 431 2457 fragis
454 2410 673 2457 capiendum
690 2439 699 2455 ‚
729 2414 792 2459 qui
811 2410 921 2448 fracsta
942 2423 1036 2448 nave
1058 2420 1194 2448 natant.
1225 2410 1297 2448 vid.
1318 2412 1374 2448 su-

324 2461 462 2507 periori
486 2461 595 2509 Epist.
628 2474 706 2499 120.
736 2462 884 2499 Petron.
906 2474 993 2499 cxv.
1016 2466 1071 2497 En
1092 2461 1190 2498 homo
1211 2463 1374 2511 quomodo

324 2520 442 2548 natat.
471 2512 509 2549 &
533 2511 636 2560 saepe
663 2512 758 2549 alibi.
787 2512 1035 2549 BunMANNus

379 2561 461 2608 187.
489 2574 510 2594 0
528 2562 593 2598 uod
620 2562 772 2612 horton]
804 2569 888 2612 Opto
917 2563 987 2600 alii.
1025 2563 1234 2599 Hexusxus.
1271 2563 1374 2600 Nihil

326 2620 430 2649 muta
453 2640 463 2656 ,
499 2625 581 2650 nam
617 2625 733 2663 aeque
764 2614 898 2650 Latine
929 2613 1033 2658 dici,
1070 2613 1185 2650 hortor
1213 2613 1372 2664 aliquid,

323 2670 435 2708 atque
467 2663 514 2698 ad
537 2663 676 2713 aliquid
697 2693 707 2709 ,
744 2664 871 2702 docuit
892 2693 902 2709 ,
941 2666 1013 2702 hoc
1040 2664 1150 2701 etiam
1173 2664 1259 2701 1000
1287 2677 1372 2713 pro-

324 2709 464 2754 ducto,
490 2714 650 2752 summus
678 2715 892 2753 Gronovius
921 2715 966 2753 ad
995 2715 1121 2753 Scnec.
1154 2715 1260 2763 Epist.
1291 2728 1370 2752 121.

326 2761 368 2797 &
390 2761 510 2799 Tacit.
534 2776 585 2801 xi.
608 2767 740 2803 Annal.
763 2777 794 2815 3.
824 2767 862 2804 &
895 2767 1073 2805 Graevius
1093 2765 1138 2803 ad
1160 2766 1279 2803 Cicer.
1300 2778 1372 2805 vu.

326 2811 375 2848 ad
397 2812 475 2850 Att.
504 2825 557 2855 14.
588 2818 850 2854 ssURMANNUS.

383 2874 463 2910 191.
492 2863 555 2898 Sed
581 2865 668 2900 mihi
697 2868 860 2903 coeruleos
890 2867 1018 2917 quoties
1044 2867 1202 2904 obvertor
1231 2868 1278 2904 ad
1306 2881 1374 2904 un-

324 2912 428 2961 das.]
462 2913 513 2950 Ita
541 2913 737 2961 legendum
769 2918 816 2953 cst
840 2931 847 2954 :
888 2930 963 2954 non
993 2927 1032 2956 ut
1059 2919 1371 2964 Commentator,

325 2964 390 3011 qui
411 2964 520 3012 legit,
549 2963 713 3011 obversor.
743 2967 801 3002 Est
824 2977 947 3004 autem
969 2969 1106 3006 sensus:
1127 2971 1286 3017 Quoties
1306 2970 1373 3006 ob-

326 3022 453 3050 vertor
481 3013 526 3051 ad
557 3014 697 3051 undas:
737 3016 810 3052 1100
840 3017 887 3052 est
909 3044 917 3059 ‚
952 3020 1098 3065 quotics
1129 3022 1253 3066 cogito
1273 3048 1282 3062 ‚
1311 3020 1370 3056 vel

324 3064 478 3112 respicio
499 3064 542 3101 ad
561 3064 673 3101 undas
688 3094 697 3109 ‚
729 3065 844 3113 Nescio
863 3067 953 3114 quod
963 3067 1138 3114 pavidum
1154 3071 1287 3114 peoffora
1299 3070 1372 3112 fri-

321 3128 386 3162 goos
413 3114 550 3151 habent.
588 3115 684 3152 Nam
719 3116 755 3152 &
785 3117 883 3152 hunc
918 3116 1056 3152 versum
1089 3118 1201 3164 magis
1229 3118 1370 3164 probo,

325 3164 441 3214 quam
469 3175 508 3203 ut
537 3165 649 3214 vulgo
677 3166 831 3213 legitur,
861 3167 977 3215 Nescio
999 3166 1084 3214 quid
1109 3167 1284 3215 pavidum
1297 3168 1372 3214 sri-

321 3229 399 3263 gore
422 3219 536 3265 pecias
561 3215 674 3253 habet.
703 3217 927 3254 chriius.
957 3216 1126 3253 obvertor
1146 3218 1369 3265 legendum,

326 3278 403 3304 uon
432 3266 596 3316 obversor.
627 3268 741 3307 Venit
771 3278 894 3309 autem
925 3266 944 3307 a
968 3268 1081 3307 verbo
1102 3278 1240 3316 vertor,
1268 3270 1372 3320 quod

2286 1144 2475 1199 Stami-

1431 1241 1469 1277 in
1492 1238 1774 1281 dissuetudinem
1788 1243 1885 1282 abiit.
1907 1241 2304 1292 compositambvertor,
2315 1251 2479 1289 revertor.
2549 1272 2551 1277 ,

1431 1292 1504 1328 1100
1524 1303 1646 1331 autem
1671 1295 1757 1332 loco
1776 1296 1823 1332 est
1835 1295 2019 1343 respicere.
2040 1295 2256 1332 CIOFANUS.
2278 1293 2392 1330 Refte
2411 1293 2479 1330 viri

1432 1342 1532 1380 docti
1555 1345 1744 1393 rejiciunt,
1774 1345 1938 1394 obversor.
1966 1359 2010 1382 11.
2034 1347 2188 1382 Metam.
2209 1357 2292 1390 470-

1484 1396 1562 1441 ἐξω
1571 1393 1681 1443 fimul
1701 1396 1850 1433 obvertit
1862 1397 2012 1446 saevam
2032 1409 2109 1433 cum
2132 1395 2264 1432 lumine
2284 1403 2447 1432 mentem.

1429 1443 1696 1485 BuRMANNus.
2546 1486 2547 1490 ,

1484 1508 1565 1542 192.
1594 1498 1712 1545 Nescio
1731 1498 1845 1548 quid]
1868 1498 1993 1536 Multo
2015 1498 2147 1536 refflus
2163 1498 2291 1546 legunt
2311 1494 2482 1546 quidam,'
2545 1495 2548 1526 1

1431 1546 1548 1594 Nescio
1566 1549 1656 1598 quod
1667 1550 1842 1597 pavidum
1859 1551 1990 1598 peo‘c'ora
2008 1549 2124 1597 frigus
2145 1548 2259 1586 habet.
2287 1548 2479 1585 NAUGER.
2522 1582 2525 1584 .
2544 1570 2547 1575 -

1429 1596 1604 1635 Putabam
1626 1599 1823 1647 aliquando
1843 1599 1951 1643 hebes.
1979 1600 2090 1636 Nunc
2118 1598 2254 1637 accedo
2278 1597 2478 1636 duodecim

1432 1645 1568 1694 scriptis
1591 1649 1776 1687 codicibus
1790 1677 1799 1693 ‚
1828 1650 1892 1698 qui
1908 1650 2055 1697 legunt:

1484 1699 1601 1746 Nescio
1622 1713 1708 1748 quae
1720 1700 1897 1749 pavidum
1907 1700 2041 1748 frigora
2053 1701 2170 1749 peetus
2187 1699 2327 1738 habent.

1430 1749 1579 1797 Utjam
1601 1753 1733 1788 monui
1751 1751 1796 1788 ad
1815 1751 1924 1800 Epist.
1952 1763 2022 1789 xn.
2052 1750 2107 1794 fils.
2135 1762 2215 1797 170.
2243 1752 2303 1790 alii
2331 1751 2476 1791 codices
2541 1777 2543 1782 .

1428 1798 1543 1837 habet.
1571 1800 1659 1838 Fast.
1682 1815 1711 1839 1.
1732 1813 1817 1850 753.
2286 1821 2295 1830 ·

1479 1856 1582 1887 Mens
1598 1851 1673 1888 abit
1693 1863 1736 1892 <9⁴
1756 1851 1881 1888 morior
1893 1879 1901 1893 ‚
1930 1852 2058 1900 quoties
2072 1852 2260 1900 pugnantis
2278 1852 2390 1901 imago

1530 1908 1591 1938 Me
1603 1902 1720 1951 subit,
1749 1915 1792 1942 (φ’
1808 1901 1961 1951 gelidum
1978 1904 2110 1951 peclora
2121 1902 2237 1949 frigus
2256 1902 2371 1940 habet.

1427 1951 1504 1989 Ubi
1534 1951 1662 1988 habent
1688 1954 1724 1990 in
1752 1954 1887 2001 scriptis
1919 1952 2114 1989 nonnullis.
2150 1952 2219 1989 Sed
2243 1961 2322 1990 tum
2337 1953 2476 2004 frigora
2536 1961 2539 1985 ³

1420 2004 1537 2051 petius
1557 2002 1598 2039 sit
1615 2004 1913 2052 legendumsalii
1937 2002 2081 2040 codices
2097 2003 2172 2039 hoc
2192 2003 2302 2040 loco:

1481 2053 1598 2101 Nescio
1617 2055 1706 2103 quod
1722 2064 1767 2102 pa
1775 2054 1897 2090 vidum
1910 2055 2046 2102 potiora
2054 2053 2171 2101 frigus
2191 2052 2332 2092 habent.

1430 2104 1677 2141 Mentclianus
1696 2106 1783 2141 alter
1799 2117 1806 2141 :

1483 2155 1600 2201 Noscio
1621 2168 1707 2203 qtmo
1727 2154 1893 2192 timidum
1907 2154 2042 2203 frigora
2056 2155 2172 2205 pestus
2191 2153 2331 2195 habent.

1429 2204 1653 2253 Argentinus
1668 2219 1675 2242 :

1591 2256 1772 2293 Pavidum
1785 2259 1914 2306 postor-e
1926 2257 2042 2305 frigus
2059 2254 2173 2292 habet.

1429 2305 1550 2343 Forte.
1594 2319 1660 2355 pro
1691 2308 1865 2356 pavidam
1889 2310 2035 2355 pociore,
2069 2307 2127 2344 vel
2148 2306 2304 2356 pavidae
2327 2308 2476 2356 pestoraj
2530 2319 2531 2322 ’

1429 2357 1635 2394 HEINsxus.
1678 2359 1810 2395 Douza
1841 2359 1951 2395 etiam
1981 2357 2149 2406 legebat,
2190 2371 2277 2406 quae
2299 2359 2475 2407 pavidum

1421 2407 1555 2455 frigora
1580 2410 1696 2457 pecias
1723 2408 1873 2452 habent,
1903 2410 1941 2445 ἃ
1959 2409 2070 2445 redte.
2098 2408 2197 2444 Nam
2220 2409 2396 2456 pavidum
2418 2421 2474 2456 ref

1431 2457 1520 2495 estius
1539 2459 1663 2506 peetus
1690 2459 1842 2504 dicitur,
1864 2471 1975 2508 quam
1999 2459 2117 2506 frigus.
2140 2471 2190 2495 xx.
2212 2459 2307 2497 Met.
2329 2459 2414 2508 581.

1481 2514 1528 2544 Et
1543 2518 1651 2558 pavet
1670 2508 1826 2559 obsessum
1841 2509 1982 2558 glaciali
1996 2509 2124 2557 frigore
2135 2511 2263 2558 pocius.

1430 2558 1692 2598 Burmannus.

1487 2623 1566 2658 195.
1596 2611 1663 2647 Sub
1691 2611 1874 2662 Aurora]
1903 2611 2030 2649 Paullo
2061 2618 2144 2649 ante
2176 2623 2285 2660 quam
2318 2610 2474 2661 [καθῇ-αἲξ
2538 2642 2541 2646 -

1429 2662 1648 2699 Cromnos,
1684 2662 1737 2700 Ita
1774 2663 1862 2700 editi
1896 2664 2031 2710 priores
2055 2689 2064 2706 ‚
2103 2663 2141 2699 &
2174 2662 2291 2710 scripti
2329 2675 2472 2702 omnes.

1428 2713 1585 2750 malebat
1611 2722 1737 2750 tamen
1776 2713 1947 2751 Heinsius
1965 2741 1975 2756 ,
2016 2711 2080 2757 sub
2118 2717 2308 2749 Auroram.
2345 2722 2385 2751 ut
2404 2711 2470 2762 sub

1428 2765 1570 2800 noHem.
1594 2777 1646 2802 1V.
1666 2765 1758 2802 Met.
1781 2777 1839 2812 79.
1862 2763 1928 2799 Sub
1950 2763 2067 2812 prima
2091 2762 2291 2812 crepuscula.
2320 2776 2353 2802 v.
2380 2764 2468 2803 Fast-

1427 2826 1509 2862 455.
1547 2816 1584 2852 ὃ(
1615 2815 1709 2852 alibi.
1748 2815 1808 2852 sed
1841 2826 1926 2851 cum
1954 2821 2153 2862 utrumque
2181 2814 2278 2851 1·οέὶο
2309 2815 2468 2860 dicatur,

1429 2865 1541 2912 (vide
1564 2865 1609 2902 ad
1641 2865 1774 2915 Vellej.
1800 2866 1935 2902 Patere.
1962 2877 2006 2900 11.
2033 2869 2115 2910 24.)
2143 2864 2204 2901 hic
2226 2870 2394 2910 Aurora,
2421 2865 2469 2903 ob

1428 2916 1641 2964 sequentem
1674 2916 1843 2954 voculam
1873 2914 1995 2951 similis
2024 2914 2101 2951 soni
2123 2928 2228 2963 jam,
2256 2915 2304 2952 est
2328 2916 2468 2965 praefe-

1427 2966 1596 3004 rendum.
1625 2967 1754 3004 eadem
1776 2966 1926 3002 varietas
1944 2965 2006 3001 lib.
2028 2978 2073 3002 11.
2105 2968 2183 3002 Art.
2215 2977 2295 3015 315.
2324 2967 2384 3004 ubi
2402 2963 2468 3015 sub

1428 3027 1642 3053 aictumnum
1670 3018 1708 3055 ὃς
1732 3026 1901 3052 autumno
1920 3043 1930 3060 ‚
1958 3016 2056 3053 varie
2079 3016 2115 3053 in
2141 3016 2248 3054 MSS.
2271 3018 2468 3056 exhibetur.

1429 3067 1694 3104 Bummnnus.

1482 3129 1561 3164 195.
1589 3118 1683 3162 Jam
1703 3116 1914 3153 dormitante
1929 3117 2098 3167 lucerna]
2122 3119 2260 3156 Durior
2278 3126 2373 3156 certe
2391 3127 2468 3154 me-

1424 3167 1577 3214 taphora
1601 3196 1611 3211 ,
1657 3169 1695 3205 &
1736 3169 1836 3216 cujus
1876 3169 2089 3217 exemplum
2135 3181 2180 3207 an
2220 3169 2302 3207 alibi
2335 3168 2466 3212 exstet,

1424 3217 1570 3266 ignoro.
1609 3218 1643 3255 Si
1672 3218 1834 3255 moriente
1862 3217 2002 3256 dixiffet
2028 3248 2038 3263 ,
2077 3220 2156 3258 usus
2181 3217 2298 3258 fuifl'et
2330 3217 2466 3267 vulgari

1423 3269 1657 3309 translatione
1674 3296 1685 3315 ,
1714 3277 1753 3308 ut
1780 3270 1829 3309 ita
1859 3269 1968 3309 vivas
1992 3268 2159 3311 lucernas.
2183 3269 2358 3309 Horatius
2389 3279 2466 3356 ῐὸὲ.

2457 3341 2467 3355 Ι
