2553 3676
296 221 389 293 193

798 211 859 267 P.
933 205 1352 265 OVIDII
1423 204 1959 264 NASONIS

585 307 771 380 Atque
795 304 924 358 aliae
949 313 1199 364 centum,
1237 317 1368 374 quas
1393 315 1506 356 non
1531 299 1638 356 fine
1661 299 1885 355 crimine
1909 297 2083 356 amavi

437 397 510 434 20

621 376 903 451 Improbe,
941 375 1231 429 multarum
1255 375 1406 448 quod
1421 374 1560 439 suit,
1597 392 1734 429 unus
1758 372 1934 429 habes.

584 451 678 508 Est
702 454 758 506 in
785 464 839 504 te
864 448 1052 513 faeieS,
1089 449 1208 503 sunt
1232 449 1340 520 apti
1362 447 1555 504 lusibus
1579 447 1717 502 anni.

662 524 716 580 O
742 522 902 578 facies
927 524 1093 578 oculis
1119 520 1365 577 insidiosa
1387 520 1544 574 meis!

589 598 754 654 Sume
778 596 944 652 fidem
971 595 1028 650 &
1052 595 1386 668 pharetram3
1430 593 1525 647 fies
1549 591 1855 650 manifestus
1879 594 2100 666 Apollo,

661 670 946 726 Accedant
971 669 1133 742 capiti
1157 683 1388 729 cornua3
1430 664 1674 720 Bacchus
1698 669 1814 721 eriS.

479 762 547 813 25
584 742 659 800 Et
683 744 935 799 Phoebus
959 741 1257 813 Daphnen,
1298 740 1353 793 &
1381 738 1625 794 Gnosida
1650 737 1894 795 Bacchus
1918 741 2127 796 amavit.

663 818 781 873 Nec
806 828 963 872 norat
991 814 1223 887 Lyrieos
1248 813 1361 878 illa,
1399 813 1483 868 vel
1505 813 1616 877 illa,
1655 812 1867 868 modos

296 1020 551 1069 tronymicnm
570 1019 646 1057 hoc
662 1017 841 1056 muliebre
862 1015 1069 1055 formatur?
1099 1023 1161 1054 aut
1179 1027 1348 1066 quomo-

295 1069 379 1108 do?
408 1071 443 1108 Si
463 1071 563 1107 enim
584 1069 801 1118 Pyrrhaeus,
830 1076 871 1106 ut
889 1068 1158 1117 Methymnaeus
1172 1095 1182 1111 ‚
1210 1067 1259 1105 est
1277 1079 1349 1104 no-

299 1132 388 1158 men
419 1120 652 1171 poffessivum
675 1150 686 1166 ,
721 1130 762 1159 ut
792 1120 873 1158 sunt
895 1149 906 1165 ,
943 1120 1047 1158 nullo
1075 1118 1182 1168 paeto
1211 1119 1348 1167 poteris

297 1171 386 1209 inde
405 1173 480 1211 hoc
496 1174 799 1222 patronymicum
820 1171 1024 1209 deducere:
1056 1179 1117 1209 aut
1137 1170 1237 1207 enim
1259 1176 1348 1219 Pyr·

297 1222 423 1260 rhaeas
450 1225 560 1261 faciet
581 1251 591 1267 ,
637 1232 698 1261 aut
732 1236 796 1272 per
832 1220 1108 1261 dissolutionem
1149 1220 1350 1273 Pyrrhai'as.

302 1274 438 1312 Utrum
459 1284 585 1313 autem
607 1274 764 1318 dixeris,
794 1275 832 1311 ὃς
860 1274 995 1311 duriter
1028 1276 1066 1311 δε
1095 1273 1291 1311 insolenter
1311 1272 1349 1311 id

298 1322 504 1362 deduxeris.
544 1325 662 1374 Quod
698 1324 724 1362 fi
759 1323 995 1372 Pyrrhaeades
1020 1325 1149 1374 legeris
1170 1353 1181 1369 ,
1216 1324 1350 1373 syllaba

298 1375 480 1414 claudicet
503 1375 645 1414 necesse
665 1376 726 1414 est.
755 1377 834 1414 Nos
860 1376 969 1424 igitur
998 1374 1019 1412 a
1048 1376 1163 1413 veteri
1180 1375 1350 1414 stabimus

297 1425 473 1466 lec‘tione.
501 1429 727 1465 Examinent
754 1427 805 1465 illi
828 1438 906 1464 rem
938 1436 1058 1465 totam
1085 1455 1094 1470 ,
1130 1435 1170 1463 ut
1197 1427 1349 1475 ingenio

300 1478 508 1524 excellunt,
538 1480 576 1516 ὃς
599 1478 807 1518 eruditione
830 1477 1030 1527 praestant:
1061 1477 1164 1515 facile
1187 1477 1249 1526 <ut
1268 1478 1351 1527 opi-

300 1529 396 1577 nor)
417 1530 666 1576 seminabunt.
688 1530 727 1567 B.
746 1531 977 1568 EGNArrus.
1004 1529 1177 1572 Recnus,
1200 1529 1350 1577 opinor,

299 1580 407 1629 quod
434 1582 472 1619 in
507 1582 689 1620 veteribus
721 1581 937 1631 quibusdam
960 1595 968 1619 :
1008 1587 1080 1618 Nec
1106 1578 1196 1617 mihi
1224 1579 1352 1629 Pyrino

293 1630 446 1679 subeunt
475 1632 641 1681 Asnaisve
671 1632 812 1669 Puellae
832 1660 843 1677 ,
880 1644 992 1682 quam
1017 1632 1222 1670 leettonem
1239 1631 1352 1669 etiam

301 1681 449 1729 Ignatio
467 1683 591 1720 nostro
606 1683 832 1732 jampridem
844 1681 1015 1731 placuisse
1028 1682 1152 1720 video.
1166 1682 1353 1719 NAUGER.

302 1732 432 1770 Locus
454 1742 643 1783 corruptus
664 1734 725 1772 est.
764 1733 863 1771 varie
890 1742 1016 1772 autem
1043 1734 1190 1783 legitur.
1216 1733 1356 1771 Domi-

299 1783 372 1821 tius
395 1783 504 1832 legit:

354 1839 429 1871 Nec
448 1834 537 1871 mihi
558 1835 708 1872 Pierides
717 1836 870 1884 subeunt
889 1836 1115 1886 Dryadesque
1131 1833 1294 1880 Puellae,

408 1891 481 1922 Nec
498 1899 551 1922 me
570 1885 796 1935 Thespiadum
818 1896 926 1923 cetera
945 1886 1049 1923 turba
1062 1887 1185 1936 juvat.

304 1934 378 1974 Sed
407 1936 500 1974 haec
529 1949 550 1975 a
581 1936 698 1976 doetis
737 1938 898 1976 omnino
930 1938 1103 1987 rejicitur.
1140 1938 1180 1975 in
1208 1936 1354 1978 Aldinis

303 1987 355 2026 ita
376 1987 530 2037 legitur:

358 2043 431 2075 Nec
449 2052 503 2076 me
523 2038 754 2088 Pyrrhiades,
784 2039 1134 2091 Methymniadesque
1146 2039 1304 2090 puellae,

409 2097 482 2127 Nec
501 2103 555 2127 me
574 2091 781 2128 Lesbiadum
802 2101 912 2128 cetera
931 2089 1035 2127 turba
1048 2093 1172 2140 juvat.

305 2142 417 2190 Quae
443 2141 553 2180 lestio
580 2144 763 2180 rationem
784 2143 944 2192 aliquam
963 2142 1084 2180 habet.
1112 2154 1199 2179 nam
1219 2141 1355 2190 Pyrrha

306 2194 348 2230 δε
376 2193 600 2241 Methymna
630 2194 794 2231 civitates
827 2194 938 2231 Lesbi
972 2193 1061 2230 sunt.
1101 2194 1139 2230 &
1167 2192 1213 2229 ad
1240 2201 1357 2239 partes

305 2242 383 2280 five
411 2244 545 2292 species
572 2252 656 2292 apte
681 2256 795 2293 genus
816 2245 931 2292 ipsum
954 2242 1171 2289 ἐπιλογικῶς
1192 2243 1358 2281 infertur.

307 2294 647 2342 Quemadmodum
668 2295 782 2333 rursus
803 2295 969 2344 sequenti
987 2294 1140 2332 disticho
1161 2294 1296 2343 species
1316 2306 1358 2332 ac

305 2346 456 2394 propria
486 2346 641 2384 nomina
667 2346 744 2394 post
774 2345 956 2395 generalia
986 2357 1027 2382 ac
1058 2346 1171 2393 patria
1195 2345 1361 2382 inferun-

306 2404 378 2434 tur.
414 2408 509 2446 quae
539 2409 592 2435 res
620 2397 732 2435 etiam
762 2397 834 2446 ipsa
862 2396 907 2433 ad
934 2396 1227 2444 probabilitatem
1254 2396 1361 2444 hujus

307 2446 480 2485 leetionis
504 2449 622 2486 facere
645 2447 775 2498 potest.
804 2447 865 2486 sed
893 2448 954 2484 hic
975 2446 1189 2496 quibusdam
1216 2446 1362 2495 scrupu-

307 2497 388 2536 lum
418 2499 548 2548 objicit
570 2528 580 2544 ,
616 2499 722 2549 quod
747 2511 766 2536 a
795 2499 931 2549 Pyrrha
961 2500 999 2535 ὃς
1032 2498 1256 2547 Methymna
1284 2510 1362 2535 non

309 2549 447 2588 eodem
468 2550 586 2588 modo
606 2550 774 2599 Pyrrhias
794 2551 832 2587 &
851 2549 1094 2598 Methymnias
1112 2577 1122 2593 ,
1159 2558 1199 2586 ut
1227 2560 1246 2585 a
1273 2549 1364 2586 Les-

309 2600 413 2645 bius,
444 2601 579 2638 Lesbias
608 2601 742 2639 deduci
767 2601 897 2650 potest.
926 2602 1024 2638 Nam
1052 2600 1096 2638 ab
1117 2600 1184 2638 illis
1204 2598 1364 2647 poll'effi-

310 2661 358 2688 va
377 2653 414 2689 in
434 2665 514 2688 aeus
527 2681 536 2697 ‚
559 2660 598 2691 ut
618 2665 637 2690 a
663 2653 792 2690 ceteris
811 2652 1000 2690 femininis
1023 2652 1061 2690 in
1081 2665 1102 2687 a
1115 2680 1124 2696 ‚
1143 2663 1221 2688 non
1252 2651 1289 2688 in
1311 2651 1365 2688 ius

310 2701 529 2741 formantur.
576 2703 675 2742 unde
713 2703 949 2752 Pyrrhaeades
979 2704 1018 2740 &
1054 2702 1365 2751 Methymnaeades

312 2750 513 2792 dicendum
553 2756 667 2804 magis
703 2756 812 2793 foret.
849 2753 1010 2792 Proinde
1041 2754 1154 2792 iidem
1185 2753 1236 2790 illi
1270 2755 1364 2792 anti-

312 2804 486 2851 quiorem
515 2807 700 2854 quandam
725 2833 736 2851 ,
776 2813 816 2845 ut
842 2805 907 2854 ipsi
934 2803 1091 2843 afferunt
1111 2834 1121 2850 ‚
1159 2804 1362 2843 leetioncm

313 2854 539 2902 proferunt,
574 2857 776 2907 legumque
798 2887 808 2902 ,
850 2863 920 2894 Nec
949 2855 1038 2893 mihi
1062 2856 1191 2905 Pyrino
1211 2854 1363 2904 subeunt

314 2904 486 2950 Adnaisve
508 2906 652 2953 puellae.
680 2920 750 2946 (φτ.
778 2909 874 2946 hanc
894 2907 1098 2946 leetionem
1120 2906 1185 2956 ipfi
1203 2916 1364 2946 tuentur.

315 2957 427 3003 Quae
447 2963 573 2992 tamen
597 2958 633 2994 &
654 2958 724 3006 ips-a
742 2959 1031 2997 incommodum
1051 2959 1241 3009 quoddam
1260 2958 1365 2996 suum

314 3006 436 3045 habet.
466 3007 613 3055 Nempe
635 3008 737 3056 quod
765 3011 934 3057 generale
957 3022 1099 3047 nomen
1117 3010 1214 3054 ,five
1242 3008 1367 3047 ἐπιλο-

316 3057 571 3104 wscbu,stati1n
601 3059 678 3106 post
699 3060 760 3095 has
787 3060 874 3096 duas
898 3060 1065 3106 personas
1088 3061 1252 3096 infertur.
1281 3072 1367 3096 cum

315 3117 445 3147 tamen
474 3109 512 3146 in
552 3109 786 3158 sequentibus
824 3109 982 3145 versibus
1011 3110 1121 3146 etiarn
1153 3110 1244 3145 aliae
1275 3109 1368 3146 duae

317 3159 483 3209 ejusdem
512 3159 692 3197 societatis
720 3159 893 3208 personae
918 3158 1121 3207 singillatim
1156 3159 1367 3195 recensean-

317 3219 388 3248 tur.
418 3211 575 3248 Solitum
606 3220 729 3248 autem
762 3212 798 3247 ὃ(
833 3210 891 3248 vel
922 3221 1036 3258 genus
1063 3209 1278 3258 praecedere
1307 3210 1366 3247 vel

318 3262 453 3309 species
469 3290 478 3306 ‚
508 3263 544 3299 in
573 3262 783 3311 hujusmodi
806 3262 1109 3305 enumeratione,
1136 3273 1258 3309 neque
1277 3261 1365 3298 alte-

319 3324 404 3352 mm
421 3313 536 3353 altero
555 3312 710 3354 misceri.
737 3316 846 3363 Quae
861 3315 955 3354 ratio
976 3313 1062 3364 quia
1082 3314 1143 3352 hic
1169 3312 1366 3352 confundi·

2369 889 2446 947 At

1401 1024 1461 1056 tur
1475 1046 1485 1062 ,
1513 1015 1554 1055 fit
1578 1024 1619 1055 ut
1639 1028 1761 1068 neque
1780 1016 1869 1055 huic
1891 1015 2046 1054 leelioni
2068 1026 2134 1065 per
2153 1015 2282 1054 omnia
2294 1015 2453 1059 assentiri

1402 1069 1547 1118 poffim.
1574 1070 1698 1119 itaque
1727 1068 1774 1106 ad
1800 1069 2024 1117 superiorem
2055 1067 2171 1117 magis
2200 1068 2350 1106 inclinat
2376 1071 2454 1109 ani-

1403 1132 1498 1159 mus.
1524 1132 1648 1170 neque
1680 1132 1742 1158 me
1773 1119 2011 1159 derivationis
2042 1119 2233 1166 ἀνωμαλίαι
2252 1119 2347 1158 adeo
2371 1132 2458 1159 mo-

1403 1180 1488 1217 vet,
1516 1172 1620 1222 quod
1647 1171 1795 1210 videam
1827 1172 1864 1210 &
1896 1171 1964 1210 alia
1987 1171 2103 1210 multa
2128 1179 2298 1210 veterum
2327 1180 2456 1212 contra

1402 1223 1679 1273 Analogiam&
1699 1223 2041 1262 Grammaticorum
2069 1222 2209 1272 regulas
2232 1224 2332 1260 varie
2359 1224 2458 1262 usur-
2509 1247 2512 1250 -

1403 1283 1498 1324 pata.
1526 1274 1597 1312 sed*
1614 1284 1742 1313 tamen
1763 1303 1774 1320 ,
1809 1283 1850 1313 ut
1883 1275 2046 1320 monui,
2078 1275 2207 1312 locum
2240 1274 2359 1324 ipsum
2388 1287 2457 1324 pro

1406 1334 1580 1375 corrupto
1596 1338 1639 1364 ac
1654 1326 1766 1365 dubio
1786 1326 2040 1376 relinquimus.
2060 1325 2287 1363 Micrttus.
2316 1331 2389 1363 Nec
2406 1338 2461 1363 me

1406 1377 1617 1425 Pyrrhiades
1645 1389 1691 1415 ex
1723 1378 1787 1416 suo
1816 1377 1910 1415 libro
1938 1378 2082 1425 optime
2104 1377 2320 1426 Naugerius.
2349 1377 2461 1417 nostri

1407 1428 1553 1466 codices
1572 1429 1633 1466 hic
1651 1429 1895 1466 vehementer
1910 1429 2068 1466 turbant.
2093 1427 2307 1466 Hnmius.
2335 1429 2460 1478 Egna-

1405 1479 1476 1517 tius
1506 1480 1697 1518 Racemat.
1728 1492 1805 1529 cap.
1835 1492 1870 1517 2.
1908 1479 2069 1528 probat,
2107 1485 2178 1515 Nec
2209 1478 2299 1516 mihi
2331 1479 2460 1529 Pyrino

1399 1529 1552 1579 subeunt
1576 1530 1743 1581 Mnaisve
1760 1530 1906 1581 puellae.
1933 1538 1974 1569 ut
2003 1531 2042 1568 &
2070 1529 2310 1568 Bersmannus
2329 1532 2368 1569 δε
2388 1530 2464 1570 alii.

1407 1582 1563 1621 Parrhas.
1584 1589 1656 1620 Nec
1675 1582 1765 1619 mihi
1785 1581 1937 1620 Pierides
1951 1580 2104 1630 subeunt
2124 1581 2351 1632 Dryadesque
2362 1581 2462 1631 puel-
2525 1595 2527 1597 ’

1409 1632 1473 1670 lae.
1500 1641 1540 1670 ut
1567 1635 1607 1671 δε
1635 1633 1769 1671 Codex
1788 1633 1991 1670 Witstanus
2009 1631 2185 1676 habebat,
2214 1633 2253 1670 ὃς
2276 1634 2347 1671 alii.
2374 1632 2461 1671 vide

1411 1683 1451 1720 δε
1480 1684 1606 1720 Nicol.
1641 1683 1778 1719 Loens.
1808 1682 1916 1721 Misc.
1953 1694 2066 1720 V111.
2104 1693 2138 1731 3.
2164 1683 2290 1731 inepte
2321 1684 2460 1721 Domi-

1409 1733 1481 1770 tius
1508 1733 1666 1783 explicat
1694 1732 1866 1776 Pierides,
1893 1732 2059 1770 furorem
2089 1733 2314 1777 Poeticum,
2343 1739 2463 1781 Drya-

1412 1783 1500 1829 des,
1546 1784 1812 1823 relaxationem
1841 1783 1958 1821 animi
1994 1784 2030 1822 in
2069 1783 2201 1834 sylvis,
2234 1783 2463 1834 Thespiades,

1414 1846 1560 1874 amicas.

1467 1890 1522 1925 16.
1552 1886 1669 1924 Turba
1688 1884 1842 1936 juvat.]
1871 1885 2025 1931 Juvant
2053 1885 2190 1934 optimi
2217 1884 2365 1924 codices
2383 1914 2395 1931 ,
2423 1885 2464 1926 δε

1415 1936 1610 1976 editiones.

1467 1999 1522 2033 17.
1551 1987 1635 2025 Vilis
1652 1985 1921 2037 Amynthone.]
1952 1985 2105 2024 Reetior
2127 1985 2169 2025 fit
2187 1984 2334 2025 fortaffe
2356 1995 2464 2026 vetus

1409 2038 1522 2079 leestio
1536 2067 1546 2083 ,
1567 2038 1653 2076 vilis
1670 2039 1870 2076 Anaerorie.
1892 2039 2145 2075 NAuGEnms.
2174 2039 2251 2075 Cur
2274 2039 2466 2075 Anatforie

1411 2102 1488 2128 non
1510 2090 1605 2127 male
1625 2090 1663 2127 in
1685 2089 1904 2139 quibusdam
1929 2089 2117 2126 codicibus
2146 2088 2309 2136 legatur,
2338 2089 2468 2128 docuit

1413 2141 1666 2179 Bersmannus.
1717 2139 1821 2190 quod
1845 2168 1855 2185 ,
1893 2140 2071 2177 nimirum
2096 2167 2107 2184 ,
2153 2140 2249 2176 inter
2283 2147 2419 2178 ceteras
2446 2152 2467 2178 a

1415 2193 1588 2230 Maximo
1617 2191 1740 2241 Tyrio
1763 2220 1773 2236 ,
1811 2203 1831 2228 a
1862 2191 2058 2240 Sapphone
2088 2198 2225 2228 amat-as
2249 2218 2259 2234 ,
2298 2198 2468 2239 ponatur.

1415 2244 1521 2282 DAN.
1550 2244 1761 2281 Heinsius.
1792 2241 1876 2279 Vilis
1905 2241 2133 2291 Amythone,
2162 2240 2248 2277 vilis
2267 2240 2358 2279 mihi
2385 2255 2469 2278 can·

1417 2295 1501 2331 dida
1533 2294 1654 2344 Cydno
1682 2294 1899 2343 Naugerius.
1936 2302 1972 2331 at
2000 2294 2141 2341 primae
2169 2292 2351 2330 editiones
2382 2304 2468 2331 curn

1415 2346 1550 2396 scriptis
1572 2345 1786 2395 quibusdam
1802 2373 1812 2389 ,
1834 2344 1917 2381 Vzlis
1942 2343 2138 2381 Amatoria.
2166 2344 2227 2381 alii
2245 2343 2470 2389 Amintorie,

1420 2398 1478 2435 vel
1503 2397 1693 2434 Ametorie.
1722 2398 1827 2445 Lege
1855 2396 2044 2433 Anaezorie
2067 2407 2112 2432 ex
2133 2396 2309 2433 Maximo
2332 2395 2470 2444 Tyrio.

1419 2452 1557 2493 Piifiwx
1577 2476 1588 2492 ,
1625 2450 1685 2484 καὶ
1714 2448 1824 2489 Arete
1844 2475 1855 2492 ,
1894 2448 1957 2482 καῖ
1987 2444 2210 2492 'Amic-topia.
2238 2445 2342 2496 quod
2369 2445 2471 2484 Bers-

1419 2512 1574 2538 mannus
1597 2501 1678 2549 jam
1701 2499 1862 2538 monuit.
1889 2510 1957 2547 pro
1987 2498 2133 2547 Cydno,
2162 2497 2303 2546 scripti,
2332 2497 2471 2546 Cydro,

1419 2552 1553 2597 Credo,
1582 2551 1658 2588 Clio
1679 2579 1690 2595 ,
1726 2551 1764 2588 &
1796 2549 1937 2588 similia.
1973 2549 2012 2586 in
2040 2550 2129 2587 loco
2158 2556 2287 2586 tamen
2307 2549 2472 2588 Maximi

1421 2603 1532 2652 Tyrii
1575 2614 1642 2651 pro
1691 2604 1833 2646 Γύριννει
1874 2601 2011 2649 opinor
2048 2599 2278 2638 scribendum
2321 2594 2472 2643 Ἠριννοι,

1419 2653 1557 2691 Erinna
1588 2654 1687 2691 enim
1716 2653 1754 2690 δε
1777 2663 1915 2689 coaeva
1933 2651 2096 2699 Sapphus
2111 2679 2120 2694 ,
2150 2651 2188 2688 &
2212 2651 2256 2689 ab
2273 2650 2333 2688 illa
2351 2659 2473 2689 amata

1419 2717 1585 2754 quoque.
1614 2703 1661 2741 fic
1688 2702 1818 2741 Surdas
1851 2702 1889 2740 in
1921 2696 2068 2754 ’HWW-
2106 2701 2167 2739 sed
2193 2703 2233 2738 ὃς
2265 2701 2473 2740 Eustathius

1421 2757 1460 2794 in
1490 2756 1591 2793 Iliad.
1625 2755 1665 2792 B.
1696 2755 1742 2793 de
1773 2755 1909 2792 Erinna
1931 2780 1943 2797 ,
1983 2752 2085 2789 Ἠνδε
2113 2752 2240 2797 ἑταῖραι
2270 2752 2472 2799 Σαπφοῦς,

1421 2807 1485 2844 uz}
1511 2805 1733 2846 ἐτελεύτησε
1756 2806 1929 2851 πάρθενος.
1957 2803 2084 2842 Su'i‘das
2115 2815 2160 2841 ex
2185 2801 2312 2852 puellis
2342 2815 2363 2840 a
2387 2804 2475 2853 Sap-

1422 2859 1498 2909 pho
1524 2857 1700 2895 adamatis
1729 2866 1799 2895 tres
1828 2854 2021 2899 recenset,
2050 2853 2245 2892 Atthidem
2265 2883 2275 2899 ,
2305 2854 2474 2904 Telefip-

1421 2921 1533 2959 pani,
1564 2911 1777 2958 Megaram,
1805 2906 1901 2945 nulla
1929 2906 2119 2955 Gyrinnae
2142 2905 2338 2944 mentione
2368 2905 2474 2944 faeta.

1424 2961 1583 2998 Erinnae
1604 2969 1731 2998 tamen
1761 2959 1896 2996 mirum
1923 2968 1943 2994 a
1967 2957 2116 2994 Nasone
2135 2957 2370 2994 mentionem
2394 2968 2473 2994 non

1422 3011 1512 3050 fieri.
1539 3011 1599 3049 sed
1626 3011 1741 3048 multa
1767 3009 1812 3047 ad
1845 3009 2024 3046 Eretriam
2056 3008 2201 3057 Sappho
2225 3008 2444 3056 pertinentia
2460 3034 2472 3051 ‚

1423 3062 1468 3099 ad
1491 3063 1585 3099 hanc
1607 3060 1877 3110 Mitylenaeam
1910 3060 2124 3097 referuntur.
2155 3060 2254 3096 Nam
2278 3059 2381 3108 quod
2404 3058 2474 3096 Di-

1424 3113 1541 3159 philus
1555 3112 1592 3149 in
1607 3111 1818 3150 Comoedia
1838 3124 1857 3148 a
1878 3111 1911 3149 se
1931 3110 2022 3148 faeta
2035 3110 2302 3148 Archilochum
2326 3110 2364 3146 &
2378 3109 2475 3156 Hip·
2526 3132 2542 3138 κ-

1422 3163 1644 3211 ponac’rem,
1673 3171 1865 3211 tamquam
1898 3171 2079 3199 amatores
2113 3160 2276 3210 Sapphus
2303 3159 2471 3204 induxit,
2525 3183 2527 3197 .'

1420 3225 1487 3261 pro
1506 3213 1583 3251 lusu
1605 3214 1742 3262 ingenii
1760 3214 1975 3251 lascivientis
1990 3214 2039 3250 est
2059 3211 2291 3253 habendum,
2306 3218 2345 3247 ut
2359 3211 2474 3247 Athe·
2524 3237 2526 3243 ,

1420 3276 1532 3301 naeus
1556 3265 1635 3313 jam
1674 3265 1891 3302 observavit.
1932 3264 2058 3301 Multo
2099 3265 2220 3301 minus
2248 3259 2471 3306 verisimile,

1420 3323 1582 3355 amatam
1610 3316 1756 3366 Sappho
1780 3316 1824 3355 ab
1844 3315 2085 3355 Anacreonte
2104 3341 2117 3361 ,
2155 3313 2219 3363 qui
2241 3311 2472 3360 undeviginti

2388 3361 2474 3400 totis
2522 3360 2524 3362 ’
