2553 3676
201 224 303 289 836

659 210 719 267 P.
795 203 1208 265 OVIDII
1280 203 1810 268 NASONIS

491 305 667 370 Felix,
703 303 910 360 secreto
932 317 1068 374 quae
1089 309 1210 355 nata
1232 297 1306 353 est
1329 299 1485 356 arbor
1509 302 1566 356 in
1589 321 1743 367 αγγος

566 378 642 434 Et
665 377 761 433 soli
786 375 1011 431 domino
1035 372 1178 429 ferre
1202 371 1400 427 tributa
1423 375 1624 445 potest!

489 453 618 509 Non
645 449 926 505 hominurn
950 446 1194 517 strepitus
1221 444 1399 507 audit,
1438 462 1550 500 non
1585 448 1668 501 illa
1692 460 1957 505 rotarum:

385 544 452 597 90
561 525 689 580 Non
715 526 744 578 a
767 521 943 578 vicina
965 517 1332 592 pulverulenta
1355 516 1437 569 via
1469 517 1558 571 est.

491 599 579 654 Ina
603 597 723 661 sUO,
759 607 1128 668 quaecumque
1156 587 1308 648 tulit,
1349 587 1477 642 dare
1505 588 1648 643 dona
1675 593 1902 659 colono,
1925 601 1930 609 “

564 669 638 724 Et
662 672 849 741 plenos
874 663 1072 718 fruetus
1100 659 1454 715 adnumerare
1481 662 1669 733 potest,

490 745 570 798 At
596 742 727 797 mihi
753 751 988 792 maturos
1014 750 1308 806 numquam
1332 734 1459 788 licet
1486 735 1651 789 edere
1679 735 1888 801 foetus3

572 817 718 868 Ante
744 810 1001 881 diemque
1026 824 1179 861 meae
1214 805 1564 862 decutiuntur
1590 826 1735 881 opeS.

377 909 442 962 95
483 886 708 941 Lamina
731 882 906 936 mollis
934 880 1109 934 adhuc
1140 892 1331 934 tenero
1360 880 1491 935 dum
1516 881 1677 945 istie,
1715 883 1867 957 quod
1892 883 2035 940 intro
2064 890 2167 954 est;

563 958 682 1015 Nec
706 955 840 1009 mala
864 954 982 1008 sunt
1009 953 1103 1006 ulli
1127 951 1301 1006 nostra
1327 953 1505 1008 futura
1529 954 1701 1009 bono:

477 1032 595 1101 Jam
620 1044 800 1083 tamen
824 1025 1090 1088 invenias,
1127 1025 1222 1097 qui
1248 1043 1336 1080 me
1357 1026 1687 1098 jaculentur,
1727 1027 1782 1083 &
1804 1027 1912 1086 ifiu

553 1100 936 1158 Praefestinato
967 1115 1160 1154 munus
1184 1097 1340 1154 inane
1364 1113 1565 1173 petant.

196 1294 292 1338 facin
318 1293 404 1331 'nam
426 1292 546 1343 Virgo
559 1290 794 1341 scribendam.
848 1295 902 1327 Ne
918 1299 1036 1328 autem
1060 1302 1132 1327 una
1151 1288 1246 1327 chor-

196 1347 243 1382 da
282 1345 414 1381 aberret
439 1343 593 1393 puellam
620 1351 722 1392 puero
736 1340 929 1391 subjungit.
983 1341 1152 1389 Ciofanus
1191 1339 1246 1376 hic

195 1395 289 1432 nihil
308 1395 505 1444 expedivit,
550 1406 608 1430 nec
637 1392 702 1430 alii
728 1393 936 1441 interpretes.
972 1391 1033 1430 sed
1062 1403 1139 1430 non
1165 1402 1248 1439 per—

194 1445 298 1484 suafit
319 1445 506 1484 Sentlebio
525 1444 713 1490 Barthius,
739 1444 803 1492 qui
829 1443 939 1491 legit:

669 1497 772 1544 Qae
792 1492 941 1542 constitit
957 1493 1056 1530 intra

247 1549 343 1596 Qot
363 1547 476 1597 tetigit
494 1547 636 1596 virgas,
664 1556 716 1583 tot
737 1545 825 1595 capit
845 1545 926 1582 inde
947 1557 1058 1581 nuces.
1102 1593 1107 1599 ¹

194 1596 243 1635 Et
262 1599 311 1635 ita
331 1599 499 1647 explicat.
526 1599 636 1636 Delta
654 1597 883 1634 Graecorum
901 1594 1109 1644 triangulari
1122 1594 1243 1631 forma

194 1647 435 1696 pingebatur,
470 1648 582 1699 idque
613 1647 778 1698 gradibus
809 1647 972 1686 invicem
1003 1644 1244 1694 distingueba-

197 1709 280 1744 tur,
305 1700 344 1738 in
362 1700 461 1741 hunc
480 1699 659 1741 modum:

336 1872 1042 2194 ἑ.

198 2450 438 2491 Colludentes
458 2463 545 2502 ergo
566 2453 670 2502 pueri
688 2451 817 2502 procul
836 2453 964 2491 stantes
984 2463 1095 2491 nuces
1124 2453 1245 2503 singul

194 2501 243 2554 las
262 2502 300 2538 in
324 2503 509 2542 Deltoton
528 2505 743 2549 mittebant,
772 2505 810 2542 ὅ(
837 2504 1087 2553 cujuscunque
1109 2516 1185 2541 nux
1205 2506 1244 2542 in

194 2551 258 2588 illo
280 2552 463 2593 schemate
485 2554 719 2599 consistebat,
748 2562 805 2593 tot
815 2555 1018 2592 lucrabatur
1030 2566 1141 2592 nuces
1151 2562 1245 2603 quot

194 2604 364 2650 tangebat
383 2607 500 2655 virgas
513 2633 523 2650 ‚
552 2605 613 2643 seu
631 2606 766 2650 lineas,
794 2605 817 2642 fi
834 2617 922 2643 vero
946 2617 1020 2642 nux
1039 2602 1141 2642 missa
1153 2605 1245 2642 Del-

195 2658 279 2705 toto
310 2656 452 2701 penitus
473 2655 697 2705 emigraffet,
736 2656 856 2693 miffio
885 2656 945 2693 ista
963 2663 1038 2693 erat
1056 2656 1176 2700 irrita,
1204 2656 1243 2693 ὃς

198 2701 286 2754 alius
310 2715 353 2740 ex
373 2705 476 2745 sociis
497 2707 767 2745 admittebatur.
794 2706 914 2749 reete,
941 2715 983 2743 ut
1000 2714 1112 2754 put0,
1141 2706 1245 2743 Sent-

195 2749 337 2805 lebiu5‚
364 2759 425 2803 qui
443 2758 584 2795 uberius
595 2758 837 2799 hunclocum
859 2756 1025 2794 illustrat:
1055 2767 1141 2793 nam
1169 2770 1246 2792 con-

191 2800 304 2849 sistere
321 2816 395 2841 nux
420 2806 547 2845 dicitur
563 2836 572 2852 ,
592 2820 687 2857 quae
707 2807 727 2845 ὲ
747 2820 861 2845 manu
888 2805 1011 2844 emissa
1032 2807 1071 2843 &
1098 2808 1247 2844 evoluta

195 2852 399 2899 quiescit&
420 2857 560 2895 cursum
578 2859 681 2903 finit,
709 2867 749 2897 ut
767 2858 896 2897 millies
917 2870 958 2896 ea
977 2868 1053 2895 vox
1074 2858 1245 2896 occurrit.

198 2911 239 2939 ut
259 2915 321 2941 111.
342 2905 475 2944 Amor.
503 2919 536 2953 4.

250 2965 411 3014 Constitit
433 2978 472 3004 ut
486 2968 643 3018 primum
663 2973 818 3020 conceffizs
831 2972 934 3022 finfit
961 2972 1123 3011 habenas.

197 3015 302 3053 Curt.
336 3029 427 3055 V111.
456 3031 491 3064 4.
540 3026 609 3056 Nec
632 3024 786 3070 progredi
814 3037 871 3059 nec
891 3022 1055 3072 consistere
1081 3023 1244 3061 audebat.

197 3065 283 3103 lust.
304 3079 381 3104 xm.
401 3080 433 3117 3.
462 3074 564 3117 Super
582 3071 657 3107 illos
676 3072 746 3116 ire,
775 3072 949 3120 conststere.
977 3074 1244 3112 Petromxrvr.

197 3129 256 3152 nec
287 3130 353 3152 uno
382 3117 448 3154 loco
467 3119 620 3168 consistit.
653 3122 715 3159 ubi
749 3123 830 3160 vide
858 3135 952 3172 quae
980 3132 1176 3168 notamus,
1206 3124 1244 3160 &

197 3166 243 3205 ad
260 3167 417 3206 Metam.
438 3169 569 3208 v.28o.
597 3170 713 3220 poffet
737 3182 860 3210 tamen
883 3175 920 3210 ὃς
938 3174 1030 3222 legi:

693 3224 768 3271 ἕλιξί
792 3223 925 3272 conjicit
949 3225 1065 3268 intus,

249 3270 345 3316 Qut
366 3271 481 3319 tetigit
504 3271 644 3321 virgas,
675 3284 723 3309 tot
742 3274 831 3323 capit
853 3274 932 3310 inde
952 3288 1061 3311 nuces.

202 3315 245 3354 ln
266 3321 512 3363 Ainbrofiano
536 3325 647 3365 ctiam
668 3324 819 3375 legitur,
840 3335 889 3364 tot
910 3325 1000 3375 rapit
1011 3340 1022 3370 3
1038 3326 1219 3377 eleganter
1233 3354 1245 3374 ,

2291 1184 2346 1239 Si

1303 1292 1343 1330 δε
1370 1292 1471 1342 quod
1498 1305 1698 1344 puerorum
1727 1293 1937 1334 ludentium
1966 1294 2181 1336 aviditatem
2204 1299 2347 1347 optime

1303 1346 1488 1392 exprimit.
1542 1346 1806 1384 Rumpimus.

1353 1394 1413 1444 85.
1443 1401 1508 1433 Vas
1526 1397 1685 1448 quoque]
1716 1398 1775 1435 Sic
1795 1396 1816 1434 a
1836 1397 2053 1447 quibusdam
2068 1400 2106 1437 &
2123 1399 2240 1437 nostra
2253 1402 2349 1438 tem-⁷

1299 1445 1435 1492 pestate
1452 1446 1528 1484 ludi
1547 1448 1736 1486 videmus:
1766 1448 1873 1486 Alter
1893 1450 1992 1487 enim
2011 1462 2211 1498 puerorum
2224 1451 2350 1490 vascu-

1295 1494 1375 1533 lum
1407 1497 1579 1547 aliquod,
1614 1506 1656 1536 ut
1688 1499 1852 1547 pelvim,
1888 1501 2026 1547 ponit,
2055 1501 2095 1538 δε
2119 1512 2204 1538 cum
2234 1502 2349 1540 altero

1298 1550 1501 1586 convenit:
1530 1555 1570 1586 ut
1589 1557 1682 1598 quot
1701 1549 1761 1586 ille
1780 1551 1909 1597 procul
1935 1551 2026 1586 stans
2047 1551 2083 1586 in
2114 1551 2253 1598 pelvim
2281 1563 2351 1588 nu-

1300 1608 1358 1635 ces
1379 1598 1536 1642 miserit,
1562 1598 1811 1637 totlucretur:
1840 1609 2085 1647 quaecunque
2105 1607 2231 1637 autem
2252 1610 2353 1640 extra

1299 1649 1439 1697 pelvim
1463 1649 1685 1693 ceciderint,
1710 1650 1936 1688 amittantur.
1965 1649 2145 1687 Mimos.
2171 1650 2352 1691 Meminit

1300 1700 1363 1749 huj
1371 1712 1409 1739 us
1427 1700 1520 1739 lusus
1541 1702 1580 1739 ὅτ.
1598 1701 1734 1739 Persius
1748 1728 1758 1746 ,
1794 1704 1841 1736 Et
1859 1699 2019 1749 angustae
2041 1700 2121 1736 collo
2149 1713 2217 1738 non
2225 1702 2354 1750 fallier

1302 1764 1407 1788 orcae.
1435 1752 1575 1801 Singuli
1593 1753 1697 1801 pueri
1718 1751 1911 1802 deponunt
1933 1762 2046 1790 nuces
2067 1752 2209 1802 aliquot
2228 1754 2266 1790 in
2291 1760 2354 1791 ομ·

1302 1813 1385 1840 cam
1399 1831 1410 1848 ,
1439 1803 1476 1841 id
1496 1803 1545 1841 est
1564 1803 1659 1842 ollae
1681 1814 1817 1855 genus:
1846 1802 1980 1841 deinde
2001 1813 2047 1840 ex
2066 1803 2258 1841 intervallo
2281 1803 2352 1842 fin-

1300 1854 1377 1902 guli
1399 1865 1463 1903 per
1482 1856 1580 1893 vices
1602 1863 1732 1904 petunt
1753 1866 1794 1893 os
1816 1854 1926 1892 ollae:
1961 1854 2026 1903 qui
2043 1853 2137 1892 solus
2155 1882 2165 1897 ,
2198 1863 2260 1892 aut
2281 1856 2353 1902 fre->

1300 1906 1472 1953 quentius
1491 1906 1705 1952 immiserit,
1732 1906 1850 1944 aufert
1869 1917 2001 1943 omnes
2013 1916 2136 1943 nuces.
2148 1905 2351 1944 ERASMUS.

1299 1954 1390 1994 Vid.
1421 1956 1580 1995 Sentleb.
1607 1969 1683 2006 cap.
1703 1969 1784 1996 x1v.
1812 1956 1875 2006 qui
1893 1955 2004 1993 Persii
2023 1955 2148 1994 locum
2170 1968 2215 1993 ex
2235 1957 2353 2006 Satyr.

1299 2017 1363 2043 111.
1389 2007 1462 2045 huc
1483 2008 1579 2045 male
1598 2007 1771 2046 advocari
1801 2006 2004 2045 contendit.
2031 2006 2200 2057 quamvis
2235 2007 2351 2045 schot

1299 2056 1412 2095 liastes
1435 2058 1565 2103 Perfii,
1593 2059 1756 2108 quisquis
1781 2058 1840 2096 ille
1858 2057 1924 2101 sit,
1953 2058 2026 2095 huc
2057 2058 2199 2095 referat.
2227 2057 2287 2094 sed
2306 2057 2352 2096 ad

1300 2106 1485 2147 Talorum
1504 2108 1646 2158 jactum
1664 2109 1713 2147 est
1738 2107 1949 2146 referendus
1973 2134 1983 2152 ‚
2021 2115 2062 2145 ut
2087 2107 2188 2145 idem
2211 2107 2354 2156 Sentle-¹

1301 2157 1378 2196 bius
1400 2159 1445 2197 de
1465 2161 1542 2198 alea
1562 2171 1640 2208 cap.
1659 2172 1730 2197 xxx.
1750 2159 1929 2208 probavit.

1300 2259 1320 2296 s
1353 2209 1413 2256 87.
1442 2216 1484 2247 In
1509 2210 1627 2260 agra]
1658 2217 1698 2247 In
1722 2223 1810 2247 arvo
1839 2208 1937 2248 Edit.
1967 2210 2086 2259 prima
2112 2209 2153 2248 &
2181 2210 2352 2249 meliores

1317 2271 1364 2298 cri
1394 2269 1432 2298 ti.

1355 2273 1416 2351 8p8.
1441 2315 1488 2348 Et
1498 2311 1565 2361 sbli
1583 2312 1759 2363 domino.]
1789 2315 1890 2361 Qae
1899 2310 1968 2360 fidi
1987 2311 2124 2348 domino
2152 2310 2348 2351 Palatinus.

1355 2374 1416 2410 90.
1445 2367 1525 2398 Non
1538 2375 1560 2398 a
1579 2363 1708 2400 vicina.
1726 2363 1742 2411 ]
1773 2369 1853 2398 Non
1873 2361 1916 2407 est
1932 2360 2053 2396 vicina
2072 2361 2135 2396 via
2155 2360 2231 2398 duo
2258 2362 2350 2401 libri.

1305 2424 1374 2451 non
1387 2411 1454 2462 fibi
1470 2412 1590 2449 vicina
1606 2411 1853 2462 pulverulenta
1869 2411 1933 2446 via
1960 2409 2119 2458 Regius,
2147 2412 2252 2461 quod
2271 2425 2370 2451 non.

1303 2462 1511 2512 displicebat
1530 2462 1701 2500 Heinsio.

1353 2526 1417 2561 91.-
1442 2519 1538 2550 Dare
1576 2514 1666 2549 dona
1693 2511 1840 2561 colona]
1876 2511 2045 2549 Emenda
2075 2524 2120 2550 ex
2146 2512 2208 2550 lib.
2240 2514 2347 2551 Maff.

1301 2565 1395 2614 qui,
1433 2572 1474 2602 ut
1500 2564 1608 2610 dixi,
1647 2564 1715 2603 fuit
1742 2562 1845 2601 Pauli
1875 2561 2001 2601 Marfii
2034 2575 2042 2599 :
2087 2572 2191 2612 poma
2226 2564 2347 2604 colono.
2366 2561 2382 2575 ‘⁴

1302 2616 1521 2653 CroFANus.

1352 2680 1411 2715 92.
1440 2672 1487 2703 Et
1498 2667 1615 2716 plenos
1632 2667 1772 2713 frustm
1788 2679 2020 2704 annumerare
2031 2666 2174 2716 potest]
2199 2667 2349 2716 ProprIe

1302 2718 1381 2756 usus
1401 2717 1448 2755 est
1465 2718 1579 2756 verbo
1597 2717 1870 2755 annumerandi.
1922 2718 2039 2756 IDEM.

1353 2780 1413 2818 93.
1443 2774 1497 2804 At
1524 2768 1612 2806 mihi
1646 2767 1838 2817 maturos.]
1875 2768 2006 2806 Rursus
2037 2768 2351 2817 manuscriptum;

1302 2825 1360 2856 At
1381 2819 1470 2856 mihi
1497 2830 1679 2856 maternos.
1698 2818 1802 2868 quod
1822 2819 2007 2868 sequentia
2027 2818 2231 2862 declarant,
2268 2831 2347 2857 non

1302 2870 1408 2918 plane
1439 2868 1509 2907 effe
1549 2872 1729 2919 ineptum.
1777 2881 1863 2907 nam
1895 2869 1939 2908 ad
1977 2869 2118 2907 arbores
2164 2870 2347 2909 transferri

1302 2920 1421 2958 modo
1448 2921 1618 2958 diximus.
1657 2920 1887 2958 FAssmans.

1353 2983 1411 3019 94.
1439 2971 1881 3020 12ercutiuntur.]Re6tius
1899 2972 1936 3008 in
1958 2970 2205 3020 manuscriptis
2218 2974 2348 3009 exem4
2368 3016 2371 3018 μ

1301 3022 1454 3070 plaribus
1478 3021 1628 3070 legitur,
1668 3021 1902 3060 decutiuntur.
1938 3022 2116 3060 Mxmus.
2152 3022 2344 3059 Decutiun-

1302 3082 1361 3108 tur
1398 3073 1444 3110 est
1474 3073 1633 3121 genuina
1654 3070 1766 3108 Iecffio
1793 3070 1812 3109 e
1849 3073 2032 3110 veteribus
2065 3072 2342 3121 exemplaribus.

1302 3123 1520 3160 Cromnos.
1574 3127 1671 3158 Ante
1701 3122 1791 3159 diem
1830 3124 1960 3171 nostrae
1987 3123 2198 3172 dejiciantur
2229 3122 2345 3161 editio

1300 3174 1414 3221 prima
1436 3175 1474 3210 δε
1492 3173 1567 3210 duo
1591 3173 1718 3220 scripti.

1356 3236 1415 3272 95.
1446 3229 1568 3260 Tenero
1592 3223 1688 3269 estin
1710 3223 1796 3261 lane
1816 3224 1905 3275 quod
1923 3224 2019 3261 intra
2041 3224 2120 3275 effi]
2155 3230 2278 3262 Tenero
2308 3226 2349 3262 de

1303 3274 1393 3310 lae‘t'e
1424 3274 1514 3322 quod
1532 3274 1624 3310 intro
1654 3273 1697 3320 est
1733 3275 1967 3313 Oxonienfis.
2003 3286 2096 3312 tener
2123 3287 2166 3315 Θ*
2198 3276 2238 3312 de
2262 3276 2349 3311 lafft'e

1301 3325 1391 3374 qaod
1416 3325 1508 3365 intro
1531 3325 1574 3378 est
1611 3325 1887 3378 Neapolitanus.
1933 3336 2046 3364 tenero
2075 3326 2115 3364 de
2145 3326 2232 3364 lane
2260 3323 2350 3379 quod

2254 3384 2350 3413 intus
