2553 3676
774 203 834 260 P.
909 200 1326 260 ov1D11
1397 181 1928 258 NASONIS

571 301 727 354 Alter
750 298 1025 354 habendus
1050 314 1200 350 amor
1223 295 1321 349 tibi
1345 294 1528 359 restat,
1567 294 1622 349 δε
1646 295 1806 350 altera
1828 295 2008 351 Dido:

643 373 930 444 Quamque
955 371 1151 423 iterum
1174 367 1341 430 fallas,
1379 369 1541 422 altera
1565 367 1737 421 danda
1760 369 1908 423 fides,

567 445 804 518 Quando
830 443 959 506 erit,
997 454 1056 495 ut
1083 441 1280 496 condas
1306 439 1461 494 instar
1485 439 1820 510 Carthaginis
1843 441 2059 505 urbem,

457 537 525 572 20
636 516 709 571 Et
733 516 913 570 videas
938 516 1164 587 populos
1188 514 1320 566 altus
1345 511 1408 564 ab
1432 530 1553 565 arce
1579 513 1731 565 tuos?

569 589 765 644 Omnia
789 603 848 642 ut
875 588 1120 642 eveniant
1138 627 1152 649 ,
1187 603 1286 639 nec
1313 596 1366 636 te
1391 596 1479 637 tua
1500 596 1626 637 vota
1649 597 1960 649 morentur3

643 661 803 716 Unde
828 661 952 723 tibi,
990 678 1126 732 quae
1151 673 1204 711 te
1230 655 1296 709 fic
1321 669 1491 720 amet,
1526 674 1665 710 uxor
1690 656 1822 709 erit?

568 735 742 798 Uror,
781 749 838 787 ut
866 732 1088 785 inducto
1116 744 1323 783 ceratae
1347 728 1543 782 sulfure
1569 728 1783 783 taedae:

639 807 716 860 Ut
741 808 825 878 pia
849 804 1063 858 fumosis
1089 802 1269 856 addita
1292 815 1409 855 tura
1432 801 1582 856 focis,

461 902 492 932 2
502 899 529 949 5
569 881 780 935 Aeneas
806 877 972 932 oeulis
998 876 1203 948 semper
1229 874 1492 945 vigilantis
1517 874 1787 930 inhaeret:

645 955 869 1006 Aenean
892 950 1070 1004 animo
1094 965 1314 1020 noxque
1339 946 1559 1020 diesque
1583 948 1764 1003 refert.

570 1027 659 1080 Ille
685 1024 907 1099 quidem
931 1023 1065 1076 male
1091 1034 1294 1092 gratim,
1335 1019 1390 1072 δε
1413 1020 1480 1074 ad
1504 1038 1621 1074 mea
1644 1039 1865 1077 munera
1889 1023 2106 1088 surdus3

645 1098 717 1152 Et
742 1116 879 1170 quO,
918 1096 955 1150 fi
977 1113 1088 1149 non
1112 1093 1205 1148 fim
1229 1093 1407 1156 stulta,
1446 1112 1627 1148 carere
1651 1096 1837 1150 velim:

571 1172 698 1226 Non
725 1186 903 1223 tamen
926 1170 1177 1230 Aenean,
1215 1166 1454 1240 quamvis
1480 1167 1616 1221 male
1640 1167 1871 1239 cogitat,
1908 1169 2029 1224 odi:

465 1262 531 1306 30

645 1242 751 1296 Sed
776 1259 975 1315 queror
998 1240 1249 1302 infidum,
1286 1238 1573 1313 questaque
1597 1240 1743 1311 pejus
1766 1260 1904 1296 amo.

574 1316 743 1370 Parce
768 1315 956 1370 Venus
979 1313 1164 1376 nurui,
1202 1312 1505 1384 durumque
1528 1312 1846 1384 amplectere
1870 1315 2119 1379 fratrem,

648 1387 833 1443 frater
857 1388 1059 1441 Amor:
1099 1385 1273 1440 castris
1297 1385 1489 1440 militet
1512 1384 1599 1440 ille
1622 1385 1741 1440 tuis,

337 1579 393 1617 18.
422 1580 571 1629 Qaque
590 1578 718 1615 iterum
730 1577 882 1627 fallas.]
909 1576 1026 1615 Recie
1048 1575 1167 1625 scr1pti
1186 1575 1327 1624 Qum-

277 1630 357 1679 'que.
386 1629 515 1665 Fallere
527 1629 647 1676 fidem.
673 1630 765 1666 nihil
783 1630 897 1677 magis
920 1628 1075 1665 obvium
1093 1626 1190 1675 apud
1207 1627 1326 1663 bonos

281 1680 461 1717 anaores.
489 1679 616 1716 Senec.
645 1691 706 1715 111.
738 1679 783 1716 de
811 1679 939 1716 Benef.
969 1690 999 1715 c.
1023 1691 1076 1727 15.
1106 1683 1161 1712 Ita
1180 1690 1247 1713 non
1268 1676 1328 1712 ho-

279 1729 406 1776 nestius
424 1739 498 1765 erat
515 1742 537 1765 a
557 1729 765 1780 quibusdam
778 1728 888 1776 fidem
898 1728 1007 1776 falli,
1028 1741 1135 1778 quam
1153 1727 1197 1763 ab
1216 1726 1329 1763 omni-

282 1777 346 1814 bus
358 1779 540 1828 perfidiam
564 1780 691 1815 timeri.
717 1780 831 1826 JCtus
846 1784 987 1816 :Grave
1012 1778 1055 1826 est
1066 1778 1176 1825 fidem
1186 1776 1328 1823 fallere,

282 1842 391 1878 qnam
405 1829 544 1877 servari
562 1840 691 1865 natura
711 1843 860 1878 aequum
881 1828 935 1876 est.
951 1829 1040 1865 Fast.
1069 1840 1124 1866 xv·
1154 1839 1238 1873 227.
1268 1826 1329 1863 Ille

274 1878 387 1926 fidem
400 1877 495 1927 juffis
513 1879 607 1915 dedit
621 1908 628 1922 ‚
641 1891 684 1918 (φ
693 1878 727 1928 st
744 1880 896 1915 mentiar
913 1879 1031 1930 inquit
1043 1906 1053 1922 ‚
1068 1878 1201 1915 Ultima
1221 1891 1329 1930 quam

275 1928 433 1975 fallam,
455 1927 504 1978 fit
526 1936 633 1966 Venus
653 1929 716 1966 illa
735 1929 836 1968 mihi.
865 1930 1075 1967 HEstms.

338 1991 399 2017 21.
425 1980 555 2016 Omnia
574 1978 608 2029 fi
631 1979 817 2030 veniant]
847 1987 889 2017 Ut
917 1980 1084 2017 eveniant
1113 1980 1264 2030 quidam
1284 1992 1329 2018 ex

283 2031 520 2075 melioribus,
541 2032 653 2068 etiam
675 2032 876 2069 Puteaneus
899 2029 919 2068 a
940 2043 1053 2069 manu
1073 2031 1201 2080 prima.
1218 2031 1330 2069 reae.

284 2081 351 2129 qui
371 2093 470 2118 error
490 2093 534 2118 ex
553 2081 702 2119 elilione
732 2082 919 2120 vocalium
948 2082 1133 2130 profluxit.
1160 2082 1207 2118 fic
1233 2080 1329 2130 apud

282 2131 492 2169 Phaedrum
521 2132 570 2171 lib
617 2145 647 2169 1.
679 2132 762 2170 Feb.
797 2145 853 2170 11.
882 2134 1004 2181 Majus
1035 2146 1075 2168 ne
1101 2132 1223 2168 veniat
1252 2144 1330 2167 ma-

286 2181 362 2218 lum
377 2210 386 2225 ‚
416 2194 483 2230 pro
504 2182 644 2218 eveniat
658 2211 668 2227 ‚
687 2195 877 2231 perperam
895 2195 993 2220 nunc
1014 2181 1157 2230 legitur.
1187 2182 1331 2218 Auctor

288 2234 468 2281 Queroli:
494 2233 705 2282 Utinamque
722 2233 785 2270 tibi
807 2233 870 2270 illa
890 2233 1007 2270 omnia
1026 2233 1191 2268 eveniant
1205 2260 1215 2276 ,
1243 2245 1332 2283 quae

286 2295 347 2319 nes
384 2292 539 2332 optamus
571 2283 719 2332 servuli.
758 2285 843 2321 Liv.
876 2284 935 2320 ]ib.
978 2295 1113 2320 xx111.
1159 2294 1236 2331 cap.
1271 2283 1331 2319 28.

289 2333 359 2370 Cui
383 2344 423 2370 ut
453 2334 570 2370 omnia
597 2333 745 2385 prospere
773 2334 961 2370 evenirent.
998 2335 1046 2371 ita
1078 2334 1208 2382 scripti.
1244 2333 1329 2371 vide

287 2384 362 2421 illic
400 2385 651 2422 Gronovium.
698 2385 815 2421 omnia
850 2383 1066 2434 subveniant
1112 2384 1331 2422 Mentelian.

288 2435 498 2473 HE1N81u3.
526 2437 672 2473 Petron.
692 2447 795 2473 xmv.
824 2435 1007 2471 Aedilibus
1023 2434 1115 2471 male
1132 2435 1284 2473 eveniat.

340 2498 400 2523 21.
438 2493 510 2523 Nec
536 2496 569 2522 te
602 2497 664 2523 tua
697 2496 794 2523 vota.
816 2485 835 2535 ]
871 2488 976 2523 Fae‘ffa
997 2514 1007 2530 ,
1043 2486 1150 2523 multi
1178 2485 1336 2524 codices.

291 2536 442 2583 quidam
449 2536 547 2584 fibla.
566 2538 676 2581 forte,
691 2550 748 2572 nec
767 2547 800 2572 te
818 2535 882 2573 tibi
891 2535 976 2582 fieta
990 2546 1177 2573 morentur.
1190 2537 1297 2573 HEIN
1308 2552 1336 2574 s.

343 2594 515 2675 {glUrer
536 2615 546 2632 ,
582 2598 623 2624 ut
648 2586 826 2637 inducta]
857 2588 1043 2625 Not-arunt
1071 2587 1162 2632 alii,
1199 2588 1237 2625 in
1260 2588 1336 2626 aliis

293 2647 338 2672 co
394 2666 400 2673 .
432 2649 508 2687 egi:

346 2705 429 2735 Uror
441 2728 450 2744 ‚
478 2712 518 2738 ut
535 2703 673 2741 inductio
690 2714 822 2741 ceratae
831 2702 970 2752 sulfure
987 2705 1106 2742 taedae
1118 2733 1129 2751 ,

399 2755 440 2786 Ut
453 2753 511 2801 pia
519 2754 662 2804 fumosis
680 2756 805 2792 addita
825 2755 931 2792 thura
941 2756 1039 2802 fbcis.

344 2802 545 2852 Aeneasque
561 2806 663 2841 oculis
678 2806 807 2856 semper
828 2806 1056 2854 vigilantibus
1074 2807 1214 2852 haeret,

398 2861 622 2902 Aeneamque
642 2857 758 2892 animo
778 2870 911 2907 noxque
931 2857 1066 2907 diesque
1084 2858 1197 2905 refert.

296 2918 352 2955 Ut
377 2917 452 2954 duo
482 2919 679 2957 inserantur
710 2921 839 2958 versus.
888 2922 965 2969 Qui
999 2929 1040 2958 ut
1075 2920 1336 2964 admittantur,

296 2969 440 3017 legam:
474 2974 610 3006 Aeneas
637 2970 741 3007 oculis
769 2970 900 3019 semper
936 2971 1167 3019 vigilantibus
1195 2971 1335 3013 haeret,

297 3023 445 3055 Aenean
465 3021 591 3057 animo.
620 3021 720 3057 DAN.
746 3022 949 3057 Heinsius.
976 3021 1057 3057 Post
1074 3021 1172 3057 hunc
1192 3021 1335 3057 versum

298 3071 338 3106 in
366 3082 441 3107 uno
471 3071 590 3108 Vatic.
622 3070 641 3107 a
671 3071 786 3107 veteri
806 3068 975 3118 glossano
995 3078 1166 3108 notatum
1187 3070 1258 3115 cst,
1285 3071 1338 3106 le—

300 3118 383 3168 giffe
404 3121 436 3158 se
455 3122 491 3159 in
514 3123 627 3159 veteri
643 3129 747 3158 textu
768 3122 841 3158 hoc
856 3120 1057 3157 distichon:

404 3190 447 3220 Ut
461 3186 522 3233 pia
531 3183 674 3234 sumofis
695 3184 820 3220 addita
837 3193 918 3220 tura
937 3183 1034 3232 rogis.

351 3240 488 3272 Aeneas
508 3236 610 3273 oculis
625 3235 808 3284 vigilantis
820 3234 950 3284 semper
967 3233 1161 3273 inhaerent.

300 3301 513 3341 Ciufmus.
541 3302 723 3350 Excerpta
751 3299 907 3341 Sarravn
931 3298 1058 3338 incocto
1079 3327 1091 3346 ,
1128 3297 1233 3351 quod
1259 3309 1338 3339 non

2307 1463 2427 1516 Aut

1382 1574 1428 1612 de
1444 1575 1561 1613 nihilo
1582 1575 1652 1614 effe
1669 1576 1850 1625 suspicor:
1871 1576 2040 1626 intelligit
2056 1587 2146 1614 vero
2166 1575 2287 1614 facem
2301 1575 2425 1614 lustra-

1381 1624 1695 1674 le1n.v.Scaliger.
1713 1627 1759 1663 ad
1779 1627 1901 1663 Sever.
1921 1628 2063 1664 Aetnae
2081 1638 2173 1663 vers.
2193 1638 2276 1674 350.
2295 1626 2426 1665 Euam.
2453 1671 2457 1674 ,

1434 1686 1493 1721 24.
1522 1681 1565 1711 Ut
1579 1676 1640 1724 pia
1653 1674 1828 1725 fumofis.]
1860 1677 1972 1713 Hunc
1993 1678 2031 1714 &
2048 1676 2262 1725 sequentem
2281 1677 2426 1713 versum

1386 1724 1407 1763 a
1428 1725 1583 1773 vulgatis
1599 1726 1696 1763 libris
1714 1726 1900 1763 exulantes
1921 1726 2040 1775 adjeci
2059 1738 2104 1763 ex
2120 1725 2336 1763 auetoritate
2359 1738 2428 1774 op-

1384 1777 1560 1813 timarum
1597 1777 1904 1814 membranarum.
1951 1778 1990 1813 &
2026 1776 2107 1813 sunt
2142 1776 2323 1824 elegantes
2357 1788 2430 1814 nec

1388 1826 1532 1864 Ovidio
1550 1827 1702 1876 indigni.
1731 1828 1926 1864 Invenerat
1953 1828 2064 1864 etiam
2096 1838 2159 1863 eos
2180 1827 2217 1863 in
2236 1826 2303 1863 suis
2325 1825 2429 1864 codi-

1388 1876 1487 1914 cibus
1520 1878 1686 1914 Andreas
1716 1877 1885 1914 schottus
1905 1905 1915 1921 ‚
1954 1886 1994 1914 ut
2025 1876 2311 1914 Observationes
2349 1878 2427 1925 ejus

1386 1940 1432 1965 11.
1455 1938 1531 1975 cap.
1562 1939 1621 1976 53.
1655 1927 1837 1964 testantur.
1875 1927 2049 1976 Mycillus
2083 1927 2233 1965 eosdem
2273 1938 2427 1976 quoque

1383 1978 1556 2026 agnoscit.
1576 1979 1614 2015 in
1627 1978 1840 2015 Sars-aviano
1861 1978 1900 2015 ὃς
1918 1978 2081 2026 plurimis
2102 1977 2324 2023 erat,addita
2346 1988 2430 2014 tura

1384 2027 1480 2075 rogis.
1506 2027 1567 2065 sed
1600 2029 1863 2067 Gronovianus
1894 2029 1933 2066 ὅ(
1963 2028 2169 2067 Bafileensis
2191 2028 2292 2076 focis.
2317 2028 2430 2067 recte.

1385 2078 1497 2126 Epist.
1515 2090 1590 2115 xxx.
1612 2091 1669 2128 34.

1439 2128 1598 2178 festaque
1608 2128 1749 2179 fumofis
1769 2128 1893 2178 ingerit
1915 2140 1996 2166 exta
2005 2131 2106 2177 focis.

1387 2179 1430 2216 In
1454 2180 1563 2216 Nuce
1593 2180 1672 2222 178.

1438 2229 1628 2280 Nostraque
1635 2229 1781 2280 fumosis
1798 2231 1889 2269 urite
1907 2231 2062 2269 membra
2073 2232 2174 2280 focis.

1388 2293 1452 2319 111.
1474 2282 1605 2318 Amor.
1624 2295 1689 2320 111.
1712 2293 1772 2331 33.

1437 2336 1483 2367 Et
1505 2331 1688 2382 quisqecam
1700 2333 1761 2382 pia
1781 2342 1862 2369 tura
1873 2333 1962 2379 fhcis
1980 2333 2148 2384 imponere
2163 2343 2266 2371 curet.

1390 2382 1460 2420 Sed
1480 2383 1517 2420 δέ
1541 2384 1577 2420 111
1599 2384 1684 2432 rogis
1700 2393 1756 2421 tus
1785 2393 2014 2429 crematum,
2042 2398 2087 2423 ex
2117 2385 2232 2424 Statio
2259 2386 2343 2424 Silv,
2375 2390 2435 2429 11),

1389 2432 1538 2482 Epiced.
1561 2434 1722 2473 Glaucae
1741 2433 1857 2484 posset
1879 2435 2042 2473 ostendi:

1894 2487 2029 2523 Puerile
2039 2488 2212 2533 feretrum

1441 2535 1597 2573 Produxi
1609 2564 1618 2581 ,
1646 2546 1690 2576 ω’
1700 2536 1824 2586 saevos
1841 2535 2006 2575 damnati
2022 2538 2111 2575 turis
2129 2552 2279 2576 acervos.

1391 2588 1494 2637 Virg.
1514 2599 1571 2626 vi.
1591 2600 1673 2634 224.

1671 2639 1834 2688 Congesta
1853 2648 2056 2676 cremantur

1445 2694 1559 2726 Turea
1577 2689 1682 2726 dona.
1963 2690 2175 2727 Hemsms.

1441 2751 1500 2787 25.
1550 2739 1731 2787 Vigilantis
1768 2740 1935 2776 inhaeret.
1957 2739 1972 2788 ]
2027 2738 2256 2788 Vigilantibus
2302 2741 2435 2780 haeret,

1391 2791 1615 2828 Mycmus.
1646 2790 1714 2828 Sed
1736 2790 1916 2839 vigilantis
1936 2789 2091 2826 inhaeret
2109 2791 2262 2828 rec'ium.
2289 2793 2362 2830 vid.
2387 2806 2431 2833 u.

1391 2841 1501 2889 Epist.
1524 2854 1584 2889 91.
1605 2841 1872 2879 Romaanus.

1444 2892 1503 2929 26.
1532 2896 1757 2941 Aeneamque
1771 2890 1925 2939 anima]
1950 2896 2095 2928 Aenean
2114 2893 2232 2929 animo
2250 2893 2434 2931 meliores.

1393 2944 1431 2980 δε
1454 2942 1501 2979 fic
1522 2943 1667 2979 Graeco
1688 2954 1792 2978 more
1816 2944 1925 2979 etiam
1944 2942 2035 2979 infra
2050 2971 2062 2986 ,
2088 2955 2129 2980 ac
2147 2944 2272 2991 passim
2292 2944 2372 2981 alibi
2394 2946 2431 2982 in

1393 2994 1543 3041 optimis
1563 2993 1657 3029 libris
1674 2991 1844 3030 scribitur.
1863 2993 2004 3029 Heius.
2038 3005 2093 3030 11.
2116 2995 2196 3032 Art.
2214 2995 2302 3032 Am.
2323 2994 2404 3043 348.

1445 3042 1616 3078 Exhibeat
1639 3041 1761 3078 vultus
1782 3056 1915 3092 noxque
1932 3043 2067 3092 diesque
2087 3054 2172 3081 tuos.

1393 3094 1470 3129 Ubi
1500 3093 1645 3136 nescio,
1673 3104 1736 3129 cur
1764 3105 1807 3129 ex
1838 3106 1911 3130 uno
1943 3094 2093 3138 codice,
2120 3094 2303 3131 exhibeant
2331 3095 2434 3132 maiit

1394 3143 1566 3180 Heinsius
1579 3171 1589 3186 ,
1617 3155 1702 3180 cum
1720 3143 1779 3180 hic
1795 3145 1897 3181 locus
1918 3145 2103 3193 vulgatam
2125 3145 2312 3183 manifeste
2331 3153 2435 3183 tuea-

1394 3202 1461 3231 tur.
1489 3193 1747 3231 Buammuus.

1445 3255 1505 3287 27.
1533 3244 1692 3294 Surdae]
1719 3245 1853 3281 Tardus
1871 3246 2012 3283 Moreti
2026 3274 2036 3291 ,
2057 3244 2265 3283 Hafnienfis
2283 3246 2322 3283 &
2345 3246 2435 3284 Lei-

1393 3295 1531 3343 denfis‚
1559 3296 1662 3347 quod
1680 3297 1872 3346 proprium
1893 3297 1932 3336 in
1953 3308 2079 3336 amore
2099 3295 2219 3345 frigidi
2239 3297 2277 3335 ὅ(
2300 3294 2443 3352 εείῖειῃν

2379 3356 2436 3386 ἷζε.
