2553 3676
594 184 1130 256 AMORUM
1204 206 1376 244 LIB.
1450 190 1487 246 I.

1568 211 1646 264 14.

241 304 306 354 35
344 285 493 358 Quid
520 286 652 345 male
675 279 948 351 dispositos
971 280 1210 350 quereris
1237 282 1443 355 periisse
1469 285 1714 358 capillos?

414 356 562 428 Quid
584 353 854 424 speculum
877 350 1078 405 moesta
1100 353 1253 424 ponis
1267 392 1281 416 ‚
1316 355 1523 427 inepta,
1548 358 1750 415 manu?

342 430 468 484 Non
492 427 626 480 bene
650 423 913 478 consuetis
937 444 966 478 a
990 437 1044 477 te
1070 423 1317 497 spectaris
1341 430 1541 484 ocellis.

407 498 482 551 Ut
504 498 731 569 placeaS‚
769 495 933 550 debes
957 497 1242 552 immemor
1265 497 1368 553 effe
1393 501 1485 554 tui.

233 662 303 713 40

297 629 304 636 ,
339 572 466 626 Non
492 582 546 622 te
572 581 809 623 cantatae
833 569 1092 624 laeserunt
1118 571 1318 642 pellicis
1343 571 1573 635 herbae3

410 641 538 695 Non
562 659 687 695 anus
711 641 1019 696 Haemonia
1044 643 1247 714 perfida
1270 644 1395 699 lavit
1417 648 1569 719 aqua.

339 715 455 770 Nec
481 713 579 768 tibi
601 715 678 768 vis
703 714 878 769 morbi
903 717 1118 777 nocuit;
1163 719 1184 786 (
1197 719 1386 788 procul
1410 736 1573 773 omen
1593 716 1804 787 abesto)

410 786 527 840 Nec
552 787 742 841 minuit
768 788 948 853 densas
973 788 1152 841 invida
1179 790 1355 860 lingua
1379 809 1575 846 comas,

335 858 490 913 Facia
513 877 673 913 manu
701 860 960 933 culpaque
986 863 1076 914 tua
1105 861 1377 932 dispendia
1402 863 1576 920 sentiS.

402 931 508 1004 Ipsa
536 932 690 986 dabas
717 933 877 1004 capiti
901 934 1067 987 mixta
1090 951 1292 988 venena
1316 947 1426 988 tu0.

224 1023 291 1074 45
327 1004 484 1060 Nunc
509 1004 605 1058 tibi
628 1018 865 1077 captivos
890 1006 1069 1059 mittet
1093 1004 1383 1061 German-ia
1410 1008 1611 1063 crines:

404 1076 565 1133 Culta
589 1078 944 1151 triumphatae
970 1096 1192 1134 munere
1217 1080 1388 1151 gentis
1413 1080 1531 1135 eris,

45 1300 157 1349 nibus.
181 1300 403 1339 emmaus.
430 1299 530 1348 Qus
550 1306 663 1347 portet
693 1299 856 1348 optimus
885 1298 1077 1337 Palatinus.

45 1353 152 1400 Lego
167 1379 178 1396 ‚
205 1364 290 1402 quas
309 1359 406 1399 optet,
433 1351 642 1388 Hfimsrus.

67 1415 69 1417 ¹
96 1413 153 1451 33.
177 1400 431 1451 Contulerim.]
460 1401 778 1450 Comparaverim.
797 1408 838 1439 ut
853 1401 950 1450 apud
964 1401 1077 1448 Juve—

17 1487 18 1490 ,
43 1453 161 1493 nalem
182 1453 252 1491 Sat.
275 1463 306 1490 r.
328 1463 409 1501 105.

93 1548 96 1551 a
637 1514 703 1550 Sed
720 1513 872 1565 quinque
890 1512 1053 1550 tabernae

18 1581 19 1585 ¹
76 1564 353 1613 .Qadringenta
360 1572 489 1612 parant
498 1575 509 1597 ··
522 1563 608 1615 quid
624 1566 752 1612 confert
755 1573 926 1614 purpurae
936 1573 1074 1602 amator

89 1616 290 1664 optandum
300 1624 315 1652 ἓ
335 1614 369 1663 si
378 1641 388 1658 ,
416 1626 488 1654 (Vc.

38 1675 96 1714 Sic
125 1677 225 1713 enim
254 1676 413 1714 omnino
447 1675 645 1725 legendum
681 1676 729 1714 est
766 1675 856 1714 illud
884 1676 1072 1723 Juvenalis

2 1722 21 1762 .l
38 1737 185 1764 carmen
211 1739 254 1763 ex
281 1726 423 1763 vetusto
453 1727 581 1764 codice
602 1755 612 1771 ,
648 1739 726 1764 non
752 1734 794 1764 ut
818 1738 1007 1774 perperam
1034 1727 1072 1764 in

38 1776 206 1822 omnibus
237 1777 411 1824 impreffis
445 1778 707 1825 exemplaribus
739 1777 926 1826 hucusque
957 1779 995 1814 &
1021 1777 1073 1814 le-

3 1842 7 1847 ·
42 1825 161 1869 etum,
193 1827 231 1863 ὅ(
260 1826 304 1863 ab
329 1827 421 1869 illis,
449 1828 514 1876 qui
542 1828 581 1863 in
610 1827 828 1873 Juvenalem
859 1828 1071 1865 catervatim

40 1877 302 1921 commentaria
322 1875 488 1920 edidere,
517 1876 723 1925 expofitum
742 1878 802 1915 est.
829 1878 1008 1914 Mamus.

91 1937 147 1975 35.
182 1926 281 1975 Qid
307 1928 398 1964 male
427 1924 657 1976 compofitos.]
695 1927 786 1965 Non
811 1926 949 1965 damno
978 1929 1073 1966 hanc

41 1976 250 2016 lectionem.
287 1977 367 2015 libri
395 1985 520 2015 tamen
549 1978 719 2015 meliores
748 1989 834 2016 cum
861 1978 1075 2023 Puteaneo,

3 2050 5 2055 ,
41 2026 205 2076 dispofitos
224 2027 367 2076 capillos.
384 2029 492 2066 Pont.
511 2027 571 2065 lib.
593 2041 655 2066 111.
672 2028 774 2078 Eleg.
795 2041 858 2066 111.

94 2096 175 2126 Non
194 2089 272 2127 bene
291 2089 461 2141 dispositas
483 2102 633 2137 comtus‚
659 2102 700 2129 ut
718 2101 821 2137 ante,
850 2103 972 2132 comas.

46 2154 201 2201 Martial.
217 2155 276 2192 libr
296 2169 365 2193 ΧΠ.
384 2155 441 2202 84.

95 2205 194 2242 Dicet
211 2205 389 2243 Achilleas
406 2207 588 2257 disposuiffi’
607 2220 730 2246 comas,

47 2253 168 2294 Tibul.
188 2256 249 2295 lib.
275 2269 303 2294 r.
323 2258 421 2306 Eleg.
441 2270 530 2295 vin.

93 2312 252 2357 Saepeque
272 2317 427 2344 mutatas
443 2308 623 2359 disposuiffi
645 2321 767 2348 comas.

46 2355 93 2395 Et
108 2358 206 2407 Eleg.
231 2370 286 2395 1x.

93 2412 184 2452 Tune
197 2417 298 2458 putas
314 2408 415 2446 illam
426 2419 486 2459 pro
507 2420 538 2447 te
557 2410 723 2460 disponere
744 2410 877 2449 crines?

44 2456 176 2495 Seneca
194 2460 230 2496 in
248 2460 490 2509 Fragmentis:

26 2527 29 2558 ἱ
94 2513 178 2544 Sunt
196 2523 280 2561 quae
293 2511 431 2555 Janoni
447 2525 487 2547 ac
506 2512 690 2548 Ai'inervae
708 2511 840 2560 capillos
858 2510 1047 2561 disponant.

27 2561 29 2572 “
47 2557 173 2596 Similis
188 2563 338 2597 varietas
355 2564 392 2599 in
411 2561 603 2599 Cataleffis
620 2563 783 2600 Petronii
801 2563 924 2611 Epigr.
944 2562 987 2602 ad
1005 2562 1074 2599 Ba-

47 2606 206 2647 filiscum.
232 2612 290 2648 ubi
312 2612 359 2646 V.
381 2614 424 2649 (T.
444 2612 583 2649 Volfii:

95 2664 221 2709 Semper
240 2660 408 2711 dispositas
425 2672 522 2710 parte
541 2663 674 2698 decente
696 2676 818 2701 comas.

47 2706 152 2747 Forte
170 2712 230 2748 hic
249 2712 317 2759 legi
341 2711 477 2759 poffet,
507 2713 560 2748 dic
577 2711 705 2763 pofitos.
729 2714 872 2751 Hfims.
895 2715 1073 2766 Dispofitos

30 2759 182 2796 :restum
202 2761 249 2797 est
264 2790 273 2804 ‚
293 2771 331 2799 ut
348 2763 445 2810 supra
466 2763 599 2811 digestos
619 2764 709 2800 dixit
742 2764 839 2801 Vide
859 2765 1070 2805 salmasium

46 2807 89 2846 de
113 2810 242 2846 Coma.
276 2823 353 2859 pag.
382 2826 463 2862 301.
491 2815 551 2851 ubi
572 2815 681 2851 docet
696 2843 704 2857 ,
734 2813 900 2863 disponere
919 2816 988 2855 effe
1009 2830 1073 2866 per

45 2858 180 2907 flagella
198 2861 234 2895 δί
256 2872 383 2906 granos
400 2864 624 2913 distinguere.
643 2865 904 2903 BURMANNUS.

94 2921 154 2953 40.
175 2915 253 2945 Non
273 2923 358 2946 anus
377 2916 564 2950 Haemonia
577 2915 705 2964 perfida
725 2916 819 2951 lavit
837 2917 970 2967 aqum]
998 2920 1071 2956 Le—

48 2958 139 3006 gitur
166 2959 274 2995 etiam
302 2961 339 2996 in
370 2962 475 2999 MSS.
505 2966 766 3014 exemplaribus
787 2994 796 3009 ‚
833 2967 936 3016 laefit.
974 2969 1072 3007 reete

48 3016 252 3057 utrumque.
271 3010 446 3048 Menios.
474 3014 619 3052 Tacent
637 3016 699 3052 hic
718 3017 927 3062 interpretes
941 3048 950 3063 ,
980 3032 1073 3069 quos

33 3066 161 3096 <certus
187 3064 263 3096 lum
292 3061 379 3096 nihil
406 3062 538 3099 horum
559 3066 780 3104 intellexisse.
806 3069 902 3106 Mihi
921 3071 1071 3119 quidem

49 3106 106 3144 ista
125 3110 285 3157 magicae
311 3111 391 3146 artis
416 3111 546 3158 species
568 3115 704 3159 prorsus
722 3119 845 3164 ignota
870 3119 929 3157 est.
957 3134 1072 3171 quan-

50 3166 155 3206 quam
173 3160 379 3196 succurrunt
397 3160 454 3197 illa
475 3173 518 3197 ex
534 3161 625 3198 libro
642 3177 684 3199 u.
705 3166 888 3206 Fastorum
911 3182 969 3219 39.

95 3210 293 3248 Astoridem
312 3210 426 3246 Peleus
440 3239 450 3254 ‚
477 3211 584 3259 ipsum
601 3225 729 3261 quoque
745 3217 841 3253 Pelea
860 3220 964 3257 Phoci
1025 3219 1030 3222 ¹

144 3260 255 3305 Caede
267 3269 327 3310 per
346 3263 552 3301 Haemonias
562 3261 673 3312 solvit
690 3265 836 3314 Acastus
852 3280 973 3318 aquas.

2121 1158 2172 1210 O

1133 1297 1202 1336 Sed
1233 1298 1305 1337 illic
1335 1299 1380 1338 de
1405 1299 1616 1339 lustratione
1646 1300 1768 1343 Pelei,
1797 1311 1835 1339 re
1864 1299 1961 1349 apud
1982 1298 2175 1338 Thessalos

1131 1349 1247 1397 gesta,
1274 1351 1400 1399 agitur.
1427 1352 1625 1401 quomodo
1654 1352 1692 1388 ὃς
1721 1351 1818 1401 apud
1843 1352 2008 1401 Propert.
2028 1352 2090 1390 lib.
2109 1363 2175 1391 111.

1132 1401 1234 1448 Eleg.
1255 1412 1311 1438 22.

1184 1453 1285 1498 Qae
1302 1452 1390 1489 mihi
1409 1466 1476 1490 non
1488 1453 1598 1502 patrii
1607 1463 1766 1504 poterant
1782 1463 1938 1491 avertere
1956 1453 2087 1498 amici,

1234 1502 1355 1539 Elaere
1370 1515 1434 1539 aut
1451 1504 1546 1550 vasto
1567 1505 1718 1553 Thessala
1735 1505 1814 1553 faga
1835 1503 1939 1542 mari.

1132 1551 1233 1590 Libri
1263 1555 1431 1592 nonnulli
1459 1564 1599 1592 veteres
1629 1555 1673 1592 ab
1700 1555 1776 1593 aliis
1804 1555 1954 1604 inspecsti
1974 1582 1985 1599 ‚
2021 1561 2102 1592 tum
2124 1565 2171 1594 ex

1127 1603 1252 1640 nostris
1272 1604 1556 1652 Neapolitanus,
1584 1606 1764 1643 Palatinus
1786 1607 1951 1655 optimae
1970 1611 2103 1647 notae,
2131 1606 2170 1642 ὃς

1127 1664 1231 1741 ἓιευε
1267 1655 1473 1694 chartaceus
1494 1683 1506 1701 ,
1551 1654 1645 1705 laefit
1674 1669 1780 1706 aqua.
1834 1656 1983 1705 Opinor
2013 1655 2168 1693 scriben-

1156 1717 1241 1742 um:
1928 1721 1940 1728 ²

1179 1761 1261 1792 Non
1278 1769 1368 1792 anus
1389 1757 1581 1794 Haemonia
1592 1757 1725 1807 perfida
1742 1756 1837 1807 laesit
1855 1751 1952 1794 acus

1128 1805 1183 1842 Ut
1202 1807 1247 1844 ad
1267 1806 1468 1845 defixiones
1489 1809 1646 1856 magicas
1665 1810 1850 1846 referatur.
1873 1808 1917 1844 de
1932 1806 2063 1857 quibus
2075 1819 2175 1845 non-

1128 1855 1216 1894 nihil
1245 1857 1354 1905 paulo
1384 1867 1469 1896 ante
1499 1858 1678 1903 diximus,
1707 1860 1745 1896 &
1772 1858 1931 1906 Epistola
1955 1869 2009 1895 vr.
2035 1857 2090 1901 sss.
2110 1870 2173 1906 91.

1128 1907 1274 1945 Herus.
1295 1908 1384 1945 Non
1401 1908 1636 1957 intelligenda
1654 1909 1788 1958 species
1807 1908 1988 1959 quaedam
2008 1909 2174 1958 magicae

1129 1958 1211 1995 artis
1232 1959 1416 2006 peculiaris
1435 1961 1473 1998 δε
1495 1959 1678 1997 obscurior
1692 1960 1772 2004 ,sed
1791 1959 2009 2008 capiendum
2023 1958 2068 1996 de
2081 1971 2175 2008 aqua

1129 2009 1270 2056 magica
1288 2008 1362 2047 five
1381 2009 1540 2048 avernali
1555 2037 1565 2053 ,
1593 2011 1652 2048 vel
1672 2012 1805 2060 stygia,
1833 2018 1873 2047 ut
1890 2010 2015 2059 paffim
2032 2010 2173 2048 Poetae

1129 2069 1288 2103 vocant,
1316 2072 1387 2108 qua
1409 2060 1602 2098 utebantur
1632 2073 1760 2110 magae
1787 2062 1824 2099 in
1855 2061 2001 2098 nefariis
2026 2060 2093 2098 suis
2120 2061 2173 2098 sa-

1132 2108 1223 2153 cris,
1251 2111 1288 2146 δε
1314 2122 1387 2158 qua
1418 2108 1602 2159 aspergere
1627 2124 1681 2149 res
1703 2140 1713 2156 ,
1750 2111 1880 2161 quibus
1906 2122 2041 2148 nocere
2068 2111 2173 2148 vole-

1132 2158 1243 2203 bant,
1262 2161 1387 2208 paffim
1410 2162 1591 2200 dicuntur.
1618 2162 1703 2200 vide
1724 2173 1818 2212 quae
1839 2160 2047 2200 Passeratius
2067 2169 2173 2199 notat

1132 2207 1177 2247 ad
1194 2210 1355 2258 Propert.
1379 2224 1429 2248 xv.
1452 2213 1552 2261 Eleg.
1579 2225 1608 2250 r.
1632 2225 1711 2250 120.

1184 2259 1311 2296 Umbra
1332 2275 1391 2298 nec
1410 2261 1492 2299 haec
1511 2263 1652 2312 magicis
1669 2273 1807 2301 mortua
1818 2262 1935 2313 prodit
1955 2261 2067 2312 aquis.

1130 2308 1394 2350 Romaanus.

1180 2374 1238 2407 41.
1269 2369 1349 2399 Non
1367 2363 1472 2415 riba]
1501 2371 1575 2402 Nec
1591 2364 1719 2414 scripti.
1748 2374 1788 2403 ut
1809 2366 1847 2404 &
1869 2364 2033 2414 sequenti
2054 2362 2171 2402 versu}

1130 2411 1340 2451 Hmusms.

1179 2475 1237 2509 42.
1268 2470 1339 2501 Nec
1366 2464 1535 2513 timuit.]
1575 2467 1632 2504 Sic
1659 2469 1696 2504 in
1724 2466 1986 2515 exemplaribus
2015 2464 2166 2513 quidem

1128 2513 1303 2562 impreffis
1327 2516 1485 2564 legitur:
1520 2517 1579 2554 sed
1606 2517 1722 2554 sensus
1746 2517 1942 2554 contrarius
1963 2516 1999 2551 &
2023 2517 2166 2563 ineptus

1130 2576 1174 2600 ex
1202 2565 1269 2601 hac
1295 2565 1456 2602 lectione
1478 2566 1678 2602 eliceretur.
1707 2567 1803 2603 unde
1822 2565 2017 2615 legendum
2042 2567 2167 2603 omni-

1128 2625 1202 2658 no,
1232 2623 1271 2652 ut
1295 2617 1332 2652 in
1361 2615 1605 2664 manuscripto
1635 2616 1762 2653 codice
1790 2617 1968 2660 vidimus,
1998 2622 2078 2651 Non
2099 2615 2168 2652 mi-

1130 2665 1207 2700 nuit
1222 2681 1232 2700 .·
1252 2666 1299 2702 ita
1322 2667 1421 2703 enini
1440 2667 1676 2714 apertiffimus
1695 2668 1762 2704 erit
1780 2667 1906 2704 sensus.
1928 2678 2014 2703 narn
2034 2678 2166 2704 comae

1129 2717 1346 2754 minuuntur
1368 2718 1502 2765 capillis
1523 2716 1773 2755 defluentibus.
1802 2719 1978 2755 Mimos.

1178 2778 1237 2814 45.
1267 2772 1370 2803 Nunc
1400 2767 1463 2803 tibi
1489 2768 1638 2816 captivos
1662 2768 1778 2804 mittet
1806 2768 1996 2804 Germania
2019 2766 2166 2818 crines.]

1129 2817 1174 2854 Et
1198 2830 1241 2854 ex
1265 2819 1339 2854 hoc
1360 2818 1468 2861 loco,
1497 2820 1535 2855 &
1563 2830 1608 2855 ex
1639 2819 1738 2861 aliis,
1766 2831 1859 2868 quos
1887 2820 2045 2856 adfer-arn
2063 2847 2073 2863 ‚
2102 2830 2167 2855 co-

1126 2868 1309 2915 gnoscitur
1353 2869 1563 2906 Germanos
1609 2869 1779 2917 capillum
1822 2868 1992 2908 nutriiffe.
2034 2869 2093 2907 lib.
2134 2880 2166 2906 ι,

1128 2917 1260 2956 Pastor.
1833 2943 1837 2946 -

1433 2997 1529 3006 -—
1542 2970 1673 3020 Sparsos
1688 2971 1879 3010 Germania
1900 2975 2005 3008 crines

1181 3019 1342 3068 Porrigit.

1130 3070 1211 3107 Lib.
1233 3083 1285 3107 1v.
1308 3072 1367 3108 De
1387 3071 1510 3108 Ponto
1533 3071 1631 3121 Eleg.
1652 3086 1696 3109 11.

1177 3121 1358 3170 Sqaallicla
1371 3122 1514 3171 prolixis
1533 3124 1592 3171 qm·
1612 3124 1693 3172 tegit
1711 3136 1770 3160 ora
1793 3123 1903 3160 comis.

1128 3171 1173 3209 Et
1193 3172 1315 3218 paullo
1334 3173 1434 3219 post:

1180 3221 1344 3257 Crinibus
1369 3236 1410 3261 en
1437 3223 1543 3263 etiam
1562 3225 1679 3273 fertur
1706 3224 1893 3262 Germania
1911 3218 2022 3271 paffis,

1127 3271 1348 3313 Cromnos.
1952 3277 1953 3280 ’

1127 3317 1133 3320 ’
1338 3321 1345 3324 ”
1990 3320 2048 3368 46.
2077 3322 2172 3367 Tuta
