2553 3676
655 210 1292 280 HEROIDES
1365 237 1476 274 ΕΡ.

1549 241 1628 277 IV.

367 317 483 390 Jam
505 326 720 384 quoque
747 312 769 380 <
781 310 873 363 vix
893 309 1113 377 credas)
1141 310 1348 380 ignotas
1373 311 1518 365 nitor
1542 312 1598 366 in
1622 325 1782 368 artes:

438 383 530 440 Est
552 381 681 435 mihi
705 398 800 452 per
823 382 994 435 saevas
1019 382 1249 454 impetus
1273 383 1350 437 ire
1375 382 1525 438 feras.

362 459 479 529 Jam
502 454 631 509 mihi
653 454 822 525 prima
843 454 961 507 Dea
989 453 1088 517 est,
1123 471 1293 508 cornu
1316 455 1596 526 praefignis
1619 457 1830 512 adunco

263 552 329 604 40
436 527 604 582 Delia.
638 525 899 596 judicium
922 526 1207 600 subsequor
1230 526 1336 598 ipsa
1360 540 1527 581 tuum.

366 602 425 656 In
446 616 633 654 nemus
658 599 734 652 ire
761 598 915 661 libet,
952 599 1242 672 preflisque
1266 599 1321 652 in
1346 600 1478 653 retia
1501 601 1697 664 cervis·‚

438 670 664 726 Hortari
689 671 884 724 celeres
909 688 1005 742 per
1024 671 1147 743 juga
1170 671 1370 725 summa
1393 690 1574 726 canes:

367 747 481 801 Aut
507 744 794 798 tremulum
818 740 1033 796 excuss'o
1053 743 1286 815 jaculum
1309 744 1514 799 vibrare
1539 745 1770 807 lacerto;

439 819 552 870 Aut
578 817 631 870 in
657 815 923 886 graminea
947 833 1151 887 ponere
1175 833 1368 888 corpus
1393 817 1574 871 humo,

260 910 326 962 45
366 891 529 960 Saepe
551 888 693 959 juvat
717 888 921 941 versare
942 890 1083 941 leves
1107 890 1161 942 in
1186 890 1406 960 pulvere
1431 908 1641 954 curru5,

429 961 807 1035 Torquentem
830 959 989 1014 frenis
1014 978 1105 1014 ora
1128 961 1360 1033 sequacis
1386 962 1525 1034 equi.

77 1171 172 1211 Solus
188 1171 340 1209 omnium
362 1179 444 1207 ante
463 1169 499 1221 se
514 1166 710 1219 principum
738 1167 776 1205 in
801 1166 922 1205 melius
941 1176 1115 1206 mutatus.

73 1224 339 1261 Bumnmnus.

132 1273 189 1321 38.
217 1280 281 1310 Per
298 1272 425 1322 fiievas
453 1270 596 1319 impetus
623 1269 672 1305 ire
687 1268 824 1318 serem]
860 1275 898 1304 In
915 1269 1014 1315 feras
1041 1268 1111 1313 ire,

76 1323 176 1362 reste
206 1324 244 1360 δε
276 1323 456 1371 eleganter
489 1321 559 1359 dici
588 1319 743 1357 vidimus
770 1319 887 1357 modo
916 1319 1026 1367 Epist.
1047 1332 1111 1356 111.

79 1374 136 1423 36.
161 1373 222 1411 sed
251 1385 313 1422 per
335 1374 432 1419 feras
459 1371 508 1408 ire
526 1398 536 1414 ,
564 1380 641 1406 non
658 1371 798 1418 placet,
826 1382 894 1407 nec
913 1378 953 1406 ut
979 1370 1112 1418 Crispi-

77 1436 144 1462 nus
168 1431 298 1468 notat,
333 1423 410 1472 plus
436 1421 506 1460 effe
526 1450 536 1465 ,
571 1434 677 1468 quam
707 1421 746 1457 in
766 1422 864 1468 feras
881 1449 890 1464 ‚
918 1420 1110 1458 credimus.

77 1474 144 1513 nifi
172 1473 353 1512 transfixas
380 1472 470 1511 velit
503 1470 666 1519 intelligi.
703 1479 743 1509 ut
771 1484 841 1509 nec
860 1470 989 1520 saevas
1010 1472 1108 1518 feras

76 1523 207 1574 probo.
233 1536 343 1574 quare
362 1524 457 1561 forte
482 1522 676 1570 scripserit,
700 1531 758 1572 per
767 1520 880 1571 filvas
899 1522 1043 1570 impetus
1059 1522 1109 1558 ire

69 1576 175 1624 jerus.
195 1573 308 1626 filvae
324 1575 422 1621 ferae
443 1574 624 1623 eleganter
654 1572 834 1611 dicuntur.
857 1586 892 1609 v.
916 1572 1044 1609 Heins.
1064 1572 1109 1610 ad

36 1647 38 1649 ·
81 1626 210 1663 Claud.
239 1625 350 1662 Coxis.
370 1624 500 1672 Olybr.
532 1622 609 1659 186.
640 1622 688 1659 sic
700 1624 780 1668 fera
804 1626 924 1657 Aetna
946 1622 1109 1670 Propert.

79 1688 146 1713 111.
169 1688 201 1712 2.
226 1675 288 1712 ubi
314 1674 387 1711 vid.
418 1671 581 1711 Pafferat.
598 1674 679 1717 fera
709 1684 814 1707 arva.
842 1671 972 1707 Manil.
1000 1682 1028 1706 1.
1054 1672 1112 1709 86.

83 1733 124 1762 ut
146 1737 234 1762 vero
257 1725 315 1761 hic
343 1724 390 1760 ire
411 1733 472 1773 per
482 1720 618 1771 silvas,
646 1722 695 1758 ita
724 1721 872 1768 Epistol.
898 1732 934 1757 v.
963 1722 1021 1766 64.
1047 1727 1113 1758 Per

71 1773 203 1824 flumas
217 1775 360 1822 impetus
378 1774 426 1809 ire
436 1774 522 1820 fait.
550 1772 806 1808 BuRMANNus.

130 1835 188 1873 39.
216 1829 315 1859 Arcu
326 1821 508 1872 praefignis
525 1822 658 1857 adunco
676 1819 815 1869 Delta]
846 1825 963 1856 Cornu
981 1819 1113 1856 adunco

77 1873 319 1912 Scriverianus
348 1873 446 1910 liber.
474 1871 521 1908 fic
549 1871 654 1913 κέρας
682 1882 750 1918 pro
779 1882 864 1907 arcu
883 1873 994 1907 etiam
1017 1871 1114 1918 apud

80 1925 240 1962 Graecos
267 1927 394 1972 poetas
422 1922 470 1960 est
496 1921 673 1959 invenire.
704 1928 743 1958 ut
771 1919 867 1968 apud
899 1922 1114 1958 Anacreon-

77 1982 154 2013 tem
176 2004 186 2020 ‚
222 1974 282 2012 sub
311 1973 423 2011 finem
454 1971 561 2010 Odae
591 1984 654 2008 111.
683 1970 831 2019 Cupido
861 1970 906 2007 de
935 1982 1019 2007 arcu
1046 1971 1110 2009 suo

79 2027 195 2069 Κέρας
211 2025 376 2071 ἀβλαβὲς
396 2025 458 2069 μέν
477 2022 544 2064 ἐςι.
572 2021 793 2059 Claudianus
815 2020 861 2058 de
882 2022 1005 2068 Raptu
1022 2021 1113 2059 Pro-

78 2075 237 2124 serpinae
256 2089 298 2112 11.
320 2087 403 2122 205.
431 2080 563 2110 intento
580 2071 724 2118 festinat
742 2070 847 2108 Delia
864 2084 978 2108 cornu.
1006 2073 1044 2108 &
1066 2072 1112 2109 de

80 2126 209 2163 eadem
221 2154 231 2169 ‚
252 2138 338 2175 quae
356 2134 458 2162 terret
474 2121 643 2160 Maenala
660 2135 775 2159 cornu.
803 2122 935 2159 Noster
955 2122 1113 2171 Epistola

77 2175 278 2214 Ariadnes:

133 2233 212 2263 Non
223 2235 382 2276 poterant
397 2224 455 2276 figi
465 2222 663 2275 praecordia
674 2223 791 2271 ferrea
811 2235 927 2262 cornu.

84 2287 118 2316 1.
135 2278 227 2314 Met.
247 2290 327 2326 455.

133 2327 270 2364 Viderat
288 2327 435 2364 addufflo
445 2324 639 2376 flebientem
657 2336 782 2363 cornua
800 2337 917 2365 nervo.

84 2389 139 2417 v1.
162 2390 244 2426 243.
269 2390 312 2415 ex
334 2375 418 2414 Mff.
684 2386 689 2388 “

132 2433 223 2465 Cum
240 2438 330 2465 tento
347 2427 477 2465 concita
495 2440 626 2467 cornu.-

82 2478 211 2528 Virgil.
231 2492 283 2517 XI.
663 2513 668 2517 .

134 2529 266 2578 Spicula
284 2528 462 2580 torquebat
480 2528 579 2577 Lycio
598 2527 768 2576 Gortynia
787 2529 902 2566 cornu.

85 2577 174 2617 Ibid.
196 2580 279 2628 859.

134 2635 314 2681 Cornaque
329 2629 461 2676 infensa
477 2628 633 2666 tetendit.

87 2678 208 2728 Atque
228 2682 275 2719 ita
293 2681 432 2717 Po'e‘tae
450 2680 587 2729 paffim.
620 2679 786 2729 sequenti
809 2678 913 2716 versu
931 2676 1114 2727 fitbfiequor

87 2726 284 2768 Puteaneus
302 2731 390 2767 liber
408 2742 492 2768 cum
512 2730 586 2767 aliis
603 2730 800 2767 nonnullis.
820 2730 1031 2766 Hemsxus.

141 2791 196 2824 41.
220 2779 441 2830 Preffisqae.]
478 2778 609 2829 Prenfis
628 2808 638 2825 ,
671 2781 857 2818 Puteanea
886 2787 1054 2828 excerpta
1075 2780 1114 2816 &

96 2828 251 2882 quinque
278 2831 356 2868 libri
384 2843 428 2867 ex
458 2832 596 2868 nostris.
629 2830 689 2869 sed
717 2828 829 2880 preffis
866 2830 1024 2879 probum
1053 2830 1117 2868 est.

94 2876 221 2926 Virgil.
235 2893 295 2916 m.
313 2882 448 2930 Georg.
465 2893 548 2930 413.

147 2933 311 2974 Ingentem
333 2931 474 2967 clamore
485 2941 616 2981 premes
632 2931 670 2969 in
688 2931 778 2969 retia
795 2943 950 2970 cervum.
971 2930 1117 2970 HHNS.

94 2976 182 3014 Stat.
201 2989 256 3015 xv.
273 2979 392 3018 Theb.
411 2993 492 3030 322.

462 3038 575 3082 Nuper
591 3043 623 3070 te
632 3033 769 3083 pallida
789 3032 890 3078 vidi,

143 3082 242 3133 Dioni
258 3078 401 3133 premis,
427 3079 545 3119 obnixo
561 3084 735 3121 venabula
755 3084 906 3120 cominus
922 3092 1001 3133 apro
1015 3110 1028 3128 ,

145 3128 273 3176 Pspltte
283 3128 442 3175 succiduo
459 3131 647 3180 resupinum
664 3147 704 3171 ac
720 3144 801 3184 pene
819 3144 986 3171 ruentem.

92 3177 170 3217 Ubi
193 3179 359 3215 Lutatius
375 3207 384 3222 ,
406 3190 580 3216 venatores
603 3196 679 3220 cum
705 3184 912 3233 investigant
930 3212 939 3230 ,
976 3194 1121 3229 errant,

97 3242 175 3266 cnm
198 3229 444 3278 prosequuntur
456 3257 465 3272 ‚
479 3238 651 3278 premunt,
668 3245 703 3271 v,
716 3235 896 3275 Gebhard,
918 3235 965 3276 ad
982 3236 1121 3286 Nepot‚

94 3279 254 3326 Miltiad.
269 3291 300 3317 e.
321 3291 354 3328 3.
381 3279 642 3318 BURMANNUS.

2046 1033 2202 1089 Nune

1218 1182 1277 1216 42.
1303 1167 1483 1218 Hortari]
1501 1165 1665 1218 Quidam
1677 1166 1822 1221 codices
1842 1164 1966 1211 citari,
1984 1165 2044 1204 alii
2056 1165 2182 1214 fiaecffari
2194 1193 2208 1212 ,

1167 1220 1269 1268 quod
1293 1221 1419 1268 placet.
1442 1221 1551 1268 Prop.
1573 1232 1638 1256 iri.
1657 1231 1737 1257 xiv.

1219 1283 1345 1319 seffori
1355 1282 1487 1331 patrios
1496 1292 1556 1332 per
1570 1283 1655 1332 juga
1677 1282 1774 1331 longa
1794 1294 1904 1318 canes.

1169 1345 1295 1382 Senec.
1316 1344 1471 1393 Hippoi.
1494 1357 1572 1382 110.
1601 1346 1724 1389 Juvat
1745 1345 1912 1381 excitatas
1938 1342 2090 1393 consequi
2111 1342 2211 1391 cursa

1158 1397 1266 1442 feras.
1295 1396 1501 1433 Heinsius.
1529 1396 1621 1432 nihil
1642 1404 1760 1432 muto.
1789 1395 1931 1431 Hortari
1955 1395 2053 1431 enim
2069 1421 2079 1436 ,
2106 1402 2146 1430 ut
2169 1394 2209 1430 ὃ(

1167 1460 1319 1491 monere,
1344 1447 1498 1484 verbum
1519 1445 1567 1483 est
1586 1455 1816 1483 venatorum.
1839 1458 1875 1482 v.
1897 1445 2015 1482 Gebh.
2035 1443 2081 1481 ad
2099 1444 2212 1492 Prop.

1164 1510 1208 1534 11.
1236 1510 1286 1535 ix.
1315 1510 1373 1535 20.
1402 1497 1535 1534 Noster
1562 1497 1656 1534 Met.
1683 1510 1716 1534 x.
1738 1508 1819 1545 537.
1847 1502 2084 1544 Hortaturque
2101 1507 2213 1532 canes.

1162 1549 1352 1586 Praeterea
1374 1547 1619 1586 Broukhusius
1645 1548 1690 1585 ad
1721 1546 1846 1585 Tibul.
1879 1559 1908 1584 1.
1940 1546 2042 1593 Eleg.
2067 1556 2118 1581 1v.
2153 1544 2210 1581 18.

1165 1599 1289 1636 mallet
1307 1600 1388 1636 hic:
1419 1598 1562 1636 Hortari
1593 1599 1708 1635 celeres
1726 1607 1788 1648 per
1808 1599 1895 1647 juga
1915 1596 2014 1646 longa
2035 1608 2143 1633 canes.
2169 1601 2212 1633 ut

1168 1649 1278 1696 Epist.
1299 1649 1371 1698 seq.
1393 1660 1452 1687 zo.

1217 1716 1318 1760 Saepe
1335 1711 1416 1747 citos
1433 1710 1481 1759 egi
1497 1721 1556 1761 per
1571 1712 1657 1760 juga
1679 1711 1778 1761 longa
1799 1724 1908 1748 canes.

1169 1768 1240 1805 Sed
1259 1769 1462 1806 constanter
1481 1769 1625 1817 summa
1653 1770 1813 1805 retinent
1833 1769 2000 1810 codices,
2029 1767 2069 1803 &
2087 1768 2211 1815 impo-

1167 1817 1235 1855 suit
1254 1819 1359 1855 fallax
1379 1820 1560 1856 memoria
1578 1818 1758 1862 Heinfio3
1784 1819 1884 1867 cujus
1907 1817 2054 1854 monitu
2073 1817 2212 1854 Brouk-

1167 1867 1287 1906 husius
1319 1869 1368 1906 ita
1396 1870 1611 1918 corrigebat.
1647 1877 1832 1917 praeterea
1865 1868 1981 1917 majus
2011 1868 2211 1911 meritum,

1170 1919 1209 1956 ὃς
1232 1918 1364 1957 laboris
1392 1919 1525 1958 insoliti
1553 1921 1735 1969 impetum
1756 1919 1893 1957 indicat
1915 1919 2059 1966 vulgata
2076 1917 2212 1963 lenio,

1166 1977 1207 2007 ut
1227 1971 1338 2008 etiam
1361 1971 1516 2008 enitatur
1534 1971 1572 2008 in
1589 1971 1730 2008 summa
1742 1970 1842 2019 juga.
1873 1970 2133 2006 BURMANNUS.

1218 2020 1276 2066 46.
1297 2026 1369 2057 Ora
1380 2021 1517 2070 fugacis
1530 2021 1637 2071 equi]
1658 2022 1815 2072 sequacis
1833 2021 2061 2058 Puteaneum
2085 2030 2211 2055 exem-

1167 2070 1242 2118 plat
1266 2072 1304 2108 ὃς
1324 2071 1590 2109 Scriverianum
1610 2084 1694 2109 cum
1725 2079 1884 2120 quatuor
1910 2070 2006 2116 aliis,
2031 2077 2107 2107 tam
2128 2069 2211 2113 hic,

1167 2133 1280 2170 quam
1302 2122 1460 2169 Epistola
1481 2122 1605 2159 Herus
1628 2122 1756 2159 initio:

1220 2170 1371 2208 Flestitis
1388 2182 1451 2208 aut
1463 2173 1565 2218 freno
1586 2172 1670 2208 colla
1681 2170 1839 2222 sequacis
1857 2170 1947 2220 equi.

1168 2221 1246 2258 Ubi
1268 2223 1379 2259 etiam
1390 2223 1527 2271 fugacis
1547 2223 1671 2271 vulgo.
1692 2222 1821 2271 Virgil.
1842 2233 1876 2258 x.

1222 2278 1265 2308 Ut
1283 2273 1378 2309 vidit
1394 2273 1513 2309 Pallas
1531 2273 1630 2309 Latio
1649 2273 1731 2309 dare
1748 2283 1841 2321 terga
1852 2271 2006 2322 sequaci.

1169 2322 1328 2362 Remed.
1347 2324 1480 2362 Amor.
1500 2324 1583 2370 246.

1221 2380 1326 2410 Nunc
1344 2373 1483 2424 leporem
1498 2383 1648 2424 pronum
1669 2372 1780 2411 catulo
1792 2372 1921 2422 [effare
1931 2371 2081 2421 sequaci.

1169 2425 1225 2462 Ut
1253 2424 1406 2474 quidem
1437 2426 1553 2472 Jureti
1583 2434 1762 2474 excerpta.
1818 2423 1886 2460 Sed
1923 2423 2045 2459 verior
2070 2420 2210 2466 le6’cio‚'

1169 2476 1297 2512 Catulo
1309 2474 1440 2524 sagaci.
1468 2476 1522 2513 Ita
1549 2476 1694 2525 Calpur.
1717 2474 1843 2522 Eclog.
1873 2485 1901 2510 1.
1928 2471 2067 2521 sequaci
2094 2472 2206 2515 oculo,

1169 2526 1207 2563 &
1230 2527 1420 2564 Licentius
1451 2527 1611 2564 carmine
1657 2525 1701 2563 ad
1736 2523 1886 2572 August.
1919 2522 2014 2571 apud
2045 2522 2140 2559 Pith.
2172 2533 2212 2570 p.

1169 2576 1254 2625 338.
1283 2582 1443 2626 Seqaaces
1467 2575 1607 2613 vitulos.
1637 2576 1675 2612 δε
1700 2574 1857 2612 Gratius.
1875 2584 1958 2618 411.
1978 2578 2112 2622 sequax
2131 2584 2209 2608 ma-

1169 2625 1256 2664 lum.
1276 2628 1416 2664 Contra
1434 2627 1604 2664 Lucanus
1625 2638 1714 2663 vin.
1736 2637 1769 2674 3.
1790 2623 1835 2660 de
1856 2634 1954 2672 equo
1973 2621 2082 2659 dixit:

1208 2677 1430 2727 Cornipedem
1452 2676 1655 2724 exhaustum
1681 2676 1779 2723 cursu
1789 2672 2005 2721 stimulifique
2020 2682 2211 2721 negantem.

1172 2728 1230 2765 Sic
1243 2728 1500 2778 sequaciasaxa
1518 2728 1656 2770 ducere,
1674 2726 1719 2763 de
1737 2725 1892 2773 Orpheo
1911 2724 2018 2761 initio
2038 2725 2129 2759 Met.
2150 2734 2210 2759 Χῖ.

1172 2784 1316 2829 Sequens
1340 2791 1481 2815 annona
1509 2777 1605 2826 apud
1639 2778 1726 2814 Stat.
1755 2775 1853 2824 Sylv.
1890 2787 1944 2810 IV.
1975 2773 2019 2810 ad
2046 2773 2209 2810 Plotium

1172 2830 1355 2878 Grypum.
1384 2829 1467 2865 vide
1495 2827 1541 2864 de
1571 2827 1726 2876 eleganti
1757 2825 1821 2862 usu
1839 2824 1915 2874 ejus
1936 2825 2038 2861 vocis
2059 2824 2210 2860 Grono-

1171 2880 1275 2916 vium
1288 2878 1442 2917 Diatrib.
1454 2890 1483 2915 c.
1497 2890 1583 2915 xiv.
1600 2877 1647 2915 fic
1665 2880 1703 2915 ὃς
1723 2883 1906 2913 Parentem
1925 2875 2059 2911 undam
2079 2873 2210 2911 Noster

1172 2930 1285 2973 dixit;
1315 2930 1360 2967 de
1388 2941 1464 2979 quo
1484 2930 1634 2977 egimus
1668 2940 1723 2965 11.
1753 2928 1885 2964 Amor.
1912 2925 1966 2962 El.
1987 2937 2071 2961 XVI.
2102 2930 2210 2970 Fuga-

1173 2993 1244 3017 cem
1271 2988 1396 3018 tamen
1414 2992 1540 3030 equum
1563 2979 1784 3017 Ammianus
1802 2977 1863 3014 lib.
1884 2989 1967 3014 xix.
1985 2975 2074 3012 dixit
2094 2988 2101 3010 :
2140 2978 2210 3008 Fu·

1169 3031 1246 3079 gaci
1271 3045 1351 3080 equo
1379 3030 1470 3066 nudo
1501 3041 1544 3069 <5³
1570 3030 1698 3076 infreni
1728 3027 1886 3064 calonum
1913 3026 2056 3077 quidam
2077 3022 2212 3073 sedens.

1172 3082 1381 3130 Propertius
1399 3081 1443 3119 de
1465 3080 1625 3118 Parthis:

1227 3132 1307 3169 Tela
1316 3132 1453 3180 fugacis
1474 3131 1573 3182 equi.
1599 3142 1643 3171 (φ’
1659 3129 1810 3170 braccati
1833 3127 1956 3165 militis
1971 3138 2080 3162 arcas.

1176 3183 1319 3221 Servius
1336 3183 1381 3220 ad
1400 3183 1462 3220 lib.
1487 3195 1516 3219 1.
1535 3183 1670 3230 Georg
1691 3181 1775 3218 280.
1804 3180 1948 3216 Velocem
1968 3187 2093 3226 equam
2102 3174 2210 3231 fuga-

1177 3247 1247 3270 cem
1277 3233 1434 3271 dicimus.
1483 3233 1592 3270 Certe
1622 3231 1755 3270 Noster
1786 3230 1930 3265 velocem
1960 3237 2096 3275 equum
2126 3224 2211 3261 alibi

1176 3296 1256 3323 non
1279 3284 1391 3323 semel
1420 3283 1509 3322 dixit
1518 3298 1530 3329 3
1559 3284 1633 3322 hoe
1661 3294 1750 3369 vebro
1775 3281 1860 3317 loco
1888 3287 2026 3327 equum
2049 3274 2214 3365 desfcribit

1753 3343 1774 3369 2
2122 3335 2217 3368 rems
