<?xml version="1.0" encoding="UTF-8"?>
<!DOCTYPE html PUBLIC "-//W3C//DTD XHTML 1.0 Transitional//EN"
    "http://www.w3.org/TR/xhtml1/DTD/xhtml1-transitional.dtd">
<html xmlns="http://www.w3.org/1999/xhtml" xml:lang="en" lang="en">
 <head>
  <title>
</title>
<meta http-equiv="Content-Type" content="text/html;charset=utf-8" />
  <meta name='ocr-system' content='tesseract 3.04.00' />
  <meta name='ocr-capabilities' content='ocr_page ocr_carea ocr_par ocr_line ocrx_word'/>
</head>
<body>
  <div class='ocr_page' id='page_1' title='image "./publiiovidiinaso01ovid_0158.png"; bbox 0 0 2553 3676; ppageno 0'>
   <div class='ocr_carea' id='block_1_1' title="bbox 289 225 384 271">
    <p class='ocr_par' dir='ltr' id='par_1_1' title="bbox 289 225 384 271">
     <span class='ocr_line' id='line_1_1' title="bbox 289 225 384 271; baseline -0.021 -11"><span class='ocrx_word' id='word_1_1' title='bbox 289 225 384 271; x_wconf 78' lang='lat'>130</span> 
     </span>
    </p>
   </div>
   <div class='ocr_carea' id='block_1_2' title="bbox 790 178 1946 258">
    <p class='ocr_par' dir='ltr' id='par_1_2' title="bbox 790 178 1946 258">
     <span class='ocr_line' id='line_1_2' title="bbox 790 178 1946 258; baseline 0 -2"><span class='ocrx_word' id='word_1_2' title='bbox 790 178 1341 258; x_wconf 60' lang='lat' dir='ltr'>quV1D11</span> <span class='ocrx_word' id='word_1_3' title='bbox 1412 198 1946 257; x_wconf 78' lang='lat' dir='ltr'>NASONIS</span> 
     </span>
    </p>
   </div>
   <div class='ocr_carea' id='block_1_3' title="bbox 577 291 2067 503">
    <p class='ocr_par' dir='ltr' id='par_1_3' title="bbox 577 291 2067 503">
     <span class='ocr_line' id='line_1_3' title="bbox 577 291 1941 366; baseline -0.002 -18"><span class='ocrx_word' id='word_1_4' title='bbox 577 291 934 366; x_wconf 78' lang='lat' dir='ltr'>Instruxitque</span> <span class='ocrx_word' id='word_1_5' title='bbox 959 310 1177 347; x_wconf 86' lang='lat' dir='ltr'>manum</span> <span class='ocrx_word' id='word_1_6' title='bbox 1200 294 1344 347; x_wconf 84' lang='lat' dir='ltr'>clava</span> <span class='ocrx_word' id='word_1_7' title='bbox 1368 293 1656 348; x_wconf 83' lang='lat' dir='ltr'>domitrice</span> <span class='ocrx_word' id='word_1_8' title='bbox 1683 293 1941 349; x_wconf 86' lang='lat' dir='ltr'>ferarum:</span> 
     </span>
     <span class='ocr_line' id='line_1_4' title="bbox 652 365 1759 437; baseline -0.001 -15"><span class='ocrx_word' id='word_1_9' title='bbox 652 366 808 422; x_wconf 78' lang='lat' dir='ltr'>Vidit</span> <span class='ocrx_word' id='word_1_10' title='bbox 835 370 889 418; x_wconf 55' lang='grc' dir='ltr'>(ΣΥ</span> <span class='ocrx_word' id='word_1_11' title='bbox 915 367 972 419; x_wconf 90' lang='lat' dir='ltr'>in</span> <span class='ocrx_word' id='word_1_12' title='bbox 997 365 1213 437; x_wconf 86' lang='lat' dir='ltr'>speculo</span> <span class='ocrx_word' id='word_1_13' title='bbox 1237 366 1479 437; x_wconf 84' lang='lat' dir='ltr'>conjugis</span> <span class='ocrx_word' id='word_1_14' title='bbox 1504 384 1646 420; x_wconf 84' lang='lat' dir='ltr'>arma</span> <span class='ocrx_word' id='word_1_15' title='bbox 1669 367 1759 421; x_wconf 89' lang='lat' dir='ltr'>sui.</span> 
     </span>
     <span class='ocr_line' id='line_1_5' title="bbox 578 437 2067 503; baseline 0.001 -11"><span class='ocrx_word' id='word_1_16' title='bbox 578 437 737 493; x_wconf 81' lang='lat' dir='ltr'>Haec</span> <span class='ocrx_word' id='word_1_17' title='bbox 763 453 942 492; x_wconf 84' lang='lat' dir='ltr'>tamen</span> <span class='ocrx_word' id='word_1_18' title='bbox 965 438 1262 494; x_wconf 78' lang='lat' dir='ltr'>audieram:</span> <span class='ocrx_word' id='word_1_19' title='bbox 1304 440 1454 492; x_wconf 86' lang='lat' dir='ltr'>licuit</span> <span class='ocrx_word' id='word_1_20' title='bbox 1478 456 1589 491; x_wconf 90' lang='lat' dir='ltr'>non</span> <span class='ocrx_word' id='word_1_21' title='bbox 1613 440 1838 494; x_wconf 87' lang='lat' dir='ltr'>eredere</span> <span class='ocrx_word' id='word_1_22' title='bbox 1862 439 2067 503; x_wconf 77' lang='lat' dir='ltr'>famae3</span> 
     </span>
    </p>
   </div>
   <div class='ocr_carea' id='block_1_4' title="bbox 440 528 538 564">
    <p class='ocr_par' dir='ltr' id='par_1_4' title="bbox 440 528 538 564">
     <span class='ocr_line' id='line_1_6' title="bbox 440 528 538 564; baseline 0.02 -2"><span class='ocrx_word' id='word_1_23' title='bbox 440 528 538 564; x_wconf 79' lang='lat'>120</span> 
     </span>
    </p>
   </div>
   <div class='ocr_carea' id='block_1_5' title="bbox 651 510 1828 566">
    <p class='ocr_par' dir='ltr' id='par_1_5' title="bbox 651 510 1828 566">
     <span class='ocr_line' id='line_1_7' title="bbox 651 510 1828 566; baseline 0.002 -2"><span class='ocrx_word' id='word_1_24' title='bbox 651 510 737 564; x_wconf 76' lang='lat' dir='ltr'>En</span> <span class='ocrx_word' id='word_1_25' title='bbox 760 511 907 565; x_wconf 86' lang='lat' dir='ltr'>venit</span> <span class='ocrx_word' id='word_1_26' title='bbox 933 510 1000 564; x_wconf 86' lang='lat' dir='ltr'>ad</span> <span class='ocrx_word' id='word_1_27' title='bbox 1023 512 1194 565; x_wconf 89' lang='lat' dir='ltr'>sensus</span> <span class='ocrx_word' id='word_1_28' title='bbox 1218 512 1390 564; x_wconf 85' lang='lat' dir='ltr'>mollis</span> <span class='ocrx_word' id='word_1_29' title='bbox 1416 510 1479 563; x_wconf 88' lang='lat' dir='ltr'>ab</span> <span class='ocrx_word' id='word_1_30' title='bbox 1505 528 1630 564; x_wconf 89' lang='lat' dir='ltr'>aure</span> <span class='ocrx_word' id='word_1_31' title='bbox 1655 511 1828 566; x_wconf 88' lang='lat' dir='ltr'>dolor.</span> 
     </span>
    </p>
   </div>
   <div class='ocr_carea' id='block_1_6' title="bbox 580 581 1881 729">
    <p class='ocr_par' dir='ltr' id='par_1_6' title="bbox 580 581 1881 729">
     <span class='ocr_line' id='line_1_8' title="bbox 580 581 1879 654; baseline 0.002 -17"><span class='ocrx_word' id='word_1_32' title='bbox 580 585 729 637; x_wconf 89' lang='lat' dir='ltr'>Ante</span> <span class='ocrx_word' id='word_1_33' title='bbox 753 602 902 638; x_wconf 87' lang='lat' dir='ltr'>meos</span> <span class='ocrx_word' id='word_1_34' title='bbox 928 586 1113 638; x_wconf 88' lang='lat' dir='ltr'>oculos</span> <span class='ocrx_word' id='word_1_35' title='bbox 1136 583 1422 637; x_wconf 83' lang='lat' dir='ltr'>adducitur</span> <span class='ocrx_word' id='word_1_36' title='bbox 1446 581 1649 635; x_wconf 84' lang='lat' dir='ltr'>advena</span> <span class='ocrx_word' id='word_1_37' title='bbox 1674 585 1879 654; x_wconf 79' lang='lat' dir='ltr'>pellex:</span> 
     </span>
     <span class='ocr_line' id='line_1_9' title="bbox 657 653 1881 729; baseline -0.002 -15"><span class='ocrx_word' id='word_1_38' title='bbox 657 658 774 715; x_wconf 88' lang='lat' dir='ltr'>Nee</span> <span class='ocrx_word' id='word_1_39' title='bbox 800 657 958 719; x_wconf 85' lang='lat' dir='ltr'>mihi,</span> <span class='ocrx_word' id='word_1_40' title='bbox 996 675 1131 729; x_wconf 87' lang='lat' dir='ltr'>quae</span> <span class='ocrx_word' id='word_1_41' title='bbox 1155 655 1357 727; x_wconf 86' lang='lat' dir='ltr'>patior,</span> <span class='ocrx_word' id='word_1_42' title='bbox 1396 653 1716 710; x_wconf 71' lang='lat' dir='ltr'>dissimulare</span> <span class='ocrx_word' id='word_1_43' title='bbox 1741 657 1881 712; x_wconf 88' lang='lat' dir='ltr'>lieet.</span> 
     </span>
    </p>
   </div>
   <div class='ocr_carea' id='block_1_7' title="bbox 291 854 1346 1568">
    <p class='ocr_par' dir='ltr' id='par_1_7' title="bbox 291 854 1342 908">
     <span class='ocr_line' id='line_1_10' title="bbox 291 854 1342 908; baseline -0.001 -13"><span class='ocrx_word' id='word_1_44' title='bbox 291 870 406 897; x_wconf 78' lang='lat' dir='ltr'>vrri.</span> <span class='ocrx_word' id='word_1_45' title='bbox 435 870 517 908; x_wconf 75' lang='lat'>355.</span> <span class='ocrx_word' id='word_1_46' title='bbox 551 863 607 894; x_wconf 84' lang='lat' dir='ltr'>Ira</span> <span class='ocrx_word' id='word_1_47' title='bbox 627 857 699 905; x_wconf 85' lang='lat' dir='ltr'>seri</span> <span class='ocrx_word' id='word_1_48' title='bbox 727 865 820 893; x_wconf 86' lang='lat' dir='ltr'>mota</span> <span class='ocrx_word' id='word_1_49' title='bbox 841 854 908 903; x_wconf 85' lang='lat' dir='ltr'>est,</span> <span class='ocrx_word' id='word_1_50' title='bbox 929 855 974 893; x_wconf 90' lang='lat' dir='ltr'>de</span> <span class='ocrx_word' id='word_1_51' title='bbox 1003 867 1093 905; x_wconf 85' lang='lat' dir='ltr'>apro</span> <span class='ocrx_word' id='word_1_52' title='bbox 1115 855 1342 906; x_wconf 88' lang='lat' dir='ltr'>Calydonio.</span> 
     </span>
    </p>

    <p class='ocr_par' dir='ltr' id='par_1_8' title="bbox 292 910 1303 1048">
     <span class='ocr_line' id='line_1_11' title="bbox 292 910 1303 947; baseline -0.001 0"><span class='ocrx_word' id='word_1_53' title='bbox 292 910 332 947; x_wconf 62' lang='grc' dir='ltr'>ἃ</span> <span class='ocrx_word' id='word_1_54' title='bbox 388 910 443 946; x_wconf 63' lang='lat'>532,</span> <span class='ocrx_word' id='word_1_55' title='bbox 1301 910 1303 912; x_wconf 80' lang='grc'><strong>’</strong></span> 
     </span>
     <span class='ocr_line' id='line_1_12' title="bbox 342 921 1250 1015; baseline -0.003 -18"><span class='ocrx_word' id='word_1_56' title='bbox 342 921 432 1015; x_wconf 71' lang='lat' dir='ltr'>1-“3ixa</span> <span class='ocrx_word' id='word_1_57' title='bbox 447 960 513 1009; x_wconf 76' lang='lat' dir='ltr'>sub</span> <span class='ocrx_word' id='word_1_58' title='bbox 530 972 613 995; x_wconf 76' lang='lat' dir='ltr'>aare</span> <span class='ocrx_word' id='word_1_59' title='bbox 626 958 696 1005; x_wconf 86' lang='lat' dir='ltr'>feri</span> <span class='ocrx_word' id='word_1_60' title='bbox 710 957 895 1006; x_wconf 85' lang='lat' dir='ltr'>summum</span> <span class='ocrx_word' id='word_1_61' title='bbox 916 957 1095 1007; x_wconf 80' lang='lat' dir='ltr'>distrinxit</span> <span class='ocrx_word' id='word_1_62' title='bbox 1115 957 1250 995; x_wconf 86' lang='lat' dir='ltr'>arundo</span> 
     </span>
     <span class='ocr_line' id='line_1_13' title="bbox 343 1017 485 1048; baseline -0.007 0"><span class='ocrx_word' id='word_1_63' title='bbox 343 1017 411 1048; x_wconf 85' lang='lat' dir='ltr'>Cor</span> <span class='ocrx_word' id='word_1_64' title='bbox 435 1026 485 1047; x_wconf 88' lang='lat' dir='ltr'>us.</span> 
     </span>
    </p>

    <p class='ocr_par' dir='ltr' id='par_1_9' title="bbox 293 1021 1344 1111">
     <span class='ocr_line' id='line_1_14' title="bbox 293 1021 1344 1111; baseline 0 -12"><span class='ocrx_word' id='word_1_65' title='bbox 293 1021 507 1111; x_wconf 58' lang='lat' dir='ltr'>Quonliodo</span> <span class='ocrx_word' id='word_1_66' title='bbox 539 1060 719 1098; x_wconf 80' lang='lat' dir='ltr'>Phaedrus</span> <span class='ocrx_word' id='word_1_67' title='bbox 746 1059 791 1098; x_wconf 91' lang='lat' dir='ltr'>de</span> <span class='ocrx_word' id='word_1_68' title='bbox 822 1072 946 1098; x_wconf 84' lang='lat' dir='ltr'>cervo.</span> <span class='ocrx_word' id='word_1_69' title='bbox 967 1059 1028 1098; x_wconf 85' lang='lat' dir='ltr'>hb.</span> <span class='ocrx_word' id='word_1_70' title='bbox 1056 1073 1085 1098; x_wconf 91' lang='lat'>1.</span> <span class='ocrx_word' id='word_1_71' title='bbox 1107 1060 1287 1098; x_wconf 79' lang='lat' dir='ltr'>Fab.x11.</span> <span class='ocrx_word' id='word_1_72' title='bbox 1305 1072 1344 1099; x_wconf 87' lang='lat' dir='ltr'>v.</span> 
     </span>
    </p>

    <p class='ocr_par' dir='ltr' id='par_1_10' title="bbox 295 1111 1344 1162">
     <span class='ocr_line' id='line_1_15' title="bbox 295 1111 1344 1162; baseline 0 -13"><span class='ocrx_word' id='word_1_73' title='bbox 295 1124 355 1162; x_wconf 74' lang='lat'>39.</span> <span class='ocrx_word' id='word_1_74' title='bbox 385 1114 474 1149; x_wconf 80' lang='lat' dir='ltr'>item</span> <span class='ocrx_word' id='word_1_75' title='bbox 504 1112 549 1149; x_wconf 80' lang='lat' dir='ltr'>de</span> <span class='ocrx_word' id='word_1_76' title='bbox 574 1113 683 1149; x_wconf 87' lang='lat' dir='ltr'>leone</span> <span class='ocrx_word' id='word_1_77' title='bbox 707 1111 769 1148; x_wconf 91' lang='lat' dir='ltr'>lib.</span> <span class='ocrx_word' id='word_1_78' title='bbox 792 1124 820 1148; x_wconf 88' lang='lat'>1.</span> <span class='ocrx_word' id='word_1_79' title='bbox 842 1112 926 1148; x_wconf 77' lang='lat' dir='ltr'>Fab,</span> <span class='ocrx_word' id='word_1_80' title='bbox 948 1124 1025 1149; x_wconf 84' lang='lat' dir='ltr'>xxx.</span> <span class='ocrx_word' id='word_1_81' title='bbox 1048 1125 1169 1149; x_wconf 80' lang='lat' dir='ltr'>xxxu.</span> <span class='ocrx_word' id='word_1_82' title='bbox 1190 1112 1236 1150; x_wconf 90' lang='lat' dir='ltr'>de</span> <span class='ocrx_word' id='word_1_83' title='bbox 1254 1123 1344 1161; x_wconf 84' lang='lat' dir='ltr'>apro</span> 
     </span>
    </p>

    <p class='ocr_par' dir='ltr' id='par_1_11' title="bbox 295 1162 1346 1314">
     <span class='ocr_line' id='line_1_16' title="bbox 295 1162 1346 1211; baseline 0 -10"><span class='ocrx_word' id='word_1_84' title='bbox 295 1176 388 1201; x_wconf 66' lang='lat' dir='ltr'>nm⁴</span> <span class='ocrx_word' id='word_1_85' title='bbox 405 1165 441 1200; x_wconf 65' lang='grc' dir='ltr'>δε</span> <span class='ocrx_word' id='word_1_86' title='bbox 465 1163 510 1200; x_wconf 87' lang='lat' dir='ltr'>de</span> <span class='ocrx_word' id='word_1_87' title='bbox 530 1162 663 1199; x_wconf 85' lang='lat' dir='ltr'>eodem</span> <span class='ocrx_word' id='word_1_88' title='bbox 679 1174 766 1210; x_wconf 87' lang='lat' dir='ltr'>apro</span> <span class='ocrx_word' id='word_1_89' title='bbox 783 1162 995 1210; x_wconf 87' lang='lat' dir='ltr'>Calydonio</span> <span class='ocrx_word' id='word_1_90' title='bbox 1011 1163 1142 1200; x_wconf 86' lang='lat' dir='ltr'>Noster</span> <span class='ocrx_word' id='word_1_91' title='bbox 1154 1164 1346 1211; x_wconf 82' lang='lat' dir='ltr'>Met.422.</span> 
     </span>
     <span class='ocr_line' id='line_1_17' title="bbox 348 1212 1209 1263; baseline -0.001 -12"><span class='ocrx_word' id='word_1_92' title='bbox 348 1222 612 1263; x_wconf 77' lang='lat' dir='ltr'>Jmmanemque</span> <span class='ocrx_word' id='word_1_93' title='bbox 624 1214 745 1259; x_wconf 84' lang='lat' dir='ltr'>ferum</span> <span class='ocrx_word' id='word_1_94' title='bbox 767 1212 882 1250; x_wconf 82' lang='lat' dir='ltr'>multa</span> <span class='ocrx_word' id='word_1_95' title='bbox 900 1212 1022 1250; x_wconf 84' lang='lat' dir='ltr'>tellure</span> <span class='ocrx_word' id='word_1_96' title='bbox 1032 1215 1209 1262; x_wconf 81' lang='lat' dir='ltr'>jacentem</span> 
     </span>
     <span class='ocr_line' id='line_1_18' title="bbox 349 1264 706 1314; baseline 0 -13"><span class='ocrx_word' id='word_1_97' title='bbox 349 1265 525 1301; x_wconf 68' lang='lat' dir='ltr'>A‘Iirantes</span> <span class='ocrx_word' id='word_1_98' title='bbox 537 1264 706 1314; x_wconf 60' lang='lat' dir='ltr'>spec‘lant.</span> 
     </span>
    </p>

    <p class='ocr_par' dir='ltr' id='par_1_12' title="bbox 295 1315 1285 1468">
     <span class='ocr_line' id='line_1_19' title="bbox 295 1315 1285 1364; baseline 0.001 -11"><span class='ocrx_word' id='word_1_99' title='bbox 295 1315 355 1354; x_wconf 89' lang='lat' dir='ltr'>Sic</span> <span class='ocrx_word' id='word_1_100' title='bbox 375 1317 423 1353; x_wconf 91' lang='lat' dir='ltr'>ibi</span> <span class='ocrx_word' id='word_1_101' title='bbox 445 1315 564 1352; x_wconf 81' lang='lat' dir='ltr'>codex</span> <span class='ocrx_word' id='word_1_102' title='bbox 584 1316 694 1364; x_wconf 83' lang='lat' dir='ltr'>longe</span> <span class='ocrx_word' id='word_1_103' title='bbox 714 1316 890 1364; x_wconf 88' lang='lat' dir='ltr'>optimus.</span> <span class='ocrx_word' id='word_1_104' title='bbox 910 1315 1095 1353; x_wconf 80' lang='lat' dir='ltr'>Ausonius</span> <span class='ocrx_word' id='word_1_105' title='bbox 1116 1315 1226 1364; x_wconf 89' lang='lat' dir='ltr'>Epist.</span> <span class='ocrx_word' id='word_1_106' title='bbox 1246 1328 1285 1354; x_wconf 90' lang='lat' dir='ltr'>v.</span> 
     </span>
     <span class='ocr_line' id='line_1_20' title="bbox 345 1365 1239 1416; baseline 0.001 -14"><span class='ocrx_word' id='word_1_107' title='bbox 345 1370 411 1402; x_wconf 75' lang='lat' dir='ltr'>Aa</span> <span class='ocrx_word' id='word_1_108' title='bbox 427 1367 624 1415; x_wconf 76' lang='lat' dir='ltr'>spumantis</span> <span class='ocrx_word' id='word_1_109' title='bbox 642 1366 715 1416; x_wconf 83' lang='lat' dir='ltr'>apri</span> <span class='ocrx_word' id='word_1_110' title='bbox 739 1368 876 1416; x_wconf 84' lang='lat' dir='ltr'>cursum</span> <span class='ocrx_word' id='word_1_111' title='bbox 895 1365 1100 1403; x_wconf 83' lang='lat' dir='ltr'>clamoribus</span> <span class='ocrx_word' id='word_1_112' title='bbox 1121 1380 1215 1415; x_wconf 82' lang='lat' dir='ltr'><em>urges</em></span> <span class='ocrx_word' id='word_1_113' title='bbox 1228 1394 1239 1412; x_wconf 90' lang='lat'>,</span> 
     </span>
     <span class='ocr_line' id='line_1_21' title="bbox 350 1416 680 1468; baseline 0.003 -15"><span class='ocrx_word' id='word_1_114' title='bbox 350 1416 563 1468; x_wconf 71' lang='lat' dir='ltr'>Subsidisque</span> <span class='ocrx_word' id='word_1_115' title='bbox 577 1419 680 1464; x_wconf 85' lang='lat' dir='ltr'>sero?</span> 
     </span>
    </p>

    <p class='ocr_par' dir='ltr' id='par_1_13' title="bbox 295 1466 1344 1519">
     <span class='ocr_line' id='line_1_22' title="bbox 295 1466 1344 1519; baseline 0.002 -14"><span class='ocrx_word' id='word_1_116' title='bbox 295 1468 401 1505; x_wconf 89' lang='lat' dir='ltr'>Hinc</span> <span class='ocrx_word' id='word_1_117' title='bbox 418 1469 517 1515; x_wconf 76' lang='lat' dir='ltr'>ferus</span> <span class='ocrx_word' id='word_1_118' title='bbox 542 1478 621 1517; x_wconf 83' lang='lat' dir='ltr'>aper</span> <span class='ocrx_word' id='word_1_119' title='bbox 650 1468 775 1517; x_wconf 87' lang='lat' dir='ltr'>paffirn</span> <span class='ocrx_word' id='word_1_120' title='bbox 805 1469 956 1513; x_wconf 74' lang='lat' dir='ltr'>Poetis,</span> <span class='ocrx_word' id='word_1_121' title='bbox 985 1470 1023 1507; x_wconf 70' lang='grc' dir='ltr'>δε</span> <span class='ocrx_word' id='word_1_122' title='bbox 1042 1470 1156 1516; x_wconf 86' lang='lat' dir='ltr'>ferox.</span> <span class='ocrx_word' id='word_1_123' title='bbox 1191 1466 1238 1505; x_wconf 88' lang='lat' dir='ltr'>de</span> <span class='ocrx_word' id='word_1_124' title='bbox 1266 1480 1344 1519; x_wconf 89' lang='lat' dir='ltr'>quo</span> 
     </span>
    </p>

    <p class='ocr_par' dir='ltr' id='par_1_14' title="bbox 297 1519 1180 1568">
     <span class='ocr_line' id='line_1_23' title="bbox 297 1519 1180 1568; baseline 0 -12"><span class='ocrx_word' id='word_1_125' title='bbox 297 1519 394 1557; x_wconf 87' lang='lat' dir='ltr'>Met.</span> <span class='ocrx_word' id='word_1_126' title='bbox 420 1532 500 1556; x_wconf 90' lang='lat'>111.</span> <span class='ocrx_word' id='word_1_127' title='bbox 519 1519 574 1562; x_wconf 57' lang='lat' dir='ltr'>jes.</span> <span class='ocrx_word' id='word_1_128' title='bbox 596 1532 680 1568; x_wconf 80' lang='lat'>213.</span> <span class='ocrx_word' id='word_1_129' title='bbox 701 1521 796 1557; x_wconf 87' lang='lat' dir='ltr'>Met.</span> <span class='ocrx_word' id='word_1_130' title='bbox 818 1533 876 1557; x_wconf 85' lang='lat' dir='ltr'>xr.</span> <span class='ocrx_word' id='word_1_131' title='bbox 900 1532 981 1568; x_wconf 80' lang='lat'>395.</span> <span class='ocrx_word' id='word_1_132' title='bbox 1002 1520 1047 1558; x_wconf 87' lang='lat' dir='ltr'>de</span> <span class='ocrx_word' id='word_1_133' title='bbox 1069 1520 1180 1568; x_wconf 90' lang='lat' dir='ltr'>lupo:</span> 
     </span>
    </p>
   </div>
   <div class='ocr_carea' id='block_1_8' title="bbox 355 1570 1030 1669">
    <p class='ocr_par' dir='ltr' id='par_1_15' title="bbox 355 1570 1030 1669">
     <span class='ocr_line' id='line_1_24' title="bbox 595 1570 1030 1620; baseline 0.002 -14"><span class='ocrx_word' id='word_1_134' title='bbox 595 1570 870 1620; x_wconf 79' lang='lat' dir='ltr'>Vastatoremque</span> <span class='ocrx_word' id='word_1_135' title='bbox 893 1581 1030 1607; x_wconf 84' lang='lat' dir='ltr'>cruento</span> 
     </span>
     <span class='ocr_line' id='line_1_25' title="bbox 355 1621 735 1669; baseline 0.003 -13"><span class='ocrx_word' id='word_1_136' title='bbox 355 1625 422 1656; x_wconf 85' lang='lat' dir='ltr'>Ore</span> <span class='ocrx_word' id='word_1_137' title='bbox 431 1623 553 1666; x_wconf 88' lang='lat' dir='ltr'>ferum</span> <span class='ocrx_word' id='word_1_138' title='bbox 567 1621 735 1669; x_wconf 64' lang='lat' dir='ltr'>speciant.</span> 
     </span>
    </p>
   </div>
   <div class='ocr_carea' id='block_1_9' title="bbox 299 1670 1109 1820">
    <p class='ocr_par' dir='ltr' id='par_1_16' title="bbox 299 1670 1109 1820">
     <span class='ocr_line' id='line_1_26' title="bbox 299 1670 773 1720; baseline -0.002 -11"><span class='ocrx_word' id='word_1_139' title='bbox 299 1670 361 1709; x_wconf 86' lang='lat' dir='ltr'>De</span> <span class='ocrx_word' id='word_1_140' title='bbox 383 1671 496 1708; x_wconf 81' lang='lat' dir='ltr'>bubus</span> <span class='ocrx_word' id='word_1_141' title='bbox 519 1671 607 1708; x_wconf 71' lang='lat' dir='ltr'>Fast.</span> <span class='ocrx_word' id='word_1_142' title='bbox 635 1684 664 1708; x_wconf 79' lang='lat' dir='ltr'>r.</span> <span class='ocrx_word' id='word_1_143' title='bbox 689 1683 773 1720; x_wconf 77' lang='lat'>550.</span> 
     </span>
     <span class='ocr_line' id='line_1_27' title="bbox 353 1721 1109 1771; baseline 0.005 -14"><span class='ocrx_word' id='word_1_144' title='bbox 353 1726 524 1758; x_wconf 76' lang='lat' dir='ltr'>Traxerat</span> <span class='ocrx_word' id='word_1_145' title='bbox 544 1721 679 1771; x_wconf 85' lang='lat' dir='ltr'>aversos</span> <span class='ocrx_word' id='word_1_146' title='bbox 698 1727 812 1758; x_wconf 85' lang='lat' dir='ltr'>Cacus</span> <span class='ocrx_word' id='word_1_147' title='bbox 828 1722 866 1759; x_wconf 89' lang='lat' dir='ltr'>in</span> <span class='ocrx_word' id='word_1_148' title='bbox 884 1733 992 1760; x_wconf 85' lang='lat' dir='ltr'>antra</span> <span class='ocrx_word' id='word_1_149' title='bbox 1004 1724 1109 1771; x_wconf 80' lang='lat' dir='ltr'>feros.</span> 
     </span>
     <span class='ocr_line' id='line_1_28' title="bbox 301 1772 983 1820; baseline 0.003 -11"><span class='ocrx_word' id='word_1_150' title='bbox 301 1772 358 1809; x_wconf 84' lang='lat' dir='ltr'>Ut</span> <span class='ocrx_word' id='word_1_151' title='bbox 381 1772 511 1809; x_wconf 89' lang='lat' dir='ltr'>censeo</span> <span class='ocrx_word' id='word_1_152' title='bbox 531 1773 742 1820; x_wconf 85' lang='lat' dir='ltr'>legendum.</span> <span class='ocrx_word' id='word_1_153' title='bbox 775 1775 983 1811; x_wconf 56' lang='lat' dir='ltr'>l-lEiNsius.</span> 
     </span>
    </p>
   </div>
   <div class='ocr_carea' id='block_1_10' title="bbox 303 1823 1372 3348">
    <p class='ocr_par' dir='ltr' id='par_1_17' title="bbox 303 1823 1355 2177">
     <span class='ocr_line' id='line_1_29' title="bbox 358 1823 1351 1874; baseline 0.002 -14"><span class='ocrx_word' id='word_1_154' title='bbox 358 1835 438 1871; x_wconf 78' lang='lat'>115.</span> <span class='ocrx_word' id='word_1_155' title='bbox 464 1823 623 1859; x_wconf 80' lang='lat' dir='ltr'>Lernaeis</span> <span class='ocrx_word' id='word_1_156' title='bbox 649 1834 731 1859; x_wconf 82' lang='lat' dir='ltr'>atra</span> <span class='ocrx_word' id='word_1_157' title='bbox 750 1825 921 1874; x_wconf 62' lang='lat' dir='ltr'>venenis]</span> <span class='ocrx_word' id='word_1_158' title='bbox 953 1826 995 1861; x_wconf 91' lang='lat' dir='ltr'>ln</span> <span class='ocrx_word' id='word_1_159' title='bbox 1019 1823 1194 1862; x_wconf 85' lang='lat' dir='ltr'>Leidensi</span> <span class='ocrx_word' id='word_1_160' title='bbox 1222 1823 1351 1862; x_wconf 88' lang='lat' dir='ltr'>codice</span> 
     </span>
     <span class='ocr_line' id='line_1_30' title="bbox 303 1873 1350 1924; baseline 0.001 -14"><span class='ocrx_word' id='word_1_161' title='bbox 303 1881 379 1910; x_wconf 84' lang='lat' dir='ltr'>erat</span> <span class='ocrx_word' id='word_1_162' title='bbox 407 1873 492 1920; x_wconf 86' lang='lat' dir='ltr'>usta.</span> <span class='ocrx_word' id='word_1_163' title='bbox 529 1874 624 1911; x_wconf 87' lang='lat' dir='ltr'>forte</span> <span class='ocrx_word' id='word_1_164' title='bbox 649 1885 716 1922; x_wconf 88' lang='lat' dir='ltr'>pro</span> <span class='ocrx_word' id='word_1_165' title='bbox 743 1877 872 1919; x_wconf 63' lang='lat' dir='ltr'>aneia,</span> <span class='ocrx_word' id='word_1_166' title='bbox 900 1883 941 1913; x_wconf 83' lang='lat' dir='ltr'>ut</span> <span class='ocrx_word' id='word_1_167' title='bbox 975 1876 1100 1924; x_wconf 78' lang='lat' dir='ltr'>passim</span> <span class='ocrx_word' id='word_1_168' title='bbox 1130 1889 1251 1924; x_wconf 84' lang='lat' dir='ltr'>angere</span> <span class='ocrx_word' id='word_1_169' title='bbox 1281 1875 1350 1912; x_wconf 84' lang='lat' dir='ltr'>tela</span> 
     </span>
     <span class='ocr_line' id='line_1_31' title="bbox 303 1923 1350 1976; baseline 0.003 -15"><span class='ocrx_word' id='word_1_170' title='bbox 303 1932 438 1973; x_wconf 90' lang='lat' dir='ltr'>poetae</span> <span class='ocrx_word' id='word_1_171' title='bbox 479 1923 554 1962; x_wconf 90' lang='lat' dir='ltr'>duo</span> <span class='ocrx_word' id='word_1_172' title='bbox 577 1925 635 1962; x_wconf 86' lang='lat' dir='ltr'>alii</span> <span class='ocrx_word' id='word_1_173' title='bbox 658 1925 768 1961; x_wconf 59' lang='lat' dir='ltr'>tincra</span> <span class='ocrx_word' id='word_1_174' title='bbox 785 1953 795 1969; x_wconf 95' lang='lat'><strong>,</strong></span> <span class='ocrx_word' id='word_1_175' title='bbox 823 1925 926 1974; x_wconf 87' lang='lat' dir='ltr'>quod</span> <span class='ocrx_word' id='word_1_176' title='bbox 943 1926 1123 1975; x_wconf 88' lang='lat' dir='ltr'>loquendi</span> <span class='ocrx_word' id='word_1_177' title='bbox 1140 1938 1253 1976; x_wconf 86' lang='lat' dir='ltr'>genus</span> <span class='ocrx_word' id='word_1_178' title='bbox 1272 1939 1350 1964; x_wconf 90' lang='lat' dir='ltr'>non</span> 
     </span>
     <span class='ocr_line' id='line_1_32' title="bbox 304 1975 1352 2025; baseline 0.002 -13"><span class='ocrx_word' id='word_1_179' title='bbox 304 1975 427 2013; x_wconf 88' lang='lat' dir='ltr'>minus</span> <span class='ocrx_word' id='word_1_180' title='bbox 463 1976 632 2012; x_wconf 90' lang='lat' dir='ltr'>obvium.</span> <span class='ocrx_word' id='word_1_181' title='bbox 670 1975 716 2012; x_wconf 89' lang='lat' dir='ltr'>de</span> <span class='ocrx_word' id='word_1_182' title='bbox 746 1985 905 2025; x_wconf 86' lang='lat' dir='ltr'>utroque</span> <span class='ocrx_word' id='word_1_183' title='bbox 948 1978 1034 2014; x_wconf 89' lang='lat' dir='ltr'>vide</span> <span class='ocrx_word' id='word_1_184' title='bbox 1068 1979 1141 2015; x_wconf 84' lang='lat' dir='ltr'>huc</span> <span class='ocrx_word' id='word_1_185' title='bbox 1179 1978 1352 2014; x_wconf 82' lang='lat' dir='ltr'>facientia</span> 
     </span>
     <span class='ocr_line' id='line_1_33' title="bbox 304 2025 1355 2076; baseline 0.001 -13"><span class='ocrx_word' id='word_1_186' title='bbox 304 2025 474 2074; x_wconf 86' lang='lat' dir='ltr'>exempla</span> <span class='ocrx_word' id='word_1_187' title='bbox 486 2025 582 2075; x_wconf 85' lang='lat' dir='ltr'>apud</span> <span class='ocrx_word' id='word_1_188' title='bbox 603 2026 811 2076; x_wconf 82' lang='lat' dir='ltr'>Bentlejum</span> <span class='ocrx_word' id='word_1_189' title='bbox 834 2029 873 2064; x_wconf 90' lang='lat' dir='ltr'>in</span> <span class='ocrx_word' id='word_1_190' title='bbox 895 2027 1137 2066; x_wconf 73' lang='lat' dir='ltr'>eruditissimis</span> <span class='ocrx_word' id='word_1_191' title='bbox 1150 2028 1194 2065; x_wconf 89' lang='lat' dir='ltr'>ad</span> <span class='ocrx_word' id='word_1_192' title='bbox 1217 2029 1355 2065; x_wconf 82' lang='lat' dir='ltr'><strong>Horat.</strong></span> 
     </span>
     <span class='ocr_line' id='line_1_34' title="bbox 307 2076 1354 2128; baseline 0.001 -14"><span class='ocrx_word' id='word_1_193' title='bbox 307 2088 364 2114; x_wconf 83' lang='lat'>11.</span> <span class='ocrx_word' id='word_1_194' title='bbox 380 2076 454 2114; x_wconf 86' lang='lat' dir='ltr'>Od.</span> <span class='ocrx_word' id='word_1_195' title='bbox 477 2090 508 2114; x_wconf 86' lang='lat'>1.</span> <span class='ocrx_word' id='word_1_196' title='bbox 526 2078 634 2114; x_wconf 90' lang='lat' dir='ltr'>notis.</span> <span class='ocrx_word' id='word_1_197' title='bbox 648 2078 685 2115; x_wconf 90' lang='lat' dir='ltr'>in</span> <span class='ocrx_word' id='word_1_198' title='bbox 705 2078 820 2115; x_wconf 87' lang='lat' dir='ltr'>altero</span> <span class='ocrx_word' id='word_1_199' title='bbox 841 2080 943 2127; x_wconf 81' lang='lat' dir='ltr'>regio</span> <span class='ocrx_word' id='word_1_200' title='bbox 967 2079 1097 2117; x_wconf 86' lang='lat' dir='ltr'>codice</span> <span class='ocrx_word' id='word_1_201' title='bbox 1117 2079 1303 2128; x_wconf 83' lang='lat' dir='ltr'>legebatur</span> <span class='ocrx_word' id='word_1_202' title='bbox 1315 2078 1354 2115; x_wconf 91' lang='lat' dir='ltr'>in</span> 
     </span>
     <span class='ocr_line' id='line_1_35' title="bbox 307 2128 978 2177; baseline 0.004 -13"><span class='ocrx_word' id='word_1_203' title='bbox 307 2128 474 2176; x_wconf 85' lang='lat' dir='ltr'>margine</span> <span class='ocrx_word' id='word_1_204' title='bbox 493 2128 566 2166; x_wconf 91' lang='lat' dir='ltr'>hoc</span> <span class='ocrx_word' id='word_1_205' title='bbox 587 2129 753 2177; x_wconf 84' lang='lat' dir='ltr'>ineptum</span> <span class='ocrx_word' id='word_1_206' title='bbox 776 2129 952 2167; x_wconf 84' lang='lat' dir='ltr'>distichon</span> <span class='ocrx_word' id='word_1_207' title='bbox 971 2144 978 2167; x_wconf 90' lang='lat'><strong>:</strong></span> 
     </span>
    </p>

    <p class='ocr_par' dir='ltr' id='par_1_18' title="bbox 357 2178 1187 2228">
     <span class='ocr_line' id='line_1_36' title="bbox 357 2178 1187 2228; baseline -0.001 -12"><span class='ocrx_word' id='word_1_208' title='bbox 357 2179 503 2216; x_wconf 78' lang='lat' dir='ltr'>Femina</span> <span class='ocrx_word' id='word_1_209' title='bbox 526 2192 603 2214; x_wconf 85' lang='lat' dir='ltr'>cum</span> <span class='ocrx_word' id='word_1_210' title='bbox 623 2179 720 2215; x_wconf 85' lang='lat' dir='ltr'>miles</span> <span class='ocrx_word' id='word_1_211' title='bbox 733 2208 741 2222; x_wconf 93' lang='lat'><em>,</em></span> <span class='ocrx_word' id='word_1_212' title='bbox 769 2192 813 2219; x_wconf 66' lang='lat' dir='ltr'>&lt;y</span> <span class='ocrx_word' id='word_1_213' title='bbox 831 2180 929 2216; x_wconf 87' lang='lat' dir='ltr'>miles</span> <span class='ocrx_word' id='word_1_214' title='bbox 939 2181 1079 2228; x_wconf 81' lang='lat' dir='ltr'>femina</span> <span class='ocrx_word' id='word_1_215' title='bbox 1092 2178 1163 2226; x_wconf 86' lang='lat' dir='ltr'>fiat</span> <span class='ocrx_word' id='word_1_216' title='bbox 1177 2207 1187 2224; x_wconf 94' lang='lat'>‚</span> 
     </span>
    </p>

    <p class='ocr_par' dir='ltr' id='par_1_19' title="bbox 411 2228 1352 2281">
     <span class='ocr_line' id='line_1_37' title="bbox 411 2228 1352 2281; baseline 0.001 -15"><span class='ocrx_word' id='word_1_217' title='bbox 411 2230 536 2280; x_wconf 82' lang='lat' dir='ltr'>Incipit</span> <span class='ocrx_word' id='word_1_218' title='bbox 557 2228 613 2278; x_wconf 70' lang='lat' dir='ltr'>effe</span> <span class='ocrx_word' id='word_1_219' title='bbox 630 2230 722 2280; x_wconf 79' lang='lat' dir='ltr'>quod</span> <span class='ocrx_word' id='word_1_220' title='bbox 739 2244 790 2273; x_wconf 83' lang='lat' dir='ltr'>es,</span> <span class='ocrx_word' id='word_1_221' title='bbox 820 2229 941 2280; x_wconf 79' lang='lat' dir='ltr'>definis</span> <span class='ocrx_word' id='word_1_222' title='bbox 961 2232 1017 2280; x_wconf 75' lang='lat' dir='ltr'>effe</span> <span class='ocrx_word' id='word_1_223' title='bbox 1036 2230 1127 2281; x_wconf 75' lang='lat' dir='ltr'>quod</span> <span class='ocrx_word' id='word_1_224' title='bbox 1143 2244 1185 2266; x_wconf 86' lang='lat' dir='ltr'>es.</span> <span class='ocrx_word' id='word_1_225' title='bbox 1223 2229 1352 2267; x_wconf 63' lang='grc' dir='ltr'><strong><em>ΒΗΜΛ.</em></strong></span> 
     </span>
    </p>

    <p class='ocr_par' dir='ltr' id='par_1_20' title="bbox 307 2280 1361 2533">
     <span class='ocr_line' id='line_1_38' title="bbox 360 2280 1355 2330; baseline -0.002 -12"><span class='ocrx_word' id='word_1_226' title='bbox 360 2291 442 2329; x_wconf 89' lang='lat'>119.</span> <span class='ocrx_word' id='word_1_227' title='bbox 474 2288 565 2317; x_wconf 81' lang='lat' dir='ltr'>Haec</span> <span class='ocrx_word' id='word_1_228' title='bbox 585 2291 704 2316; x_wconf 85' lang='lat' dir='ltr'>tamen</span> <span class='ocrx_word' id='word_1_229' title='bbox 721 2281 935 2330; x_wconf 70' lang='lat' dir='ltr'>audieram]</span> <span class='ocrx_word' id='word_1_230' title='bbox 969 2282 1009 2318; x_wconf 92' lang='lat' dir='ltr'>ln</span> <span class='ocrx_word' id='word_1_231' title='bbox 1033 2280 1249 2330; x_wconf 88' lang='lat' dir='ltr'>quibusdam</span> <span class='ocrx_word' id='word_1_232' title='bbox 1272 2280 1355 2316; x_wconf 73' lang='lat' dir='ltr'>haec</span> 
     </span>
     <span class='ocr_line' id='line_1_39' title="bbox 307 2331 1357 2380; baseline 0 -12"><span class='ocrx_word' id='word_1_233' title='bbox 307 2341 452 2368; x_wconf 77' lang='lat' dir='ltr'>tantum</span> <span class='ocrx_word' id='word_1_234' title='bbox 489 2331 683 2368; x_wconf 63' lang='lat' dir='ltr'>audieram.</span> <span class='ocrx_word' id='word_1_235' title='bbox 728 2341 926 2380; x_wconf 86' lang='lat' dir='ltr'>utrumque</span> <span class='ocrx_word' id='word_1_236' title='bbox 955 2332 1065 2369; x_wconf 62' lang='lat' dir='ltr'>reue.</span> <span class='ocrx_word' id='word_1_237' title='bbox 1099 2334 1357 2369; x_wconf 60' lang='lat' dir='ltr'>Numenius.</span> 
     </span>
     <span class='ocr_line' id='line_1_40' title="bbox 309 2383 1359 2432; baseline 0 -12"><span class='ocrx_word' id='word_1_238' title='bbox 309 2384 359 2420; x_wconf 88' lang='lat' dir='ltr'>ita</span> <span class='ocrx_word' id='word_1_239' title='bbox 389 2391 531 2420; x_wconf 86' lang='lat' dir='ltr'>veteres</span> <span class='ocrx_word' id='word_1_240' title='bbox 560 2383 742 2420; x_wconf 80' lang='lat' dir='ltr'>editiones</span> <span class='ocrx_word' id='word_1_241' title='bbox 762 2412 772 2428; x_wconf 88' lang='lat'>,</span> <span class='ocrx_word' id='word_1_242' title='bbox 811 2383 871 2420; x_wconf 88' lang='lat' dir='ltr'>sed</span> <span class='ocrx_word' id='word_1_243' title='bbox 895 2384 1097 2432; x_wconf 82' lang='lat' dir='ltr'>Naugerius</span> <span class='ocrx_word' id='word_1_244' title='bbox 1116 2395 1193 2420; x_wconf 91' lang='lat' dir='ltr'>non</span> <span class='ocrx_word' id='word_1_245' title='bbox 1217 2384 1359 2431; x_wconf 88' lang='lat' dir='ltr'>impro-</span> 
     </span>
     <span class='ocr_line' id='line_1_41' title="bbox 308 2433 1361 2478; baseline 0.002 -8"><span class='ocrx_word' id='word_1_246' title='bbox 308 2433 369 2471; x_wconf 89' lang='lat' dir='ltr'>bat</span> <span class='ocrx_word' id='word_1_247' title='bbox 390 2433 472 2470; x_wconf 86' lang='lat' dir='ltr'>haec</span> <span class='ocrx_word' id='word_1_248' title='bbox 490 2444 633 2470; x_wconf 84' lang='lat' dir='ltr'>tantum</span> <span class='ocrx_word' id='word_1_249' title='bbox 648 2462 657 2478; x_wconf 89' lang='lat'>‚</span> <span class='ocrx_word' id='word_1_250' title='bbox 695 2442 734 2471; x_wconf 87' lang='lat' dir='ltr'>ut</span> <span class='ocrx_word' id='word_1_251' title='bbox 764 2433 938 2471; x_wconf 83' lang='lat' dir='ltr'>Lincoln.</span> <span class='ocrx_word' id='word_1_252' title='bbox 959 2436 997 2470; x_wconf 85' lang='lat'><strong>&amp;</strong></span> <span class='ocrx_word' id='word_1_253' title='bbox 1030 2433 1223 2471; x_wconf 88' lang='lat' dir='ltr'>Mediceus</span> <span class='ocrx_word' id='word_1_254' title='bbox 1252 2445 1361 2473; x_wconf 79' lang='lat' dir='ltr'>unus,</span> 
     </span>
     <span class='ocr_line' id='line_1_42' title="bbox 311 2484 1230 2533; baseline -0.001 -12"><span class='ocrx_word' id='word_1_255' title='bbox 311 2485 350 2521; x_wconf 88' lang='lat'>&amp;</span> <span class='ocrx_word' id='word_1_256' title='bbox 372 2485 503 2523; x_wconf 88' lang='lat' dir='ltr'>eadem</span> <span class='ocrx_word' id='word_1_257' title='bbox 527 2487 680 2522; x_wconf 85' lang='lat' dir='ltr'>varietas</span> <span class='ocrx_word' id='word_1_258' title='bbox 702 2484 750 2522; x_wconf 86' lang='lat' dir='ltr'>est</span> <span class='ocrx_word' id='word_1_259' title='bbox 772 2485 1230 2533; x_wconf 70' lang='lat' dir='ltr'>lib.11.Art.A1nat.4o5-.</span> 
     </span>
    </p>

    <p class='ocr_par' dir='ltr' id='par_1_21' title="bbox 313 2535 1334 2633">
     <span class='ocr_line' id='line_1_43' title="bbox 366 2535 1334 2585; baseline 0.001 -13"><span class='ocrx_word' id='word_1_260' title='bbox 366 2543 458 2573; x_wconf 82' lang='lat' dir='ltr'>Haec</span> <span class='ocrx_word' id='word_1_261' title='bbox 480 2546 599 2572; x_wconf 84' lang='lat' dir='ltr'>tamen</span> <span class='ocrx_word' id='word_1_262' title='bbox 619 2535 802 2581; x_wconf 78' lang='lat' dir='ltr'>audierat,</span> <span class='ocrx_word' id='word_1_263' title='bbox 831 2535 1033 2573; x_wconf 81' lang='lat' dir='ltr'>Priameida</span> <span class='ocrx_word' id='word_1_264' title='bbox 1052 2535 1193 2573; x_wconf 83' lang='lat' dir='ltr'>viderat</span> <span class='ocrx_word' id='word_1_265' title='bbox 1214 2535 1334 2585; x_wconf 81' lang='lat' dir='ltr'>ipsam.</span> 
     </span>
     <span class='ocr_line' id='line_1_44' title="bbox 313 2587 680 2633; baseline 0 -9"><span class='ocrx_word' id='word_1_266' title='bbox 313 2587 372 2625; x_wconf 84' lang='lat' dir='ltr'>Sic</span> <span class='ocrx_word' id='word_1_267' title='bbox 396 2601 423 2624; x_wconf 88' lang='lat'>1.</span> <span class='ocrx_word' id='word_1_268' title='bbox 450 2588 603 2624; x_wconf 80' lang='lat' dir='ltr'>Arn.1v.</span> <span class='ocrx_word' id='word_1_269' title='bbox 623 2599 680 2633; x_wconf 80' lang='lat'>41.</span> 
     </span>
    </p>

    <p class='ocr_par' dir='ltr' id='par_1_22' title="bbox 368 2637 803 2687">
     <span class='ocr_line' id='line_1_45' title="bbox 368 2637 803 2687; baseline 0.002 -14"><span class='ocrx_word' id='word_1_270' title='bbox 368 2645 457 2673; x_wconf 80' lang='lat' dir='ltr'>Haec</span> <span class='ocrx_word' id='word_1_271' title='bbox 482 2649 602 2675; x_wconf 84' lang='lat' dir='ltr'>tamen</span> <span class='ocrx_word' id='word_1_272' title='bbox 626 2637 803 2687; x_wconf 78' lang='lat' dir='ltr'>aspiciam.</span> 
     </span>
    </p>

    <p class='ocr_par' dir='ltr' id='par_1_23' title="bbox 313 2688 1372 3348">
     <span class='ocr_line' id='line_1_46' title="bbox 315 2688 1362 2739; baseline 0.003 -15"><span class='ocrx_word' id='word_1_273' title='bbox 315 2688 430 2724; x_wconf 88' lang='lat' dir='ltr'>Unde</span> <span class='ocrx_word' id='word_1_274' title='bbox 451 2699 598 2736; x_wconf 80' lang='lat' dir='ltr'>apparet</span> <span class='ocrx_word' id='word_1_275' title='bbox 620 2691 680 2726; x_wconf 92' lang='lat' dir='ltr'>hic</span> <span class='ocrx_word' id='word_1_276' title='bbox 696 2690 835 2739; x_wconf 79' lang='lat' dir='ltr'>sensum</span> <span class='ocrx_word' id='word_1_277' title='bbox 853 2691 999 2739; x_wconf 88' lang='lat' dir='ltr'>proprie</span> <span class='ocrx_word' id='word_1_278' title='bbox 1021 2690 1099 2739; x_wconf 82' lang='lat' dir='ltr'>capi</span> <span class='ocrx_word' id='word_1_279' title='bbox 1120 2689 1165 2727; x_wconf 86' lang='lat' dir='ltr'>de</span> <span class='ocrx_word' id='word_1_280' title='bbox 1186 2690 1302 2727; x_wconf 92' lang='lat' dir='ltr'>oculis</span> <span class='ocrx_word' id='word_1_281' title='bbox 1323 2690 1362 2727; x_wconf 67' lang='grc' dir='ltr'>ὃς</span> 
     </span>
     <span class='ocr_line' id='line_1_47' title="bbox 313 2739 1363 2780; baseline 0.002 -5"><span class='ocrx_word' id='word_1_282' title='bbox 313 2739 417 2780; x_wconf 66' lang='grc' dir='ltr'><strong>1·11ἰ1;</strong></span> <span class='ocrx_word' id='word_1_283' title='bbox 448 2750 486 2775; x_wconf 84' lang='lat' dir='ltr'>ut</span> <span class='ocrx_word' id='word_1_284' title='bbox 518 2740 687 2777; x_wconf 77' lang='lat' dir='ltr'>Heinsius</span> <span class='ocrx_word' id='word_1_285' title='bbox 711 2754 754 2778; x_wconf 80' lang='lat' dir='ltr'>ex</span> <span class='ocrx_word' id='word_1_286' title='bbox 780 2742 867 2779; x_wconf 75' lang='lat' dir='ltr'>loco</span> <span class='ocrx_word' id='word_1_287' title='bbox 891 2742 1082 2779; x_wconf 80' lang='lat' dir='ltr'>Ciceronis</span> <span class='ocrx_word' id='word_1_288' title='bbox 1105 2742 1235 2778; x_wconf 83' lang='lat' dir='ltr'>Divin.</span> <span class='ocrx_word' id='word_1_289' title='bbox 1257 2753 1287 2778; x_wconf 93' lang='lat' dir='ltr'>c.</span> <span class='ocrx_word' id='word_1_290' title='bbox 1307 2754 1363 2778; x_wconf 84' lang='lat' dir='ltr'>xr.</span> 
     </span>
     <span class='ocr_line' id='line_1_48' title="bbox 314 2789 1367 2842; baseline 0 -15"><span class='ocrx_word' id='word_1_291' title='bbox 314 2789 482 2827; x_wconf 75' lang='lat' dir='ltr'>illustrat:</span> <span class='ocrx_word' id='word_1_292' title='bbox 503 2791 651 2837; x_wconf 70' lang='lat' dir='ltr'>Putasne</span> <span class='ocrx_word' id='word_1_293' title='bbox 665 2792 746 2840; x_wconf 70' lang='lat' dir='ltr'>posse</span> <span class='ocrx_word' id='word_1_294' title='bbox 765 2792 803 2827; x_wconf 90' lang='lat' dir='ltr'>id</span> <span class='ocrx_word' id='word_1_295' title='bbox 816 2821 826 2837; x_wconf 89' lang='lat'>‚</span> <span class='ocrx_word' id='word_1_296' title='bbox 845 2792 934 2842; x_wconf 80' lang='lat' dir='ltr'>quod</span> <span class='ocrx_word' id='word_1_297' title='bbox 953 2807 994 2829; x_wconf 83' lang='lat' dir='ltr'>ex</span> <span class='ocrx_word' id='word_1_298' title='bbox 1014 2792 1177 2841; x_wconf 76' lang='lat' dir='ltr'>ejusmodi</span> <span class='ocrx_word' id='word_1_299' title='bbox 1197 2806 1231 2828; x_wconf 89' lang='lat' dir='ltr'>re</span> <span class='ocrx_word' id='word_1_300' title='bbox 1248 2792 1367 2828; x_wconf 85' lang='lat' dir='ltr'>maxi-</span> 
     </span>
     <span class='ocr_line' id='line_1_49' title="bbox 317 2839 1362 2892; baseline 0.001 -15"><span class='ocrx_word' id='word_1_301' title='bbox 317 2853 371 2877; x_wconf 85' lang='lat' dir='ltr'>me</span> <span class='ocrx_word' id='word_1_302' title='bbox 400 2839 615 2887; x_wconf 53' lang='lat' dir='ltr'>necessarium</span> <span class='ocrx_word' id='word_1_303' title='bbox 645 2842 685 2888; x_wconf 80' lang='lat' dir='ltr'>est</span> <span class='ocrx_word' id='word_1_304' title='bbox 706 2871 714 2884; x_wconf 88' lang='lat'><strong><em>‚</em></strong></span> <span class='ocrx_word' id='word_1_305' title='bbox 744 2846 882 2889; x_wconf 74' lang='lat' dir='ltr'>jacere,</span> <span class='ocrx_word' id='word_1_306' title='bbox 902 2854 942 2880; x_wconf 88' lang='lat' dir='ltr'>ut</span> <span class='ocrx_word' id='word_1_307' title='bbox 967 2857 1054 2892; x_wconf 83' lang='lat' dir='ltr'>quae</span> <span class='ocrx_word' id='word_1_308' title='bbox 1079 2843 1137 2879; x_wconf 89' lang='lat' dir='ltr'>ille</span> <span class='ocrx_word' id='word_1_309' title='bbox 1164 2842 1362 2891; x_wconf 82' lang='lat' dir='ltr'>libidinose,</span> 
     </span>
     <span class='ocr_line' id='line_1_50' title="bbox 317 2891 1367 2943; baseline 0.002 -16"><span class='ocrx_word' id='word_1_310' title='bbox 317 2905 405 2941; x_wconf 80' lang='lat' dir='ltr'>quae</span> <span class='ocrx_word' id='word_1_311' title='bbox 424 2891 552 2933; x_wconf 65' lang='lat' dir='ltr'>nefarie</span> <span class='ocrx_word' id='word_1_312' title='bbox 567 2920 575 2933; x_wconf 93' lang='lat'>‚</span> <span class='ocrx_word' id='word_1_313' title='bbox 597 2905 684 2940; x_wconf 71' lang='lat' dir='ltr'>quae</span> <span class='ocrx_word' id='word_1_314' title='bbox 704 2894 1017 2941; x_wconf 76' lang='lat' dir='ltr'>crudeliterfecerit</span> <span class='ocrx_word' id='word_1_315' title='bbox 1033 2923 1043 2939; x_wconf 89' lang='lat'>‚</span> <span class='ocrx_word' id='word_1_316' title='bbox 1066 2907 1104 2930; x_wconf 85' lang='lat' dir='ltr'>ea</span> <span class='ocrx_word' id='word_1_317' title='bbox 1120 2907 1226 2943; x_wconf 80' lang='lat' dir='ltr'>aeque</span> <span class='ocrx_word' id='word_1_318' title='bbox 1244 2893 1367 2930; x_wconf 78' lang='lat' dir='ltr'>acerba</span> 
     </span>
     <span class='ocr_line' id='line_1_51' title="bbox 317 2942 1367 2994; baseline 0.005 -18"><span class='ocrx_word' id='word_1_319' title='bbox 317 2954 361 2980; x_wconf 69' lang='lat'>(9-</span> <span class='ocrx_word' id='word_1_320' title='bbox 394 2942 537 2989; x_wconf 74' lang='lat' dir='ltr'>indigna</span> <span class='ocrx_word' id='word_1_321' title='bbox 569 2942 623 2989; x_wconf 71' lang='lat' dir='ltr'>effe</span> <span class='ocrx_word' id='word_1_322' title='bbox 650 2943 840 2979; x_wconf 75' lang='lat' dir='ltr'>videantur</span> <span class='ocrx_word' id='word_1_323' title='bbox 872 2945 915 2980; x_wconf 81' lang='lat' dir='ltr'>iis</span> <span class='ocrx_word' id='word_1_324' title='bbox 937 2973 947 2988; x_wconf 92' lang='lat'>‚</span> <span class='ocrx_word' id='word_1_325' title='bbox 984 2946 1044 2994; x_wconf 81' lang='lat' dir='ltr'>qui</span> <span class='ocrx_word' id='word_1_326' title='bbox 1065 2946 1235 2987; x_wconf 83' lang='lat' dir='ltr'>audient,</span> <span class='ocrx_word' id='word_1_327' title='bbox 1263 2955 1367 2994; x_wconf 78' lang='lat' dir='ltr'>atque</span> 
     </span>
     <span class='ocr_line' id='line_1_52' title="bbox 318 2991 1367 3040; baseline 0.004 -12"><span class='ocrx_word' id='word_1_328' title='bbox 318 2991 388 3029; x_wconf 85' lang='lat' dir='ltr'>illis</span> <span class='ocrx_word' id='word_1_329' title='bbox 418 2993 493 3040; x_wconf 77' lang='lat' dir='ltr'>vi&#39;sa</span> <span class='ocrx_word' id='word_1_330' title='bbox 516 2991 602 3039; x_wconf 82' lang='lat' dir='ltr'>sunt</span> <span class='ocrx_word' id='word_1_331' title='bbox 623 2993 681 3040; x_wconf 78' lang='lat' dir='ltr'>qui</span> <span class='ocrx_word' id='word_1_332' title='bbox 704 2994 894 3040; x_wconf 81' lang='lat' dir='ltr'>senserunt.</span> <span class='ocrx_word' id='word_1_333' title='bbox 923 2996 980 3031; x_wconf 87' lang='lat' dir='ltr'>cui</span> <span class='ocrx_word' id='word_1_334' title='bbox 998 2995 1090 3031; x_wconf 89' lang='lat' dir='ltr'>adde</span> <span class='ocrx_word' id='word_1_335' title='bbox 1109 2995 1284 3032; x_wconf 85' lang='lat' dir='ltr'>eumdem</span> <span class='ocrx_word' id='word_1_336' title='bbox 1306 2996 1367 3032; x_wconf 92' lang='lat' dir='ltr'>lib.</span> 
     </span>
     <span class='ocr_line' id='line_1_53' title="bbox 320 3042 1368 3092; baseline 0 -12"><span class='ocrx_word' id='word_1_337' title='bbox 320 3055 375 3080; x_wconf 77' lang='lat' dir='ltr'>lv.</span> <span class='ocrx_word' id='word_1_338' title='bbox 404 3043 447 3080; x_wconf 80' lang='lat' dir='ltr'>ad</span> <span class='ocrx_word' id='word_1_339' title='bbox 478 3042 580 3079; x_wconf 75' lang='lat' dir='ltr'>Fam.</span> <span class='ocrx_word' id='word_1_340' title='bbox 607 3055 640 3090; x_wconf 81' lang='lat'>9.</span> <span class='ocrx_word' id='word_1_341' title='bbox 672 3042 793 3078; x_wconf 78' lang='lat' dir='ltr'>Multa</span> <span class='ocrx_word' id='word_1_342' title='bbox 814 3043 1118 3092; x_wconf 67' lang='lat' dir='ltr'>videbisfbrtaffi’,</span> <span class='ocrx_word' id='word_1_343' title='bbox 1149 3058 1236 3092; x_wconf 76' lang='lat' dir='ltr'>quae</span> <span class='ocrx_word' id='word_1_344' title='bbox 1259 3045 1368 3089; x_wconf 84' lang='lat' dir='ltr'>nolis,</span> 
     </span>
     <span class='ocr_line' id='line_1_54' title="bbox 321 3093 1367 3144; baseline 0 -14"><span class='ocrx_word' id='word_1_345' title='bbox 321 3107 388 3130; x_wconf 85' lang='lat' dir='ltr'>non</span> <span class='ocrx_word' id='word_1_346' title='bbox 402 3093 506 3143; x_wconf 84' lang='lat' dir='ltr'>plura</span> <span class='ocrx_word' id='word_1_347' title='bbox 526 3104 644 3130; x_wconf 85' lang='lat' dir='ltr'>tamen</span> <span class='ocrx_word' id='word_1_348' title='bbox 658 3121 666 3135; x_wconf 95' lang='lat'>‚</span> <span class='ocrx_word' id='word_1_349' title='bbox 691 3106 797 3142; x_wconf 80' lang='lat' dir='ltr'>quam</span> <span class='ocrx_word' id='word_1_350' title='bbox 819 3094 921 3129; x_wconf 82' lang='lat' dir='ltr'>audis</span> <span class='ocrx_word' id='word_1_351' title='bbox 939 3095 1100 3144; x_wconf 81' lang='lat' dir='ltr'>quotidie.</span> <span class='ocrx_word' id='word_1_352' title='bbox 1129 3108 1196 3130; x_wconf 77' lang='lat' dir='ltr'>non</span> <span class='ocrx_word' id='word_1_353' title='bbox 1214 3094 1256 3140; x_wconf 86' lang='lat' dir='ltr'>est</span> <span class='ocrx_word' id='word_1_354' title='bbox 1270 3105 1367 3142; x_wconf 87' lang='lat' dir='ltr'>porro</span> 
     </span>
     <span class='ocr_line' id='line_1_55' title="bbox 322 3143 1367 3193; baseline 0 -12"><span class='ocrx_word' id='word_1_355' title='bbox 322 3155 423 3181; x_wconf 76' lang='lat' dir='ltr'>tuum</span> <span class='ocrx_word' id='word_1_356' title='bbox 452 3158 518 3180; x_wconf 73' lang='lat' dir='ltr'>uno</span> <span class='ocrx_word' id='word_1_357' title='bbox 538 3143 640 3193; x_wconf 76' lang='lat' dir='ltr'>sensu</span> <span class='ocrx_word' id='word_1_358' title='bbox 663 3143 778 3192; x_wconf 74' lang='lat' dir='ltr'>fhlum</span> <span class='ocrx_word' id='word_1_359' title='bbox 801 3144 973 3180; x_wconf 77' lang='lat' dir='ltr'>oculorum</span> <span class='ocrx_word' id='word_1_360' title='bbox 995 3145 1150 3188; x_wconf 72' lang='lat' dir='ltr'>moveri,</span> <span class='ocrx_word' id='word_1_361' title='bbox 1179 3145 1367 3181; x_wconf 77' lang='lat' dir='ltr'>cumidem</span> 
     </span>
     <span class='ocr_line' id='line_1_56' title="bbox 321 3194 1368 3246; baseline 0.001 -16"><span class='ocrx_word' id='word_1_362' title='bbox 321 3194 411 3231; x_wconf 74' lang='lat' dir='ltr'>illud</span> <span class='ocrx_word' id='word_1_363' title='bbox 428 3194 570 3231; x_wconf 68' lang='lat' dir='ltr'>auribus</span> <span class='ocrx_word' id='word_1_364' title='bbox 591 3194 753 3243; x_wconf 82' lang='lat' dir='ltr'>percipias</span> <span class='ocrx_word' id='word_1_365' title='bbox 767 3223 775 3238; x_wconf 97' lang='lat'><strong>‚</strong></span> <span class='ocrx_word' id='word_1_366' title='bbox 806 3196 897 3246; x_wconf 80' lang='lat' dir='ltr'>quod</span> <span class='ocrx_word' id='word_1_367' title='bbox 917 3195 1023 3231; x_wconf 85' lang='lat' dir='ltr'>etiam</span> <span class='ocrx_word' id='word_1_368' title='bbox 1044 3196 1157 3244; x_wconf 79' lang='lat' dir='ltr'>majus</span> <span class='ocrx_word' id='word_1_369' title='bbox 1178 3196 1291 3231; x_wconf 81' lang='lat' dir='ltr'>videri</span> <span class='ocrx_word' id='word_1_370' title='bbox 1311 3197 1368 3244; x_wconf 73' lang='lat' dir='ltr'>fh-</span> 
     </span>
     <span class='ocr_line' id='line_1_57' title="bbox 326 3244 1372 3295; baseline 0.001 -15"><span class='ocrx_word' id='word_1_371' title='bbox 326 3244 398 3287; x_wconf 84' lang='lat' dir='ltr'>let,</span> <span class='ocrx_word' id='word_1_372' title='bbox 434 3246 550 3281; x_wconf 68' lang='lat' dir='ltr'>minus</span> <span class='ocrx_word' id='word_1_373' title='bbox 584 3245 748 3283; x_wconf 86' lang='lat' dir='ltr'>laborare.</span> <span class='ocrx_word' id='word_1_374' title='bbox 776 3246 814 3282; x_wconf 71' lang='grc' dir='ltr'>ὃ(</span> <span class='ocrx_word' id='word_1_375' title='bbox 844 3247 874 3282; x_wconf 68' lang='lat' dir='ltr'>E</span> <span class='ocrx_word' id='word_1_376' title='bbox 903 3247 952 3283; x_wconf 83' lang='lat' dir='ltr'>ist.</span> <span class='ocrx_word' id='word_1_377' title='bbox 979 3246 1181 3295; x_wconf 79' lang='lat' dir='ltr'>sequente:</span> <span class='ocrx_word' id='word_1_378' title='bbox 1213 3246 1316 3294; x_wconf 51' lang='lat' dir='ltr'>§Quod</span> <span class='ocrx_word' id='word_1_379' title='bbox 1335 3245 1372 3294; x_wconf 81' lang='lat' dir='ltr'>si</span> 
     </span>
     <span class='ocr_line' id='line_1_58' title="bbox 324 3259 1369 3348; baseline 0.004 -16"><span class='ocrx_word' id='word_1_380' title='bbox 324 3295 465 3333; x_wconf 78' lang='lat' dir='ltr'>nullum</span> <span class='ocrx_word' id='word_1_381' title='bbox 493 3295 630 3334; x_wconf 77' lang='lat' dir='ltr'>haberes</span> <span class='ocrx_word' id='word_1_382' title='bbox 648 3296 790 3347; x_wconf 77' lang='lat' dir='ltr'>sensum</span> <span class='ocrx_word' id='word_1_383' title='bbox 823 3259 898 3348; x_wconf 65' lang='lat' dir='ltr'>nisi2</span> <span class='ocrx_word' id='word_1_384' title='bbox 914 3296 1086 3335; x_wconf 77' lang='lat' dir='ltr'>oculorum</span> <span class='ocrx_word' id='word_1_385' title='bbox 1107 3325 1117 3344; x_wconf 91' lang='lat'><strong><em>,</em></strong></span> <span class='ocrx_word' id='word_1_386' title='bbox 1137 3299 1275 3348; x_wconf 73' lang='lat' dir='ltr'>prorsus</span> <span class='ocrx_word' id='word_1_387' title='bbox 1305 3297 1369 3336; x_wconf 74' lang='lat' dir='ltr'>tibi</span> 
     </span>
    </p>
   </div>
   <div class='ocr_carea' id='block_1_11' title="bbox 479 1589 581 1597">
    <p class='ocr_par' dir='ltr' id='par_1_24' title="bbox 479 1589 581 1597">
     <span class='ocr_line' id='line_1_59' title="bbox 479 1589 581 1597; baseline 0 0"><span class='ocrx_word' id='word_1_388' title='bbox 479 1589 581 1597; x_wconf 95' lang='lat' dir='ltr'> </span> 
     </span>
    </p>
   </div>
   <div class='ocr_carea' id='block_1_12' title="bbox 2317 727 2447 787">
    <p class='ocr_par' dir='ltr' id='par_1_25' title="bbox 2317 727 2447 787">
     <span class='ocr_line' id='line_1_60' title="bbox 2317 727 2447 787; baseline 0.031 -4"><span class='ocrx_word' id='word_1_389' title='bbox 2317 727 2447 787; x_wconf 90' lang='lat' dir='ltr'>Non</span> 
     </span>
    </p>
   </div>
   <div class='ocr_carea' id='block_1_13' title="bbox 1396 853 2461 1975">
    <p class='ocr_par' dir='ltr' id='par_1_26' title="bbox 1396 853 2449 1007">
     <span class='ocr_line' id='line_1_61' title="bbox 1396 853 2446 907; baseline 0.005 -16"><span class='ocrx_word' id='word_1_390' title='bbox 1396 853 1597 904; x_wconf 79' lang='lat' dir='ltr'>ignoscerem</span> <span class='ocrx_word' id='word_1_391' title='bbox 1612 883 1621 899; x_wconf 92' lang='lat'><em>‚</em></span> <span class='ocrx_word' id='word_1_392' title='bbox 1629 853 1666 905; x_wconf 78' lang='lat' dir='ltr'>si</span> <span class='ocrx_word' id='word_1_393' title='bbox 1676 857 1843 906; x_wconf 84' lang='lat' dir='ltr'>quosdam</span> <span class='ocrx_word' id='word_1_394' title='bbox 1855 856 1959 894; x_wconf 86' lang='lat' dir='ltr'>nolles</span> <span class='ocrx_word' id='word_1_395' title='bbox 1970 855 2100 895; x_wconf 80' lang='lat' dir='ltr'>videre.</span> <span class='ocrx_word' id='word_1_396' title='bbox 2115 856 2201 896; x_wconf 87' lang='lat' dir='ltr'>vide</span> <span class='ocrx_word' id='word_1_397' title='bbox 2222 856 2261 895; x_wconf 89' lang='lat'>&amp;</span> <span class='ocrx_word' id='word_1_398' title='bbox 2281 857 2311 907; x_wconf 85' lang='lat' dir='ltr'>ej</span> <span class='ocrx_word' id='word_1_399' title='bbox 2318 857 2446 896; x_wconf 87' lang='lat' dir='ltr'>usdem</span> 
     </span>
     <span class='ocr_line' id='line_1_62' title="bbox 1397 907 2448 958; baseline 0.003 -15"><span class='ocrx_word' id='word_1_400' title='bbox 1397 907 1588 944; x_wconf 74' lang='lat' dir='ltr'>Partition.</span> <span class='ocrx_word' id='word_1_401' title='bbox 1602 919 1632 944; x_wconf 91' lang='lat' dir='ltr'>c.</span> <span class='ocrx_word' id='word_1_402' title='bbox 1643 907 1677 944; x_wconf 91' lang='lat'>6.</span> <span class='ocrx_word' id='word_1_403' title='bbox 1700 908 1738 944; x_wconf 71' lang='grc' dir='ltr'>ὅ(</span> <span class='ocrx_word' id='word_1_404' title='bbox 1754 907 1926 946; x_wconf 70' lang='lat' dir='ltr'>Albinov.</span> <span class='ocrx_word' id='word_1_405' title='bbox 1940 908 2090 957; x_wconf 87' lang='lat' dir='ltr'>Eleg.in</span> <span class='ocrx_word' id='word_1_406' title='bbox 2101 908 2207 946; x_wconf 86' lang='lat' dir='ltr'>Drus.</span> <span class='ocrx_word' id='word_1_407' title='bbox 2222 921 2303 958; x_wconf 79' lang='lat'>345.</span> <span class='ocrx_word' id='word_1_408' title='bbox 2322 910 2448 946; x_wconf 84' lang='lat' dir='ltr'>&amp;hoc</span> 
     </span>
     <span class='ocr_line' id='line_1_63' title="bbox 1399 958 2449 1007; baseline 0.002 -12"><span class='ocrx_word' id='word_1_409' title='bbox 1399 958 1446 995; x_wconf 87' lang='lat' dir='ltr'>est</span> <span class='ocrx_word' id='word_1_410' title='bbox 1462 986 1472 1003; x_wconf 87' lang='lat'>,</span> <span class='ocrx_word' id='word_1_411' title='bbox 1496 958 1600 1007; x_wconf 92' lang='lat' dir='ltr'>quod</span> <span class='ocrx_word' id='word_1_412' title='bbox 1620 958 1659 995; x_wconf 88' lang='lat' dir='ltr'>in</span> <span class='ocrx_word' id='word_1_413' title='bbox 1680 958 1749 996; x_wconf 81' lang='lat' dir='ltr'>alia</span> <span class='ocrx_word' id='word_1_414' title='bbox 1770 971 1808 996; x_wconf 91' lang='lat' dir='ltr'>re</span> <span class='ocrx_word' id='word_1_415' title='bbox 1829 958 1917 997; x_wconf 88' lang='lat' dir='ltr'>dicit</span> <span class='ocrx_word' id='word_1_416' title='bbox 1935 960 2112 997; x_wconf 80' lang='lat' dir='ltr'>Horatius</span> <span class='ocrx_word' id='word_1_417' title='bbox 2134 960 2215 997; x_wconf 84' lang='lat' dir='ltr'>Art.</span> <span class='ocrx_word' id='word_1_418' title='bbox 2236 960 2341 996; x_wconf 74' lang='lat' dir='ltr'>Poet.</span> <span class='ocrx_word' id='word_1_419' title='bbox 2366 959 2449 999; x_wconf 81' lang='lat'>180.</span> 
     </span>
    </p>

    <p class='ocr_par' dir='ltr' id='par_1_27' title="bbox 1452 1008 2303 1060">
     <span class='ocr_line' id='line_1_64' title="bbox 1452 1008 2303 1060; baseline 0.001 -15"><span class='ocrx_word' id='word_1_420' title='bbox 1452 1009 1590 1058; x_wconf 79' lang='lat' dir='ltr'>Segnius</span> <span class='ocrx_word' id='word_1_421' title='bbox 1606 1008 1754 1045; x_wconf 87' lang='lat' dir='ltr'>irritant</span> <span class='ocrx_word' id='word_1_422' title='bbox 1774 1010 1908 1047; x_wconf 87' lang='lat' dir='ltr'>animos</span> <span class='ocrx_word' id='word_1_423' title='bbox 1927 1009 2066 1059; x_wconf 77' lang='lat' dir='ltr'>demissa</span> <span class='ocrx_word' id='word_1_424' title='bbox 2084 1019 2141 1060; x_wconf 85' lang='lat' dir='ltr'>per</span> <span class='ocrx_word' id='word_1_425' title='bbox 2158 1023 2279 1047; x_wconf 89' lang='lat' dir='ltr'>aurem</span> <span class='ocrx_word' id='word_1_426' title='bbox 2293 1039 2303 1055; x_wconf 91' lang='lat'>‚</span> 
     </span>
    </p>

    <p class='ocr_par' dir='ltr' id='par_1_28' title="bbox 1451 1060 2452 1112">
     <span class='ocr_line' id='line_1_65' title="bbox 1451 1060 2452 1112; baseline 0.003 -16"><span class='ocrx_word' id='word_1_427' title='bbox 1451 1062 1573 1108; x_wconf 50' lang='lat' dir='ltr'>§Quam</span> <span class='ocrx_word' id='word_1_428' title='bbox 1593 1073 1681 1110; x_wconf 75' lang='lat' dir='ltr'>quae</span> <span class='ocrx_word' id='word_1_429' title='bbox 1696 1060 1782 1108; x_wconf 86' lang='lat' dir='ltr'>sunt</span> <span class='ocrx_word' id='word_1_430' title='bbox 1803 1061 1906 1098; x_wconf 87' lang='lat' dir='ltr'>ocu.is</span> <span class='ocrx_word' id='word_1_431' title='bbox 1918 1061 2072 1111; x_wconf 63' lang='lat' dir='ltr'>subjecffa</span> <span class='ocrx_word' id='word_1_432' title='bbox 2085 1060 2272 1109; x_wconf 85' lang='lat' dir='ltr'>fidelibus,</span> <span class='ocrx_word' id='word_1_433' title='bbox 2299 1072 2344 1101; x_wconf 69' lang='grc' dir='ltr'>ω’</span> <span class='ocrx_word' id='word_1_434' title='bbox 2363 1073 2452 1112; x_wconf 79' lang='lat' dir='ltr'>quae</span> 
     </span>
    </p>

    <p class='ocr_par' dir='ltr' id='par_1_29' title="bbox 1456 1109 1927 1161">
     <span class='ocr_line' id='line_1_66' title="bbox 1456 1109 1927 1161; baseline 0.006 -15"><span class='ocrx_word' id='word_1_435' title='bbox 1456 1111 1520 1159; x_wconf 86' lang='lat' dir='ltr'>Ipse</span> <span class='ocrx_word' id='word_1_436' title='bbox 1532 1109 1599 1160; x_wconf 81' lang='lat' dir='ltr'>fibi</span> <span class='ocrx_word' id='word_1_437' title='bbox 1620 1111 1734 1147; x_wconf 84' lang='lat' dir='ltr'>tradit</span> <span class='ocrx_word' id='word_1_438' title='bbox 1746 1111 1927 1161; x_wconf 71' lang='lat' dir='ltr'>speHator.</span> 
     </span>
    </p>

    <p class='ocr_par' dir='ltr' id='par_1_30' title="bbox 1401 1161 2456 1355">
     <span class='ocr_line' id='line_1_67' title="bbox 1401 1161 2452 1212; baseline 0.001 -13"><span class='ocrx_word' id='word_1_439' title='bbox 1401 1162 1501 1199; x_wconf 88' lang='lat' dir='ltr'>Vide</span> <span class='ocrx_word' id='word_1_440' title='bbox 1523 1162 1650 1199; x_wconf 87' lang='lat' dir='ltr'>Heius.</span> <span class='ocrx_word' id='word_1_441' title='bbox 1672 1161 1716 1200; x_wconf 85' lang='lat' dir='ltr'>ad</span> <span class='ocrx_word' id='word_1_442' title='bbox 1745 1163 1842 1201; x_wconf 88' lang='lat' dir='ltr'>Vell.</span> <span class='ocrx_word' id='word_1_443' title='bbox 1871 1164 1988 1201; x_wconf 81' lang='lat' dir='ltr'>Pater.</span> <span class='ocrx_word' id='word_1_444' title='bbox 2015 1175 2070 1200; x_wconf 83' lang='lat'>11.</span> <span class='ocrx_word' id='word_1_445' title='bbox 2095 1175 2151 1200; x_wconf 90' lang='lat'>12.</span> <span class='ocrx_word' id='word_1_446' title='bbox 2174 1162 2237 1200; x_wconf 88' lang='lat' dir='ltr'>ubi</span> <span class='ocrx_word' id='word_1_447' title='bbox 2257 1162 2366 1212; x_wconf 84' lang='lat' dir='ltr'>legit:</span> <span class='ocrx_word' id='word_1_448' title='bbox 2395 1167 2452 1200; x_wconf 81' lang='lat' dir='ltr'>En</span> 
     </span>
     <span class='ocr_line' id='line_1_68' title="bbox 1402 1212 2456 1263; baseline 0.004 -15"><span class='ocrx_word' id='word_1_449' title='bbox 1402 1213 1513 1249; x_wconf 80' lang='lat' dir='ltr'>venit.</span> <span class='ocrx_word' id='word_1_450' title='bbox 1541 1212 1589 1250; x_wconf 88' lang='lat' dir='ltr'>fic</span> <span class='ocrx_word' id='word_1_451' title='bbox 1618 1213 1804 1252; x_wconf 74' lang='lat' dir='ltr'>Arnobius</span> <span class='ocrx_word' id='word_1_452' title='bbox 1827 1226 1861 1263; x_wconf 92' lang='lat' dir='ltr'>p.</span> <span class='ocrx_word' id='word_1_453' title='bbox 1884 1214 1969 1252; x_wconf 82' lang='lat'>208.</span> <span class='ocrx_word' id='word_1_454' title='bbox 2001 1214 2092 1252; x_wconf 84' lang='lat' dir='ltr'>dixit</span> <span class='ocrx_word' id='word_1_455' title='bbox 2104 1213 2245 1263; x_wconf 82' lang='lat' dir='ltr'>sensum</span> <span class='ocrx_word' id='word_1_456' title='bbox 2265 1213 2456 1252; x_wconf 79' lang='lat' dir='ltr'>oculorum.</span> 
     </span>
     <span class='ocr_line' id='line_1_69' title="bbox 1404 1264 2453 1304; baseline 0.003 -3"><span class='ocrx_word' id='word_1_457' title='bbox 1404 1265 1443 1301; x_wconf 70' lang='grc' dir='ltr'>ὅ(</span> <span class='ocrx_word' id='word_1_458' title='bbox 1465 1264 1564 1301; x_wconf 89' lang='lat' dir='ltr'>hunc</span> <span class='ocrx_word' id='word_1_459' title='bbox 1580 1264 1707 1302; x_wconf 88' lang='lat' dir='ltr'>locum</span> <span class='ocrx_word' id='word_1_460' title='bbox 1731 1266 1827 1303; x_wconf 88' lang='lat' dir='ltr'>forte</span> <span class='ocrx_word' id='word_1_461' title='bbox 1850 1274 1934 1304; x_wconf 87' lang='lat' dir='ltr'>ante</span> <span class='ocrx_word' id='word_1_462' title='bbox 1956 1266 2084 1304; x_wconf 88' lang='lat' dir='ltr'>oculos</span> <span class='ocrx_word' id='word_1_463' title='bbox 2115 1266 2241 1304; x_wconf 86' lang='lat' dir='ltr'>habuit</span> <span class='ocrx_word' id='word_1_464' title='bbox 2261 1265 2453 1304; x_wconf 85' lang='lat' dir='ltr'>Orientius</span> 
     </span>
     <span class='ocr_line' id='line_1_70' title="bbox 1403 1315 1936 1355; baseline 0.004 -3"><span class='ocrx_word' id='word_1_465' title='bbox 1403 1315 1442 1352; x_wconf 89' lang='lat' dir='ltr'>in</span> <span class='ocrx_word' id='word_1_466' title='bbox 1466 1315 1777 1354; x_wconf 85' lang='lat' dir='ltr'>Commonitorio</span> <span class='ocrx_word' id='word_1_467' title='bbox 1797 1316 1857 1354; x_wconf 92' lang='lat' dir='ltr'>lib.</span> <span class='ocrx_word' id='word_1_468' title='bbox 1881 1329 1936 1355; x_wconf 91' lang='lat'>11.</span> 
     </span>
    </p>

    <p class='ocr_par' dir='ltr' id='par_1_31' title="bbox 1398 1366 2458 1822">
     <span class='ocr_line' id='line_1_71' title="bbox 1454 1366 2326 1417; baseline 0.003 -15"><span class='ocrx_word' id='word_1_469' title='bbox 1454 1366 1727 1417; x_wconf 76' lang='lat' dir='ltr'>Luminibusque</span> <span class='ocrx_word' id='word_1_470' title='bbox 1744 1367 1842 1404; x_wconf 83' lang='lat' dir='ltr'>illinc</span> <span class='ocrx_word' id='word_1_471' title='bbox 1857 1396 1866 1412; x_wconf 92' lang='lat'>‚</span> <span class='ocrx_word' id='word_1_472' title='bbox 1896 1368 1978 1405; x_wconf 86' lang='lat' dir='ltr'>hinc</span> <span class='ocrx_word' id='word_1_473' title='bbox 1998 1367 2098 1405; x_wconf 80' lang='lat' dir='ltr'>venit</span> <span class='ocrx_word' id='word_1_474' title='bbox 2118 1381 2202 1404; x_wconf 84' lang='lat' dir='ltr'>aure</span> <span class='ocrx_word' id='word_1_475' title='bbox 2220 1367 2326 1405; x_wconf 84' lang='lat' dir='ltr'>dolor.</span> 
     </span>
     <span class='ocr_line' id='line_1_72' title="bbox 1398 1415 2454 1467; baseline 0 -11"><span class='ocrx_word' id='word_1_476' title='bbox 1398 1415 1586 1456; x_wconf 79' lang='lat' dir='ltr'>Possemus</span> <span class='ocrx_word' id='word_1_477' title='bbox 1614 1420 1652 1456; x_wconf 72' lang='grc' dir='ltr'>ὃ(</span> <span class='ocrx_word' id='word_1_478' title='bbox 1682 1431 1810 1467; x_wconf 82' lang='lat' dir='ltr'>capere</span> <span class='ocrx_word' id='word_1_479' title='bbox 1842 1420 1933 1457; x_wconf 86' lang='lat' dir='ltr'>haec</span> <span class='ocrx_word' id='word_1_480' title='bbox 1964 1419 2072 1457; x_wconf 87' lang='lat' dir='ltr'>verba</span> <span class='ocrx_word' id='word_1_481' title='bbox 2100 1420 2149 1456; x_wconf 84' lang='lat' dir='ltr'>ita</span> <span class='ocrx_word' id='word_1_482' title='bbox 2172 1447 2182 1463; x_wconf 92' lang='lat'>,</span> <span class='ocrx_word' id='word_1_483' title='bbox 2220 1420 2258 1456; x_wconf 71' lang='grc' dir='ltr'>ὅ(</span> <span class='ocrx_word' id='word_1_484' title='bbox 2281 1417 2389 1456; x_wconf 91' lang='lat' dir='ltr'>dolor</span> <span class='ocrx_word' id='word_1_485' title='bbox 2407 1416 2454 1456; x_wconf 84' lang='lat' dir='ltr'>ab</span> 
     </span>
     <span class='ocr_line' id='line_1_73' title="bbox 1400 1469 2455 1518; baseline 0.002 -12"><span class='ocrx_word' id='word_1_486' title='bbox 1400 1480 1487 1506; x_wconf 87' lang='lat' dir='ltr'>aure</span> <span class='ocrx_word' id='word_1_487' title='bbox 1508 1469 1607 1505; x_wconf 84' lang='lat' dir='ltr'>venit</span> <span class='ocrx_word' id='word_1_488' title='bbox 1622 1498 1631 1512; x_wconf 90' lang='lat'><strong>‚</strong></span> <span class='ocrx_word' id='word_1_489' title='bbox 1661 1469 1754 1518; x_wconf 77' lang='lat' dir='ltr'>(pro</span> <span class='ocrx_word' id='word_1_490' title='bbox 1773 1470 1844 1514; x_wconf 83' lang='lat' dir='ltr'>est,</span> <span class='ocrx_word' id='word_1_491' title='bbox 1875 1479 1914 1508; x_wconf 89' lang='lat' dir='ltr'>ut</span> <span class='ocrx_word' id='word_1_492' title='bbox 1940 1470 2082 1508; x_wconf 87' lang='lat' dir='ltr'>millies.</span> <span class='ocrx_word' id='word_1_493' title='bbox 2103 1470 2178 1507; x_wconf 86' lang='lat' dir='ltr'>vid.</span> <span class='ocrx_word' id='word_1_494' title='bbox 2199 1469 2245 1507; x_wconf 86' lang='lat' dir='ltr'>ad</span> <span class='ocrx_word' id='word_1_495' title='bbox 2265 1469 2376 1518; x_wconf 89' lang='lat' dir='ltr'>Epist.</span> <span class='ocrx_word' id='word_1_496' title='bbox 2397 1481 2455 1508; x_wconf 87' lang='lat' dir='ltr'>1v.</span> 
     </span>
     <span class='ocr_line' id='line_1_74' title="bbox 1405 1519 2457 1570; baseline 0 -12"><span class='ocrx_word' id='word_1_497' title='bbox 1405 1519 1512 1568; x_wconf 80' lang='lat'>115.)</span> <span class='ocrx_word' id='word_1_498' title='bbox 1539 1521 1684 1565; x_wconf 88' lang='lat' dir='ltr'>mollis,</span> <span class='ocrx_word' id='word_1_499' title='bbox 1711 1520 1737 1557; x_wconf 88' lang='lat' dir='ltr'>fi</span> <span class='ocrx_word' id='word_1_500' title='bbox 1764 1530 1998 1570; x_wconf 83' lang='lat' dir='ltr'>comparetur</span> <span class='ocrx_word' id='word_1_501' title='bbox 2026 1533 2112 1558; x_wconf 89' lang='lat' dir='ltr'>cum</span> <span class='ocrx_word' id='word_1_502' title='bbox 2140 1520 2293 1564; x_wconf 86' lang='lat' dir='ltr'>dolore,</span> <span class='ocrx_word' id='word_1_503' title='bbox 2322 1521 2386 1570; x_wconf 89' lang='lat' dir='ltr'>qui</span> <span class='ocrx_word' id='word_1_504' title='bbox 2409 1520 2457 1558; x_wconf 87' lang='lat' dir='ltr'>ab</span> 
     </span>
     <span class='ocr_line' id='line_1_75' title="bbox 1402 1571 2458 1620; baseline 0 -12"><span class='ocrx_word' id='word_1_505' title='bbox 1402 1571 1518 1608; x_wconf 90' lang='lat' dir='ltr'>oculis</span> <span class='ocrx_word' id='word_1_506' title='bbox 1539 1572 1664 1608; x_wconf 87' lang='lat' dir='ltr'>venit:</span> <span class='ocrx_word' id='word_1_507' title='bbox 1695 1572 1846 1609; x_wconf 89' lang='lat' dir='ltr'>mollior</span> <span class='ocrx_word' id='word_1_508' title='bbox 1874 1572 1981 1609; x_wconf 88' lang='lat' dir='ltr'>dolor</span> <span class='ocrx_word' id='word_1_509' title='bbox 2011 1572 2059 1609; x_wconf 82' lang='lat' dir='ltr'>est</span> <span class='ocrx_word' id='word_1_510' title='bbox 2082 1571 2206 1608; x_wconf 88' lang='lat' dir='ltr'>audire</span> <span class='ocrx_word' id='word_1_511' title='bbox 2222 1600 2231 1615; x_wconf 97' lang='lat'>‚</span> <span class='ocrx_word' id='word_1_512' title='bbox 2260 1583 2374 1620; x_wconf 85' lang='lat' dir='ltr'>quam</span> <span class='ocrx_word' id='word_1_513' title='bbox 2397 1572 2458 1609; x_wconf 88' lang='lat' dir='ltr'>vi-</span> 
     </span>
     <span class='ocr_line' id='line_1_76' title="bbox 1403 1621 2455 1671; baseline 0.001 -13"><span class='ocrx_word' id='word_1_514' title='bbox 1403 1621 1501 1658; x_wconf 89' lang='lat' dir='ltr'>dere.</span> <span class='ocrx_word' id='word_1_515' title='bbox 1528 1630 1568 1658; x_wconf 88' lang='lat' dir='ltr'>ut</span> <span class='ocrx_word' id='word_1_516' title='bbox 1591 1622 1638 1656; x_wconf 89' lang='lat' dir='ltr'>ad</span> <span class='ocrx_word' id='word_1_517' title='bbox 1653 1621 1822 1659; x_wconf 80' lang='lat' dir='ltr'>inserviat</span> <span class='ocrx_word' id='word_1_518' title='bbox 1844 1623 1904 1659; x_wconf 89' lang='lat' dir='ltr'>hic</span> <span class='ocrx_word' id='word_1_519' title='bbox 1925 1622 2216 1670; x_wconf 80' lang='lat' dir='ltr'>comparationi,</span> <span class='ocrx_word' id='word_1_520' title='bbox 2245 1621 2335 1660; x_wconf 82' lang='lat' dir='ltr'>ficut</span> <span class='ocrx_word' id='word_1_521' title='bbox 2355 1621 2455 1671; x_wconf 89' lang='lat' dir='ltr'>apud</span> 
     </span>
     <span class='ocr_line' id='line_1_77' title="bbox 1405 1671 2455 1721; baseline 0 -12"><span class='ocrx_word' id='word_1_522' title='bbox 1405 1671 1565 1709; x_wconf 80' lang='lat' dir='ltr'>Terent.</span> <span class='ocrx_word' id='word_1_523' title='bbox 1585 1672 1755 1709; x_wconf 86' lang='lat' dir='ltr'>Eunuch.</span> <span class='ocrx_word' id='word_1_524' title='bbox 1782 1685 1837 1709; x_wconf 84' lang='lat'>11.</span> <span class='ocrx_word' id='word_1_525' title='bbox 1865 1684 1947 1710; x_wconf 87' lang='lat'>111.</span> <span class='ocrx_word' id='word_1_526' title='bbox 1971 1672 2031 1721; x_wconf 88' lang='lat'>69.</span> <span class='ocrx_word' id='word_1_527' title='bbox 2053 1676 2109 1708; x_wconf 88' lang='lat' dir='ltr'>At</span> <span class='ocrx_word' id='word_1_528' title='bbox 2129 1671 2219 1708; x_wconf 84' lang='lat' dir='ltr'>nihil</span> <span class='ocrx_word' id='word_1_529' title='bbox 2238 1672 2285 1707; x_wconf 86' lang='lat' dir='ltr'>ad</span> <span class='ocrx_word' id='word_1_530' title='bbox 2304 1672 2455 1719; x_wconf 87' lang='lat' dir='ltr'>nostram</span> 
     </span>
     <span class='ocr_line' id='line_1_78' title="bbox 1405 1721 2456 1760; baseline 0.002 -2"><span class='ocrx_word' id='word_1_531' title='bbox 1405 1721 1508 1759; x_wconf 81' lang='lat' dir='ltr'>hanc.</span> <span class='ocrx_word' id='word_1_532' title='bbox 1529 1723 1657 1760; x_wconf 87' lang='lat' dir='ltr'>Livius</span> <span class='ocrx_word' id='word_1_533' title='bbox 1686 1735 1783 1760; x_wconf 77' lang='lat' dir='ltr'>xxxi.</span> <span class='ocrx_word' id='word_1_534' title='bbox 1806 1735 1866 1760; x_wconf 84' lang='lat'>22.</span> <span class='ocrx_word' id='word_1_535' title='bbox 1894 1729 2004 1759; x_wconf 83' lang='lat' dir='ltr'>Homo</span> <span class='ocrx_word' id='word_1_536' title='bbox 2032 1736 2099 1760; x_wconf 86' lang='lat' dir='ltr'>non</span> <span class='ocrx_word' id='word_1_537' title='bbox 2119 1723 2167 1759; x_wconf 84' lang='lat' dir='ltr'>ad</span> <span class='ocrx_word' id='word_1_538' title='bbox 2190 1733 2298 1759; x_wconf 83' lang='lat' dir='ltr'>cetera</span> <span class='ocrx_word' id='word_1_539' title='bbox 2318 1722 2456 1760; x_wconf 85' lang='lat' dir='ltr'>Punica</span> 
     </span>
     <span class='ocr_line' id='line_1_79' title="bbox 1403 1772 2410 1822; baseline 0.001 -13"><span class='ocrx_word' id='word_1_540' title='bbox 1403 1773 1541 1822; x_wconf 73' lang='lat' dir='ltr'>ingenia</span> <span class='ocrx_word' id='word_1_541' title='bbox 1562 1772 1719 1810; x_wconf 84' lang='lat' dir='ltr'>callidus.</span> <span class='ocrx_word' id='word_1_542' title='bbox 1746 1773 1807 1812; x_wconf 81' lang='lat' dir='ltr'>sed</span> <span class='ocrx_word' id='word_1_543' title='bbox 1828 1775 1994 1822; x_wconf 79' lang='lat' dir='ltr'>praefero</span> <span class='ocrx_word' id='word_1_544' title='bbox 2011 1775 2120 1821; x_wconf 84' lang='lat' dir='ltr'>prius.</span> <span class='ocrx_word' id='word_1_545' title='bbox 2147 1773 2410 1810; x_wconf 77' lang='lat' dir='ltr'>BuRMANNus.</span> 
     </span>
    </p>

    <p class='ocr_par' dir='ltr' id='par_1_32' title="bbox 1407 1823 2461 1975">
     <span class='ocr_line' id='line_1_80' title="bbox 1462 1823 2461 1873; baseline -0.003 -11"><span class='ocrx_word' id='word_1_546' title='bbox 1462 1837 1541 1862; x_wconf 81' lang='lat'>121.</span> <span class='ocrx_word' id='word_1_547' title='bbox 1569 1824 1786 1861; x_wconf 83' lang='lat' dir='ltr'>Adducitur.</span> <span class='ocrx_word' id='word_1_548' title='bbox 1812 1824 1827 1873; x_wconf 86' lang='lat'>]</span> <span class='ocrx_word' id='word_1_549' title='bbox 1869 1823 2058 1861; x_wconf 82' lang='lat' dir='ltr'>Leidensis</span> <span class='ocrx_word' id='word_1_550' title='bbox 2096 1823 2215 1861; x_wconf 86' lang='lat' dir='ltr'>codex</span> <span class='ocrx_word' id='word_1_551' title='bbox 2248 1823 2461 1868; x_wconf 80' lang='lat' dir='ltr'>deducitur;</span> 
     </span>
     <span class='ocr_line' id='line_1_81' title="bbox 1407 1874 2459 1925; baseline -0.001 -12"><span class='ocrx_word' id='word_1_552' title='bbox 1407 1875 1511 1925; x_wconf 91' lang='lat' dir='ltr'>quod</span> <span class='ocrx_word' id='word_1_553' title='bbox 1537 1887 1616 1912; x_wconf 89' lang='lat' dir='ltr'>non</span> <span class='ocrx_word' id='word_1_554' title='bbox 1655 1875 1701 1911; x_wconf 89' lang='lat' dir='ltr'>de</span> <span class='ocrx_word' id='word_1_555' title='bbox 1736 1875 1864 1911; x_wconf 88' lang='lat' dir='ltr'>nihilo.</span> <span class='ocrx_word' id='word_1_556' title='bbox 1901 1883 2037 1912; x_wconf 88' lang='lat' dir='ltr'>notum</span> <span class='ocrx_word' id='word_1_557' title='bbox 2066 1875 2166 1912; x_wconf 90' lang='lat' dir='ltr'>enim</span> <span class='ocrx_word' id='word_1_558' title='bbox 2197 1874 2273 1911; x_wconf 92' lang='lat' dir='ltr'>hoc</span> <span class='ocrx_word' id='word_1_559' title='bbox 2301 1874 2459 1912; x_wconf 88' lang='lat' dir='ltr'>verbum</span> 
     </span>
     <span class='ocr_line' id='line_1_82' title="bbox 1409 1924 2460 1975; baseline -0.001 -11"><span class='ocrx_word' id='word_1_560' title='bbox 1409 1927 1535 1975; x_wconf 84' lang='lat' dir='ltr'>paffim</span> <span class='ocrx_word' id='word_1_561' title='bbox 1561 1925 1606 1962; x_wconf 90' lang='lat' dir='ltr'>de</span> <span class='ocrx_word' id='word_1_562' title='bbox 1640 1924 1889 1962; x_wconf 87' lang='lat' dir='ltr'>meretricibus</span> <span class='ocrx_word' id='word_1_563' title='bbox 1920 1926 1959 1962; x_wconf 64' lang='grc' dir='ltr'>ὃς</span> <span class='ocrx_word' id='word_1_564' title='bbox 1987 1924 2176 1974; x_wconf 87' lang='lat' dir='ltr'>pellicibus</span> <span class='ocrx_word' id='word_1_565' title='bbox 2206 1925 2310 1970; x_wconf 85' lang='lat' dir='ltr'>dici,</span> <span class='ocrx_word' id='word_1_566' title='bbox 2346 1933 2387 1963; x_wconf 87' lang='lat' dir='ltr'>ut</span> <span class='ocrx_word' id='word_1_567' title='bbox 2419 1925 2460 1963; x_wconf 86' lang='lat'>&amp;</span> 
     </span>
    </p>
   </div>
   <div class='ocr_carea' id='block_1_14' title="bbox 1401 1975 2458 2026">
    <p class='ocr_par' dir='ltr' id='par_1_33' title="bbox 1401 1975 2458 2026">
     <span class='ocr_line' id='line_1_83' title="bbox 1401 1975 2458 2026; baseline 0.001 -13"><span class='ocrx_word' id='word_1_568' title='bbox 1401 1976 1582 2026; x_wconf 82' lang='lat' dir='ltr'>perducere</span> <span class='ocrx_word' id='word_1_569' title='bbox 1594 1990 1604 2018; x_wconf 87' lang='lat'>;</span> <span class='ocrx_word' id='word_1_570' title='bbox 1630 1975 1677 2012; x_wconf 84' lang='lat' dir='ltr'>fic</span> <span class='ocrx_word' id='word_1_571' title='bbox 1693 1975 1783 2013; x_wconf 92' lang='lat' dir='ltr'>illud</span> <span class='ocrx_word' id='word_1_572' title='bbox 1797 1976 1987 2013; x_wconf 87' lang='lat' dir='ltr'>Ciceronis</span> <span class='ocrx_word' id='word_1_573' title='bbox 2005 1976 2101 2024; x_wconf 88' lang='lat' dir='ltr'>apud</span> <span class='ocrx_word' id='word_1_574' title='bbox 2115 1976 2267 2014; x_wconf 86' lang='lat' dir='ltr'>Sueton.</span> <span class='ocrx_word' id='word_1_575' title='bbox 2281 1976 2383 2013; x_wconf 86' lang='lat' dir='ltr'>Caes.</span> <span class='ocrx_word' id='word_1_576' title='bbox 2398 1989 2415 2023; x_wconf 81' lang='grc' dir='ltr'><em>ς</em></span> <span class='ocrx_word' id='word_1_577' title='bbox 2426 1988 2458 2015; x_wconf 87' lang='lat'>1.</span> 
     </span>
    </p>
   </div>
   <div class='ocr_carea' id='block_1_15' title="bbox 1405 2026 2509 3296">
    <p class='ocr_par' dir='ltr' id='par_1_34' title="bbox 1405 2026 2462 2329">
     <span class='ocr_line' id='line_1_84' title="bbox 1409 2026 2460 2076; baseline 0 -12"><span class='ocrx_word' id='word_1_578' title='bbox 1409 2027 1524 2064; x_wconf 84' lang='lat' dir='ltr'>Tertia</span> <span class='ocrx_word' id='word_1_579' title='bbox 1543 2026 1689 2062; x_wconf 61' lang='lat' dir='ltr'>dedubla</span> <span class='ocrx_word' id='word_1_580' title='bbox 1707 2026 1759 2073; x_wconf 86' lang='lat' dir='ltr'>est.</span> <span class='ocrx_word' id='word_1_581' title='bbox 1787 2026 1847 2064; x_wconf 89' lang='lat' dir='ltr'>sed</span> <span class='ocrx_word' id='word_1_582' title='bbox 1866 2028 1952 2076; x_wconf 80' lang='lat' dir='ltr'>quia</span> <span class='ocrx_word' id='word_1_583' title='bbox 1972 2027 2009 2064; x_wconf 86' lang='lat' dir='ltr'>in</span> <span class='ocrx_word' id='word_1_584' title='bbox 2026 2027 2100 2064; x_wconf 87' lang='lat' dir='ltr'>hoc</span> <span class='ocrx_word' id='word_1_585' title='bbox 2121 2027 2235 2064; x_wconf 88' lang='lat' dir='ltr'>verbo</span> <span class='ocrx_word' id='word_1_586' title='bbox 2256 2027 2379 2075; x_wconf 88' lang='lat' dir='ltr'>potius</span> <span class='ocrx_word' id='word_1_587' title='bbox 2398 2026 2460 2065; x_wconf 77' lang='lat' dir='ltr'>illa</span> 
     </span>
     <span class='ocr_line' id='line_1_85' title="bbox 1411 2076 2460 2121; baseline 0.001 -7"><span class='ocrx_word' id='word_1_588' title='bbox 1411 2078 1464 2115; x_wconf 89' lang='lat' dir='ltr'>vis</span> <span class='ocrx_word' id='word_1_589' title='bbox 1495 2077 1603 2121; x_wconf 86' lang='lat' dir='ltr'>insit,</span> <span class='ocrx_word' id='word_1_590' title='bbox 1632 2085 1671 2115; x_wconf 90' lang='lat' dir='ltr'>ut</span> <span class='ocrx_word' id='word_1_591' title='bbox 1698 2077 1837 2114; x_wconf 84' lang='lat' dir='ltr'>secreto</span> <span class='ocrx_word' id='word_1_592' title='bbox 1865 2077 2066 2114; x_wconf 86' lang='lat' dir='ltr'>deducatur</span> <span class='ocrx_word' id='word_1_593' title='bbox 2096 2078 2133 2114; x_wconf 90' lang='lat' dir='ltr'>in</span> <span class='ocrx_word' id='word_1_594' title='bbox 2152 2078 2334 2114; x_wconf 85' lang='lat' dir='ltr'>thalamos</span> <span class='ocrx_word' id='word_1_595' title='bbox 2356 2076 2460 2115; x_wconf 87' lang='lat' dir='ltr'>adul-</span> 
     </span>
     <span class='ocr_line' id='line_1_86' title="bbox 1411 2128 2460 2176; baseline 0.001 -11"><span class='ocrx_word' id='word_1_596' title='bbox 1411 2129 1479 2165; x_wconf 90' lang='lat' dir='ltr'>teri</span> <span class='ocrx_word' id='word_1_597' title='bbox 1506 2128 1566 2165; x_wconf 84' lang='lat' dir='ltr'>vel</span> <span class='ocrx_word' id='word_1_598' title='bbox 1586 2128 1758 2165; x_wconf 76' lang='lat' dir='ltr'>amatoris</span> <span class='ocrx_word' id='word_1_599' title='bbox 1777 2129 1896 2165; x_wconf 83' lang='lat' dir='ltr'>amica</span> <span class='ocrx_word' id='word_1_600' title='bbox 1912 2156 1923 2172; x_wconf 92' lang='lat'><strong>,</strong></span> <span class='ocrx_word' id='word_1_601' title='bbox 1950 2128 2136 2176; x_wconf 79' lang='lat' dir='ltr'>vulgatam</span> <span class='ocrx_word' id='word_1_602' title='bbox 2156 2129 2217 2165; x_wconf 92' lang='lat' dir='ltr'>hic</span> <span class='ocrx_word' id='word_1_603' title='bbox 2235 2128 2364 2172; x_wconf 86' lang='lat' dir='ltr'>servo;</span> <span class='ocrx_word' id='word_1_604' title='bbox 2395 2140 2460 2167; x_wconf 91' lang='lat' dir='ltr'>cu-</span> 
     </span>
     <span class='ocr_line' id='line_1_87' title="bbox 1405 2178 2460 2229; baseline -0.002 -12"><span class='ocrx_word' id='word_1_605' title='bbox 1405 2179 1465 2229; x_wconf 89' lang='lat' dir='ltr'>jus</span> <span class='ocrx_word' id='word_1_606' title='bbox 1495 2180 1607 2217; x_wconf 89' lang='lat' dir='ltr'>etiam</span> <span class='ocrx_word' id='word_1_607' title='bbox 1638 2179 1739 2216; x_wconf 83' lang='lat' dir='ltr'>verbi</span> <span class='ocrx_word' id='word_1_608' title='bbox 1766 2179 1803 2216; x_wconf 91' lang='lat' dir='ltr'>in</span> <span class='ocrx_word' id='word_1_609' title='bbox 1829 2180 1925 2228; x_wconf 88' lang='lat' dir='ltr'>turpi</span> <span class='ocrx_word' id='word_1_610' title='bbox 1948 2179 2179 2216; x_wconf 84' lang='lat' dir='ltr'>commercio</span> <span class='ocrx_word' id='word_1_611' title='bbox 2199 2179 2262 2217; x_wconf 89' lang='lat' dir='ltr'>illo</span> <span class='ocrx_word' id='word_1_612' title='bbox 2282 2179 2362 2216; x_wconf 91' lang='lat' dir='ltr'>usus</span> <span class='ocrx_word' id='word_1_613' title='bbox 2385 2178 2460 2223; x_wconf 87' lang='lat' dir='ltr'>est,</span> 
     </span>
     <span class='ocr_line' id='line_1_88' title="bbox 1412 2229 2462 2279; baseline -0.001 -12"><span class='ocrx_word' id='word_1_614' title='bbox 1412 2232 1450 2267; x_wconf 86' lang='lat'>&amp;</span> <span class='ocrx_word' id='word_1_615' title='bbox 1470 2231 1664 2279; x_wconf 81' lang='lat' dir='ltr'>praecipue</span> <span class='ocrx_word' id='word_1_616' title='bbox 1683 2231 1770 2267; x_wconf 89' lang='lat' dir='ltr'>huic</span> <span class='ocrx_word' id='word_1_617' title='bbox 1791 2230 1879 2268; x_wconf 89' lang='lat' dir='ltr'>loco</span> <span class='ocrx_word' id='word_1_618' title='bbox 1904 2231 2104 2275; x_wconf 85' lang='lat' dir='ltr'>convenit,</span> <span class='ocrx_word' id='word_1_619' title='bbox 2132 2230 2194 2268; x_wconf 92' lang='lat' dir='ltr'>ubi</span> <span class='ocrx_word' id='word_1_620' title='bbox 2215 2229 2359 2268; x_wconf 88' lang='lat' dir='ltr'>additur</span> <span class='ocrx_word' id='word_1_621' title='bbox 2378 2239 2462 2267; x_wconf 78' lang='lat' dir='ltr'>ante</span> 
     </span>
     <span class='ocr_line' id='line_1_89' title="bbox 1412 2281 1975 2329; baseline 0.002 -12"><span class='ocrx_word' id='word_1_622' title='bbox 1412 2281 1532 2318; x_wconf 85' lang='lat' dir='ltr'>oculos.</span> <span class='ocrx_word' id='word_1_623' title='bbox 1561 2290 1601 2319; x_wconf 86' lang='lat' dir='ltr'>ut</span> <span class='ocrx_word' id='word_1_624' title='bbox 1623 2282 1660 2318; x_wconf 84' lang='lat'>&amp;</span> <span class='ocrx_word' id='word_1_625' title='bbox 1683 2294 1761 2318; x_wconf 87' lang='lat'>111.</span> <span class='ocrx_word' id='word_1_626' title='bbox 1783 2281 1870 2319; x_wconf 86' lang='lat' dir='ltr'>Fast.</span> <span class='ocrx_word' id='word_1_627' title='bbox 1891 2281 1975 2329; x_wconf 74' lang='lat'><strong>483.</strong></span> 
     </span>
    </p>

    <p class='ocr_par' dir='ltr' id='par_1_35' title="bbox 1465 2331 2336 2381">
     <span class='ocr_line' id='line_1_90' title="bbox 1465 2331 2336 2381; baseline 0.001 -12"><span class='ocrx_word' id='word_1_628' title='bbox 1465 2332 1584 2381; x_wconf 86' lang='lat' dir='ltr'>Ausus</span> <span class='ocrx_word' id='word_1_629' title='bbox 1607 2346 1638 2369; x_wconf 84' lang='lat' dir='ltr'>es</span> <span class='ocrx_word' id='word_1_630' title='bbox 1658 2343 1740 2369; x_wconf 83' lang='lat' dir='ltr'>ante</span> <span class='ocrx_word' id='word_1_631' title='bbox 1759 2332 1866 2369; x_wconf 85' lang='lat' dir='ltr'>oculos</span> <span class='ocrx_word' id='word_1_632' title='bbox 1885 2333 2037 2369; x_wconf 65' lang='lat' dir='ltr'>adduc‘la</span> <span class='ocrx_word' id='word_1_633' title='bbox 2052 2331 2169 2381; x_wconf 81' lang='lat' dir='ltr'>pellice</span> <span class='ocrx_word' id='word_1_634' title='bbox 2189 2332 2336 2380; x_wconf 81' lang='lat' dir='ltr'>nostros,</span> 
     </span>
    </p>

    <p class='ocr_par' dir='ltr' id='par_1_36' title="bbox 1521 2382 2288 2433">
     <span class='ocr_line' id='line_1_91' title="bbox 1521 2382 2288 2433; baseline 0.001 -14"><span class='ocrx_word' id='word_1_635' title='bbox 1521 2390 1608 2419; x_wconf 84' lang='lat' dir='ltr'>Tam</span> <span class='ocrx_word' id='word_1_636' title='bbox 1625 2383 1705 2420; x_wconf 78' lang='lat' dir='ltr'>bene</span> <span class='ocrx_word' id='word_1_637' title='bbox 1726 2382 1941 2433; x_wconf 75' lang='lat' dir='ltr'>compositum</span> <span class='ocrx_word' id='word_1_638' title='bbox 1952 2382 2140 2432; x_wconf 68' lang='lat' dir='ltr'>fillicitare</span> <span class='ocrx_word' id='word_1_639' title='bbox 2160 2394 2288 2420; x_wconf 82' lang='lat' dir='ltr'>torum.</span> 
     </span>
    </p>

    <p class='ocr_par' dir='ltr' id='par_1_37' title="bbox 1415 2434 2509 2839">
     <span class='ocr_line' id='line_1_92' title="bbox 1415 2434 2462 2472; baseline 0.001 -1"><span class='ocrx_word' id='word_1_640' title='bbox 1415 2434 1492 2472; x_wconf 81' lang='lat' dir='ltr'>Ubi</span> <span class='ocrx_word' id='word_1_641' title='bbox 1515 2435 1643 2472; x_wconf 84' lang='lat' dir='ltr'>itidem</span> <span class='ocrx_word' id='word_1_642' title='bbox 1672 2435 1817 2471; x_wconf 61' lang='lat' dir='ltr'>dedum</span> <span class='ocrx_word' id='word_1_643' title='bbox 1838 2435 1885 2472; x_wconf 88' lang='lat' dir='ltr'>est</span> <span class='ocrx_word' id='word_1_644' title='bbox 1906 2436 1941 2472; x_wconf 90' lang='lat' dir='ltr'>in</span> <span class='ocrx_word' id='word_1_645' title='bbox 1963 2434 2092 2472; x_wconf 88' lang='lat' dir='ltr'>codice</span> <span class='ocrx_word' id='word_1_646' title='bbox 2114 2434 2283 2472; x_wconf 82' lang='lat' dir='ltr'>Francof.</span> <span class='ocrx_word' id='word_1_647' title='bbox 2304 2434 2462 2472; x_wconf 86' lang='lat' dir='ltr'>Terent.</span> 
     </span>
     <span class='ocr_line' id='line_1_93' title="bbox 1416 2484 2509 2535; baseline -0.003 -13"><span class='ocrx_word' id='word_1_648' title='bbox 1416 2485 1525 2523; x_wconf 83' lang='lat' dir='ltr'>Adel.</span> <span class='ocrx_word' id='word_1_649' title='bbox 1554 2498 1589 2523; x_wconf 75' lang='lat' dir='ltr'>v,</span> <span class='ocrx_word' id='word_1_650' title='bbox 1622 2498 1657 2533; x_wconf 86' lang='lat'>9.</span> <span class='ocrx_word' id='word_1_651' title='bbox 1689 2486 1858 2535; x_wconf 78' lang='lat' dir='ltr'>Obfimare</span> <span class='ocrx_word' id='word_1_652' title='bbox 1886 2499 1964 2522; x_wconf 73' lang='lat' dir='ltr'>cum</span> <span class='ocrx_word' id='word_1_653' title='bbox 1986 2484 2080 2532; x_wconf 86' lang='lat' dir='ltr'>fide,</span> <span class='ocrx_word' id='word_1_654' title='bbox 2101 2484 2255 2533; x_wconf 73' lang='lat' dir='ltr'>stortum</span> <span class='ocrx_word' id='word_1_655' title='bbox 2273 2486 2466 2530; x_wconf 81' lang='lat' dir='ltr'>adducere,</span> <span class='ocrx_word' id='word_1_656' title='bbox 2506 2515 2509 2518; x_wconf 19' lang='grc' dir='ltr'><em>Α</em></span> 
     </span>
     <span class='ocr_line' id='line_1_94' title="bbox 1417 2537 2466 2586; baseline 0 -14"><span class='ocrx_word' id='word_1_657' title='bbox 1417 2546 1580 2586; x_wconf 83' lang='lat' dir='ltr'>apparare</span> <span class='ocrx_word' id='word_1_658' title='bbox 1608 2537 1648 2573; x_wconf 82' lang='lat' dir='ltr'>de</span> <span class='ocrx_word' id='word_1_659' title='bbox 1673 2537 1728 2573; x_wconf 86' lang='lat' dir='ltr'>die</span> <span class='ocrx_word' id='word_1_660' title='bbox 1756 2537 1974 2574; x_wconf 70' lang='lat' dir='ltr'>convivium.</span> <span class='ocrx_word' id='word_1_661' title='bbox 2013 2537 2051 2574; x_wconf 87' lang='lat'>&amp;</span> <span class='ocrx_word' id='word_1_662' title='bbox 2079 2537 2217 2574; x_wconf 73' lang='lat' dir='ltr'>Heaut.</span> <span class='ocrx_word' id='word_1_663' title='bbox 2247 2548 2282 2574; x_wconf 91' lang='lat' dir='ltr'>V.</span> <span class='ocrx_word' id='word_1_664' title='bbox 2311 2551 2343 2581; x_wconf 81' lang='lat'>4.</span> <span class='ocrx_word' id='word_1_665' title='bbox 2384 2542 2466 2572; x_wconf 76' lang='lat' dir='ltr'>Non</span> 
     </span>
     <span class='ocr_line' id='line_1_95' title="bbox 1419 2586 2468 2636; baseline -0.001 -12"><span class='ocrx_word' id='word_1_666' title='bbox 1419 2587 1509 2624; x_wconf 77' lang='lat' dir='ltr'>mihi</span> <span class='ocrx_word' id='word_1_667' title='bbox 1527 2597 1585 2636; x_wconf 87' lang='lat' dir='ltr'>per</span> <span class='ocrx_word' id='word_1_668' title='bbox 1595 2587 1762 2635; x_wconf 73' lang='lat' dir='ltr'>fallacias</span> <span class='ocrx_word' id='word_1_669' title='bbox 1781 2588 1948 2624; x_wconf 81' lang='lat' dir='ltr'>adducere</span> <span class='ocrx_word' id='word_1_670' title='bbox 1975 2598 2058 2624; x_wconf 83' lang='lat' dir='ltr'>ante</span> <span class='ocrx_word' id='word_1_671' title='bbox 2085 2586 2204 2624; x_wconf 81' lang='lat' dir='ltr'>oculos.</span> <span class='ocrx_word' id='word_1_672' title='bbox 2233 2588 2272 2624; x_wconf 89' lang='lat'>&amp;</span> <span class='ocrx_word' id='word_1_673' title='bbox 2297 2588 2388 2625; x_wconf 81' lang='lat' dir='ltr'>Eun.</span> <span class='ocrx_word' id='word_1_674' title='bbox 2410 2599 2468 2624; x_wconf 84' lang='lat' dir='ltr'>1v.</span> 
     </span>
     <span class='ocr_line' id='line_1_96' title="bbox 1418 2636 2470 2686; baseline -0.002 -11"><span class='ocrx_word' id='word_1_675' title='bbox 1418 2649 1452 2684; x_wconf 93' lang='lat'>7.</span> <span class='ocrx_word' id='word_1_676' title='bbox 1482 2639 1556 2686; x_wconf 50' lang='grc' dir='ltr'>ἐξά</span> <span class='ocrx_word' id='word_1_677' title='bbox 1583 2639 1672 2675; x_wconf 76' lang='lat' dir='ltr'>mihi</span> <span class='ocrx_word' id='word_1_678' title='bbox 1699 2650 1781 2675; x_wconf 83' lang='lat' dir='ltr'>ante</span> <span class='ocrx_word' id='word_1_679' title='bbox 1810 2639 1919 2675; x_wconf 84' lang='lat' dir='ltr'>oculos</span> <span class='ocrx_word' id='word_1_680' title='bbox 1950 2651 2064 2674; x_wconf 86' lang='lat' dir='ltr'>coram</span> <span class='ocrx_word' id='word_1_681' title='bbox 2092 2648 2285 2675; x_wconf 81' lang='lat' dir='ltr'>amatorem</span> <span class='ocrx_word' id='word_1_682' title='bbox 2313 2636 2470 2674; x_wconf 77' lang='lat' dir='ltr'>adduxti</span> 
     </span>
     <span class='ocr_line' id='line_1_97' title="bbox 1418 2688 2468 2738; baseline -0.001 -12"><span class='ocrx_word' id='word_1_683' title='bbox 1418 2700 1534 2726; x_wconf 79' lang='lat' dir='ltr'>tuum.</span> <span class='ocrx_word' id='word_1_684' title='bbox 1573 2691 1611 2726; x_wconf 89' lang='lat'>&amp;</span> <span class='ocrx_word' id='word_1_685' title='bbox 1640 2691 1735 2727; x_wconf 87' lang='lat' dir='ltr'>hanc</span> <span class='ocrx_word' id='word_1_686' title='bbox 1763 2690 1964 2727; x_wconf 57' lang='lat' dir='ltr'>leffitionem</span> <span class='ocrx_word' id='word_1_687' title='bbox 1993 2689 2180 2738; x_wconf 84' lang='lat' dir='ltr'>sequentia</span> <span class='ocrx_word' id='word_1_688' title='bbox 2216 2688 2468 2726; x_wconf 79' lang='lat' dir='ltr'>confirmant:</span> 
     </span>
     <span class='ocr_line' id='line_1_98' title="bbox 1422 2738 2468 2789; baseline -0.001 -12"><span class='ocrx_word' id='word_1_689' title='bbox 1422 2740 1722 2788; x_wconf 62' lang='lat' dir='ltr'>Qtiinc‘iil.Decl.</span> <span class='ocrx_word' id='word_1_690' title='bbox 1743 2752 1990 2778; x_wconf 76' lang='lat' dir='ltr'>cccxxxvin.</span> <span class='ocrx_word' id='word_1_691' title='bbox 2015 2747 2053 2775; x_wconf 82' lang='lat' dir='ltr'>In</span> <span class='ocrx_word' id='word_1_692' title='bbox 2074 2749 2188 2775; x_wconf 83' lang='lat' dir='ltr'>torum</span> <span class='ocrx_word' id='word_1_693' title='bbox 2212 2740 2329 2775; x_wconf 77' lang='lat' dir='ltr'>uxoris</span> <span class='ocrx_word' id='word_1_694' title='bbox 2344 2738 2468 2789; x_wconf 84' lang='lat' dir='ltr'>prioris</span> 
     </span>
     <span class='ocr_line' id='line_1_99' title="bbox 1422 2790 2391 2839; baseline 0 -12"><span class='ocrx_word' id='word_1_695' title='bbox 1422 2791 1558 2839; x_wconf 78' lang='lat' dir='ltr'>vestigio</span> <span class='ocrx_word' id='word_1_696' title='bbox 1579 2791 1746 2828; x_wconf 81' lang='lat' dir='ltr'>calentem</span> <span class='ocrx_word' id='word_1_697' title='bbox 1765 2791 1918 2827; x_wconf 65' lang='lat' dir='ltr'>addafia</span> <span class='ocrx_word' id='word_1_698' title='bbox 1939 2790 1981 2837; x_wconf 87' lang='lat' dir='ltr'>est</span> <span class='ocrx_word' id='word_1_699' title='bbox 2003 2803 2095 2826; x_wconf 79' lang='lat' dir='ltr'>nova</span> <span class='ocrx_word' id='word_1_700' title='bbox 2115 2799 2233 2839; x_wconf 84' lang='lat' dir='ltr'>nupta.</span> <span class='ocrx_word' id='word_1_701' title='bbox 2262 2790 2391 2827; x_wconf 77' lang='lat' dir='ltr'>BURM.</span> 
     </span>
    </p>

    <p class='ocr_par' dir='ltr' id='par_1_38' title="bbox 1422 2839 2472 3296">
     <span class='ocr_line' id='line_1_100' title="bbox 1479 2839 2470 2891; baseline -0.001 -12"><span class='ocrx_word' id='word_1_702' title='bbox 1479 2854 1558 2891; x_wconf 78' lang='lat'>123.</span> <span class='ocrx_word' id='word_1_703' title='bbox 1597 2849 1677 2879; x_wconf 82' lang='lat' dir='ltr'>Non</span> <span class='ocrx_word' id='word_1_704' title='bbox 1700 2841 1798 2891; x_wconf 81' lang='lat' dir='ltr'>finis.</span> <span class='ocrx_word' id='word_1_705' title='bbox 1818 2842 1833 2891; x_wconf 89' lang='lat'>]</span> <span class='ocrx_word' id='word_1_706' title='bbox 1873 2843 2076 2878; x_wconf 82' lang='lat' dir='ltr'>Puteaneus</span> <span class='ocrx_word' id='word_1_707' title='bbox 2113 2853 2132 2877; x_wconf 87' lang='lat' dir='ltr'>a</span> <span class='ocrx_word' id='word_1_708' title='bbox 2168 2853 2281 2878; x_wconf 85' lang='lat' dir='ltr'>manu</span> <span class='ocrx_word' id='word_1_709' title='bbox 2314 2839 2470 2879; x_wconf 83' lang='lat' dir='ltr'>secunda</span> 
     </span>
     <span class='ocr_line' id='line_1_101' title="bbox 1424 2892 2472 2942; baseline -0.002 -11"><span class='ocrx_word' id='word_1_710' title='bbox 1424 2907 1508 2931; x_wconf 82' lang='lat' dir='ltr'>num</span> <span class='ocrx_word' id='word_1_711' title='bbox 1518 2892 1630 2942; x_wconf 78' lang='lat' dir='ltr'>sinis?</span> <span class='ocrx_word' id='word_1_712' title='bbox 1659 2893 1856 2942; x_wconf 79' lang='lat' dir='ltr'>elegantius</span> <span class='ocrx_word' id='word_1_713' title='bbox 1871 2920 1881 2936; x_wconf 93' lang='lat'>,</span> <span class='ocrx_word' id='word_1_714' title='bbox 1900 2901 1940 2929; x_wconf 87' lang='lat' dir='ltr'>ut</span> <span class='ocrx_word' id='word_1_715' title='bbox 1962 2900 2075 2940; x_wconf 84' lang='lat' dir='ltr'>puto:</span> <span class='ocrx_word' id='word_1_716' title='bbox 2105 2892 2240 2929; x_wconf 84' lang='lat' dir='ltr'>habent</span> <span class='ocrx_word' id='word_1_717' title='bbox 2269 2893 2368 2929; x_wconf 86' lang='lat' dir='ltr'>enim</span> <span class='ocrx_word' id='word_1_718' title='bbox 2391 2903 2472 2929; x_wconf 81' lang='lat' dir='ltr'>ma-</span> 
     </span>
     <span class='ocr_line' id='line_1_102' title="bbox 1422 2943 2470 2994; baseline -0.001 -13"><span class='ocrx_word' id='word_1_719' title='bbox 1422 2957 1534 2994; x_wconf 82' lang='lat' dir='ltr'>gnam</span> <span class='ocrx_word' id='word_1_720' title='bbox 1564 2945 1641 2982; x_wconf 86' lang='lat' dir='ltr'>vim</span> <span class='ocrx_word' id='word_1_721' title='bbox 1674 2945 1710 2980; x_wconf 92' lang='lat' dir='ltr'>in</span> <span class='ocrx_word' id='word_1_722' title='bbox 1739 2943 2077 2992; x_wconf 81' lang='lat' dir='ltr'>exprobrationibus</span> <span class='ocrx_word' id='word_1_723' title='bbox 2107 2943 2186 2980; x_wconf 76' lang='lat' dir='ltr'>illae</span> <span class='ocrx_word' id='word_1_724' title='bbox 2211 2944 2470 2992; x_wconf 81' lang='lat' dir='ltr'>interrogatio-</span> 
     </span>
     <span class='ocr_line' id='line_1_103' title="bbox 1423 2993 2471 3044; baseline -0.001 -13"><span class='ocrx_word' id='word_1_725' title='bbox 1423 3008 1485 3032; x_wconf 85' lang='lat' dir='ltr'>nes</span> <span class='ocrx_word' id='word_1_726' title='bbox 1511 3023 1521 3039; x_wconf 89' lang='lat'>,</span> <span class='ocrx_word' id='word_1_727' title='bbox 1558 3007 1652 3044; x_wconf 76' lang='lat' dir='ltr'>quae</span> <span class='ocrx_word' id='word_1_728' title='bbox 1682 2995 1718 3031; x_wconf 92' lang='lat' dir='ltr'>in</span> <span class='ocrx_word' id='word_1_729' title='bbox 1754 2995 1821 3031; x_wconf 82' lang='lat' dir='ltr'>hac</span> <span class='ocrx_word' id='word_1_730' title='bbox 1862 2994 2009 3042; x_wconf 77' lang='lat' dir='ltr'>epistola</span> <span class='ocrx_word' id='word_1_731' title='bbox 2040 2994 2318 3043; x_wconf 79' lang='lat' dir='ltr'>frequentiores.</span> <span class='ocrx_word' id='word_1_732' title='bbox 2354 2993 2471 3031; x_wconf 87' lang='lat' dir='ltr'>sensus</span> 
     </span>
     <span class='ocr_line' id='line_1_104' title="bbox 1424 3044 2471 3093; baseline -0.001 -11"><span class='ocrx_word' id='word_1_733' title='bbox 1424 3058 1538 3082; x_wconf 82' lang='lat' dir='ltr'>vero:</span> <span class='ocrx_word' id='word_1_734' title='bbox 1571 3051 1629 3081; x_wconf 69' lang='lat' dir='ltr'>An</span> <span class='ocrx_word' id='word_1_735' title='bbox 1653 3057 1735 3092; x_wconf 86' lang='lat' dir='ltr'>prae</span> <span class='ocrx_word' id='word_1_736' title='bbox 1755 3044 1896 3092; x_wconf 79' lang='lat' dir='ltr'>pudore</span> <span class='ocrx_word' id='word_1_737' title='bbox 1919 3045 2024 3093; x_wconf 85' lang='lat' dir='ltr'>jubes</span> <span class='ocrx_word' id='word_1_738' title='bbox 2052 3045 2150 3082; x_wconf 83' lang='lat' dir='ltr'>illam</span> <span class='ocrx_word' id='word_1_739' title='bbox 2182 3045 2239 3082; x_wconf 85' lang='lat' dir='ltr'>via</span> <span class='ocrx_word' id='word_1_740' title='bbox 2270 3045 2403 3082; x_wconf 86' lang='lat' dir='ltr'>secreta</span> <span class='ocrx_word' id='word_1_741' title='bbox 2430 3045 2471 3081; x_wconf 72' lang='grc' dir='ltr'>δε</span> 
     </span>
     <span class='ocr_line' id='line_1_105' title="bbox 1424 3094 2470 3144; baseline 0.001 -13"><span class='ocrx_word' id='word_1_742' title='bbox 1424 3096 1543 3132; x_wconf 74' lang='lat' dir='ltr'>aversa</span> <span class='ocrx_word' id='word_1_743' title='bbox 1570 3094 1654 3132; x_wconf 83' lang='lat' dir='ltr'>duci</span> <span class='ocrx_word' id='word_1_744' title='bbox 1685 3096 1722 3132; x_wconf 88' lang='lat' dir='ltr'>in</span> <span class='ocrx_word' id='word_1_745' title='bbox 1753 3095 1936 3139; x_wconf 84' lang='lat' dir='ltr'>domum,</span> <span class='ocrx_word' id='word_1_746' title='bbox 1966 3105 2005 3133; x_wconf 85' lang='lat' dir='ltr'>ut</span> <span class='ocrx_word' id='word_1_747' title='bbox 2035 3108 2096 3132; x_wconf 80' lang='lat' dir='ltr'>nie</span> <span class='ocrx_word' id='word_1_748' title='bbox 2124 3096 2231 3133; x_wconf 84' lang='lat' dir='ltr'>inscia</span> <span class='ocrx_word' id='word_1_749' title='bbox 2258 3095 2387 3144; x_wconf 84' lang='lat' dir='ltr'>pellice</span> <span class='ocrx_word' id='word_1_750' title='bbox 2415 3094 2470 3132; x_wconf 84' lang='lat' dir='ltr'>uti</span> 
     </span>
     <span class='ocr_line' id='line_1_106' title="bbox 1425 3145 2470 3195; baseline -0.001 -12"><span class='ocrx_word' id='word_1_751' title='bbox 1425 3145 1561 3194; x_wconf 81' lang='lat' dir='ltr'>possis?</span> <span class='ocrx_word' id='word_1_752' title='bbox 1590 3147 1768 3189; x_wconf 58' lang='lat' dir='ltr'>mmmm</span> <span class='ocrx_word' id='word_1_753' title='bbox 1799 3147 1918 3183; x_wconf 81' lang='lat' dir='ltr'>inimo</span> <span class='ocrx_word' id='word_1_754' title='bbox 1941 3158 2030 3183; x_wconf 88' lang='lat' dir='ltr'>vero</span> <span class='ocrx_word' id='word_1_755' title='bbox 2047 3146 2153 3195; x_wconf 87' lang='lat' dir='ltr'>jubes</span> <span class='ocrx_word' id='word_1_756' title='bbox 2175 3158 2278 3190; x_wconf 81' lang='lat' dir='ltr'>eain,</span> <span class='ocrx_word' id='word_1_757' title='bbox 2307 3157 2370 3193; x_wconf 87' lang='lat' dir='ltr'>per</span> <span class='ocrx_word' id='word_1_758' title='bbox 2389 3156 2470 3182; x_wconf 86' lang='lat' dir='ltr'>me-</span> 
     </span>
     <span class='ocr_line' id='line_1_107' title="bbox 1426 3196 2470 3246; baseline 0.001 -14"><span class='ocrx_word' id='word_1_759' title='bbox 1426 3196 1521 3233; x_wconf 82' lang='lat' dir='ltr'>diam</span> <span class='ocrx_word' id='word_1_760' title='bbox 1543 3196 1671 3233; x_wconf 83' lang='lat' dir='ltr'>urbern</span> <span class='ocrx_word' id='word_1_761' title='bbox 1691 3198 1946 3245; x_wconf 79' lang='lat' dir='ltr'>triumphantis</span> <span class='ocrx_word' id='word_1_762' title='bbox 1968 3198 2084 3235; x_wconf 88' lang='lat' dir='ltr'>modo</span> <span class='ocrx_word' id='word_1_763' title='bbox 2098 3225 2108 3241; x_wconf 93' lang='lat'>‚</span> <span class='ocrx_word' id='word_1_764' title='bbox 2132 3209 2195 3246; x_wconf 89' lang='lat' dir='ltr'>per</span> <span class='ocrx_word' id='word_1_765' title='bbox 2212 3208 2274 3233; x_wconf 90' lang='lat' dir='ltr'>ora</span> <span class='ocrx_word' id='word_1_766' title='bbox 2297 3197 2470 3234; x_wconf 83' lang='lat' dir='ltr'>omnium</span> 
     </span>
     <span class='ocr_line' id='line_1_108' title="bbox 1426 3247 2470 3296; baseline -0.002 -12"><span class='ocrx_word' id='word_1_767' title='bbox 1426 3247 1665 3296; x_wconf 79' lang='lat' dir='ltr'>circumduci.</span> <span class='ocrx_word' id='word_1_768' title='bbox 1687 3248 1851 3296; x_wconf 79' lang='lat' dir='ltr'>sequenti</span> <span class='ocrx_word' id='word_1_769' title='bbox 1871 3248 1973 3285; x_wconf 86' lang='lat' dir='ltr'>versu</span> <span class='ocrx_word' id='word_1_770' title='bbox 1991 3249 2027 3286; x_wconf 92' lang='lat' dir='ltr'>in</span> <span class='ocrx_word' id='word_1_771' title='bbox 2043 3248 2270 3286; x_wconf 80' lang='lat' dir='ltr'>Scriveriano</span> <span class='ocrx_word' id='word_1_772' title='bbox 2292 3255 2379 3290; x_wconf 83' lang='lat' dir='ltr'>erat,</span> <span class='ocrx_word' id='word_1_773' title='bbox 2394 3259 2470 3282; x_wconf 84' lang='lat' dir='ltr'>con-</span> 
     </span>
    </p>
   </div>
   <div class='ocr_carea' id='block_1_16' title="bbox 1415 3297 2470 3350">
    <p class='ocr_par' dir='ltr' id='par_1_39' title="bbox 1415 3297 2470 3350">
     <span class='ocr_line' id='line_1_109' title="bbox 1415 3297 2470 3350; baseline -0.003 -15"><span class='ocrx_word' id='word_1_774' title='bbox 1415 3298 1590 3349; x_wconf 77' lang='lat' dir='ltr'>spicienda</span> <span class='ocrx_word' id='word_1_775' title='bbox 1611 3326 1622 3344; x_wconf 93' lang='lat'>,</span> <span class='ocrx_word' id='word_1_776' title='bbox 1649 3299 1754 3350; x_wconf 87' lang='lat' dir='ltr'>quod</span> <span class='ocrx_word' id='word_1_777' title='bbox 1787 3300 1899 3338; x_wconf 87' lang='lat' dir='ltr'>etiam</span> <span class='ocrx_word' id='word_1_778' title='bbox 1928 3307 2020 3350; x_wconf 87' lang='lat' dir='ltr'>puto</span> <span class='ocrx_word' id='word_1_779' title='bbox 2051 3297 2230 3337; x_wconf 85' lang='lat' dir='ltr'>efficacius</span> <span class='ocrx_word' id='word_1_780' title='bbox 2249 3326 2260 3345; x_wconf 93' lang='lat'>‚</span> <span class='ocrx_word' id='word_1_781' title='bbox 2287 3299 2373 3350; x_wconf 82' lang='lat' dir='ltr'>quia</span> <span class='ocrx_word' id='word_1_782' title='bbox 2397 3297 2470 3333; x_wconf 84' lang='lat' dir='ltr'>hoc</span> 
     </span>
    </p>
   </div>
   <div class='ocr_carea' id='block_1_17' title="bbox 2357 3346 2472 3398">
    <p class='ocr_par' dir='ltr' id='par_1_40' title="bbox 2357 3346 2472 3398">
     <span class='ocr_line' id='line_1_110' title="bbox 2357 3346 2472 3398; baseline 0.009 -14"><span class='ocrx_word' id='word_1_783' title='bbox 2357 3346 2472 3398; x_wconf 73' lang='lat' dir='ltr'>yerbo</span> 
     </span>
    </p>
   </div>
  </div>
 </body>
</html>
