2553 3676
543 210 687 268 AD
762 203 1227 267 LIVIAM

190 219 287 276 00⁶3

1307 200 2019 260 AU-GUSTAM„

346 315 441 367 155
485 293 600 351 Hic
625 313 779 351 meus
809 310 937 349 ecce
963 290 1091 345 fuit:
1131 290 1282 363 jubet
1307 289 1396 346 hic
1423 289 1494 346 de
1520 291 1682 346 fratre
1711 292 1903 348 vereri.

564 369 761 424 Omnia
780 367 888 439 jam
913 379 1128 419 metuo:
1169 363 1364 419 fortior
1390 378 1512 420 ante
1537 365 1629 420 fui.

494 443 701 515 Sospite
729 454 781 493 te
804 440 987 494 saltem
1012 438 1236 501 moriar,
1277 437 1455 499 Nem,
1507 451 1568 493 tu
1593 457 1710 494 mea
1739 439 1941 496 condas

567 513 831 579 Lumina,
872 515 926 567 δε
953 512 1185 583 excipias
1213 510 1348 563 hanc
1381 510 1610 565 animam
1634 530 1728 567 ore
1750 515 1858 586 pio,

498 590 685 662 Atque
711 588 915 643 utinam
938 586 1098 639 Drusi
1124 599 1308 636 manus
1335 581 1524 645 altera,
1566 582 1622 635 &
1644 585 1804 640 altera
1828 588 2046 652 fratriS‚‘

354 667 453 718 160

568 659 889 717 Formarent
915 659 1128 718 ocuIOS,
1166 653 1732 728 comprimerentque,
1772 664 1946 714 meos!

497 736 664 810 Quod
692 737 844 796 licet,
871 733 976 785 hoc
1004 743 1154 784 certe
1177 728 1388 784 tumulo
1412 744 1678 799 ponemur
1703 729 1759 784 in
1781 747 1921 795 un0,

572 809 777 864 Druse:
818 821 996 877 neque
1021 802 1089 857 ad
1113 816 1322 856 veteres
1345 801 1597 856 conditus
1635 800 1731 856 ibis
1756 820 1899 857 av03.

501 881 780 939 Miscebor
804 877 1082 950 cinerique
1110 876 1270 935 cinis,
1312 886 1474 948 atque
1503 873 1699 929 offibus
1724 875 1846 931 ossa.

577 954 741 1010 Hanc
766 954 943 1007 lucem
967 951 1129 1005 celeri
1156 948 1371 1003 turbine
1398 948 1566 1002 Parca
1589 948 1740 1002 nea-t!

354 1034 455 1100 165
495 1028 654 1086 Haec
682 1028 912 1099 &plura
937 1023 1131 1078 refert:
1173 1022 1422 1077 lacrimae
1447 1021 1536 1076 sua
1560 1021 1721 1076 verba
1748 1021 2069 1095 sequuntur,

579 1103 799 1174 Oraque
823 1094 1184 1172 nequicquam
1212 1114 1310 1169 per
1334 1094 1505 1150 modo
1531 1095 1712 1169 questa
1736 1094 1928 1152 fluunt.

504 1175 655 1249 Quin
681 1174 843 1228 etiam
868 1188 1094 1244 corpuS‚
1132 1170 1289 1224 matri
1313 1169 1407 1224 vix
1430 1168 1628 1241 vixque
1654 1169 1955 1235 remissum,

531 1244 533 1247 ’
577 1245 867 1319 'Exsequiis
898 1245 1098 1308 caruit,
1132 1243 1322 1307 Livia,
1359 1260 1498 1316 pene
1521 1243 1637 1297 suis,
1919 1265 1920 1271 ¹

506 1323 726 1396 Quippe
752 1320 949 1374 ducem
974 1316 1161 1373 arsuris
1187 1318 1453 1371 exercitus
1478 1317 1651 1370 omnis
1675 1316 1731 1372 in
1757 1317 1912 1370 armis
1928 1353 1945 1380 ,

377 1413 478 1469 170
589 1394 732 1450 Inter
756 1410 893 1467 quae
916 1393 1103 1466 periit,
1136 1407 1342 1463 ponere
1365 1401 1542 1444 certus
1566 1403 1692 1445 erat.

268 1599 351 1638 161.
379 1596 484 1648 Qod
509 1596 610 1643 licet,
638 1596 699 1634 hoc
727 1595 853 1646 certa]
882 1595 901 1632 ‘o'¹
929 1604 1014 1632 certe
1034 1593 1267 1633 scribendum

206 1650 339 1689 videri
361 1652 576 1689 monuimus
598 1649 642 1687 ad
666 1648 865 1696 Epistolam
879 1647 1094 1695 Penelopes.
1124 1647 1270 1684 Heius.

274 1704 356 1740 162.
385 1701 448 1738 Ad
468 1711 597 1738 veteres
621 1699 778 1736 conditus
799 1699 864 1735 ibis
882 1697 1004 1747 avos.]
1036 1698 1191 1747 Egregie
1211 1698 1271 1735 hic

214 1752 393 1790 Gorallus
411 1780 421 1797 ,
460 1751 748 1790 subaudiendum
779 1759 884 1788 notat
898 1778 907 1795 ,
918 1749 1030 1798 solun
1056 1751 1095 1787 ὃς
1118 1749 1165 1785 ad
1187 1762 1273 1785 avos

224 1803 276 1841 ire
289 1831 298 1847 ,
327 1803 425 1841 idem
437 1803 635 1853 significare
650 1801 773 1852 ‚quod
793 1815 900 1852 neque
911 1800 1005 1849 solus
1018 1811 1050 1837 te
1070 1801 1215 1847 conferes
1227 1800 1274 1835 ad

223 1855 368 1904 majores
398 1865 473 1892 tuos
504 1854 543 1891 in
580 1855 706 1902 campis
737 1852 858 1902 Elyfiis
885 1862 1043 1900 agentem
1087 1854 1124 1889 &
1172 1851 1275 1900 quod

222 1906 322 1954 apud
334 1906 539 1943 Orientales
552 1934 561 1950 ,
575 1906 624 1942 ire
641 1905 808 1953 adpatres
824 1933 832 1947 ‚
860 1902 1273 1952 aggregaripopulissuis:

219 1955 330 2005 Quid
349 1969 425 1994 non
448 1956 563 1994 sacrae
585 1957 708 1993 literae
730 1967 748 1992 a
766 1964 841 1992 tam
863 1955 978 1991 docio
1001 1963 1279 1991 commentato-

220 2018 263 2045 re
287 2007 426 2056 sperare
448 2006 617 2056 possent?
638 2005 695 2044 sed
717 2006 805 2056 quid
832 2007 990 2054 ineptius
1013 2005 1085 2043 dici
1110 2015 1172 2042 aut
1189 2004 1279 2053 fingi

224 2058 346 2107 potest
366 2059 428 2096 tali
450 2058 559 2107 ellipli
582 2059 619 2095 &1
639 2059 830 2095 locutione
846 2085 855 2101 ,
884 2057 986 2105 cujus
1007 2058 1174 2105 exempla
1196 2057 1278 2093 nul-

223 2110 258 2147 la
280 2110 441 2157 proferre
463 2108 607 2158 potest?
637 2120 863 2158 quamquam
885 2110 977 2145 intra
996 2120 1085 2145 vers.
1105 2120 1189 2155 452.
1210 2109 1278 2144 ite-

226 2171 310 2197 rum
337 2160 449 2198 talem
485 2159 622 2208 ellipsin
649 2160 771 2208 fingat.
813 2159 873 2196 sed
904 2160 1093 2196 mittamus
1115 2160 1278 2207 ineptias.

226 2210 344 2248 sensus
381 2212 482 2249 enim
510 2212 639 2248 unicus
672 2212 708 2248 ὅ(
738 2222 842 2247 verus
870 2210 931 2247 hic
958 2211 1025 2247 eii:
1054 2210 1119 2247 Tu
1141 2210 1279 2253 Druse,

225 2273 307 2299 non
326 2261 506 2310 sepelieris
529 2262 565 2299 in
594 2270 844 2299 monumento
865 2261 1042 2298 Claudiae
1061 2261 1120 2298 vel
1151 2262 1281 2299 Liviae

231 2313 388 2356 Gentis,
417 2314 454 2350 in
474 2324 550 2361 quo
571 2314 629 2350 avi
649 2314 702 2349 tui
720 2312 800 2349 sunt
820 2312 981 2355 conditi,
1012 2311 1072 2349 sed
1092 2314 1128 2349 ὃς
1149 2320 1188 2350 tu
1204 2341 1213 2356 ‚
1242 2314 1279 2349 ὃ(

228 2375 301 2412 ego
327 2364 365 2401 in
386 2364 620 2402 Mausoleum
646 2363 841 2401 Caesarum
867 2366 904 2400 ὃ(
926 2364 1040 2409 Juliae
1059 2364 1176 2412 gentis
1198 2376 1282 2401 mo-

230 2424 457 2453 numentum
479 2416 692 2452 inferemur.
720 2414 822 2464 quod
842 2415 986 2462 egregie
1008 2414 1172 2451 describit
1191 2415 1285 2452 Stra·

231 2465 281 2502 bo
310 2466 370 2502 lib.
404 2478 441 2503 v.
474 2467 512 2503 ὅ(
544 2466 646 2515 cujus
682 2465 819 2513 saepius
860 2465 1032 2501 meminit
1077 2464 1285 2502 Suetonius.

231 2515 280 2554 Et
304 2519 351 2553 ita
370 2517 507 2554 saei-um
529 2528 682 2566 quoque
702 2515 772 2553 effe
792 2523 910 2553 narrat
935 2515 1037 2552 Dion
1060 2515 1286 2564 lib.1„v.pag.

233 2580 316 2615 549.
345 2568 405 2605 ubi
437 2568 591 2605 cadaver
619 2566 727 2605 Drusi
756 2568 793 2604 in
819 2578 952 2615 campo
986 2566 1123 2603 Martio
1145 2579 1285 2603 crema-

234 2626 314 2654 tum
333 2647 340 2660 ,
380 2621 418 2656 8<
440 2620 607 2668 reliquias
626 2620 663 2656 in
685 2617 839 2667 Augusti
860 2626 1151 2655 monumentum
1173 2618 1284 2654 illatas

234 2670 311 2705 ait:
341 2670 379 2705 ὅ(
407 2671 514 2707 initio
545 2670 621 2707 libri
650 2681 765 2706 tvm.
795 2669 944 2707 Liviam
975 2681 1126 2718 quoque
1147 2668 1282 2706 eodeni

235 2719 432 2756 Mausoleo
466 2720 710 2769 compositam
734 2749 744 2764 ‚
785 2722 823 2758 ὅτ
849 2721 897 2758 ita
929 2730 1150 2768 compotem
1181 2721 1283 2763 voti,

236 2769 340 2818 quod
360 2770 421 2806 hic
448 2771 589 2820 suscipit
610 2800 620 2816 ,
656 2771 790 2809 fastam
808 2799 818 2816 ‚
862 2772 984 2808 refert.
1041 2771 1115 2807 Hic
1144 2769 1286 2807 necesse

235 2821 355 2858 fuerat
389 2821 552 2858 Dionem
582 2821 767 2870 inspexisse
793 2851 803 2865 ‚
839 2834 952 2871 quem
987 2822 1096 2859 toties
1130 2821 1289 2858 advocat

237 2873 484 2909 mercenarius
515 2874 744 2919 compilator.
782 2873 1123 2921 Praetereaipsailla
1146 2873 1288 2909 locutio

237 2923 276 2960 in
306 2923 463 2959 Oriente
485 2950 494 2964 ‚
524 2922 572 2958 ire
592 2922 639 2958 ad
654 2932 788 2971 patres,
817 2924 907 2960 nihil
924 2924 1022 2961 aliud
1040 2932 1289 2972 notat,quam

239 2974 359 3022 patrio
396 2973 586 3021 sepulchro
616 3001 626 3017 ,
664 2975 764 3022 cujus
801 2986 932 3022 magna
963 2983 1037 3011 erat
1067 2975 1293 3020 superstitio,

241 3025 380 3061 inferri.
407 3036 503 3072 quae
538 3025 597 3061 hic
619 3024 789 3061 illustrare
809 3025 977 3072 putidum
1002 3027 1108 3062 foret.
1130 3025 1174 3061 de
1194 3026 1295 3062 abitu

238 3074 285 3112 ad
318 3074 459 3123 Elysios
488 3086 638 3124 campos
654 3103 662 3118 ‚
693 3076 731 3111 ἃ
750 3076 825 3113 avis
840 3104 848 3119 ‚
869 3088 932 3124 qui
952 3076 998 3112 ibi
1024 3076 1103 3113 sunt
1117 3103 1126 3119 ,
1141 3075 1294 3113 denium

240 3126 360 3164 Poeta
379 3135 461 3174 aget
478 3126 543 3164 inf.
562 3138 653 3163 vers.
675 3138 759 3174 329.
817 3127 1081 3163 nummarius.

298 3178 377 3221 164.
409 3183 510 3213 Hanc
528 3177 637 3213 lucem
658 3176 754 3213 celeri
776 3176 915 3213 turbine
935 3184 1048 3213 Parca
1074 3176 1194 3227 neam]
1220 3177 1295 3215 Va-

245 3228 320 3265 riae
361 3228 531 3266 lectionis
570 3230 606 3266 ⁴&
648 3228 799 3265 diffusae
837 3229 1051 3266 eruditionis
1087 3229 1295 3266 homuncio

244 3279 407 3315 Clericus
426 3306 434 3322 ‚
446 3280 505 3317 hic
518 3307 527 3323 ‚
543 3293 618 3316 nere
628 3279 736 3315 lucem
753 3308 762 3323 ‚
775 3291 821 3316 an
840 3279 922 3316 alibi
946 3288 1113 3316 occurrat
1128 3308 1137 3324 ‚
1162 3280 1297 3318 nescire

246 3329 280 3365 {e
302 3330 447 3369 fatetur.
476 3331 665 3371 Nimirum
688 3332 842 3371 unicum
863 3329 1051 3370 doctrinae
1066 3331 1300 3370 Corallianae

2270 1480 2384 1535 Ab..

1325 1590 1524 1632 subsidium
1553 1589 1763 1630 Thesaurus
1793 1590 1968 1642 Stephani
2003 1592 2173 1643 exempla
2210 1575 2379 1644 negabat.

1325 1645 1452 1683 sedita
1475 1644 1654 1682 Martialis
1674 1643 1733 1681 lib.
1759 1656 1791 1682 1.
1812 1645 1916 1694 Epig.
1939 1643 1998 1693 89.

1335 1756 1339 1759 st
1380 1712 1474 1745 Cum
1494 1707 1584 1745 mihi
1598 1707 1771 1757 supremos
1793 1705 1944 1758 Lachefis
1959 1708 2157 1758 perneverit
2176 1722 2297 1748 annos.

1333 1773 1368 1810 O
1394 1773 1489 1811 male
1511 1773 1649 1811 factum
1674 1773 1879 1822 Stephane,
1908 1775 1946 1811 ὅ(
1965 1782 2028 1819 tu,
2055 1786 2080 1812 o
2103 1774 2240 1821 Faber,
2267 1787 2384 1825 quan-=

1330 1834 1411 1862 tum
1431 1824 1616 1862 admisistis
1635 1824 1746 1862 scelus
1761 1828 1767 1861 !
1781 1825 1883 1874 quod
1915 1825 2067 1863 verbum
2088 1835 2227 1876 pernere
2247 1827 2385 1865 omise-

1331 1877 1405 1914 ritis
1435 1876 1471 1913 in
1499 1876 1567 1913 iilis
1586 1875 1708 1913 vestris
1740 1875 1956 1919 Thesauris3
1983 1877 2020 1914 ὃ(
2052 1877 2101 1914 ita
2132 1878 2317 1915 clericum
2340 1877 2387 1916 ad

1332 1928 1553 1975 paupertatis
1585 1927 1854 1964 confessionem
1886 1926 2115 1975 adegeritis?
2160 1928 2221 1966 sed
2248 1927 2388 1978 legisset

1334 1979 1452 2016 modo
1475 1978 1534 2015 ille
1554 1978 1696 2015 Heinsii
1716 1987 1820 2015 notas
1844 1977 1888 2015 ad
1909 1979 2108 2026 Epistol-am
2130 1979 2251 2016 Sabini
2281 1992 2308 2016 1.
2328 1979 2390 2022 ᾖε,

1335 2041 1392 2076 71.
1424 2029 1503 2077 jam
1533 2029 1592 2066 via
1620 2027 1740 2066 fuisset
1767 2028 1893 2072 fastu
1945 2028 2003 2066 sed
2034 2030 2125 2067 ultra
2159 2030 2389 2069 Albinovani

1333 2080 1539 2128 Epicedion
1560 2092 1638 2117 non
1660 2079 1759 2128 sapit.
1786 2079 1964 2128 suppetias
1991 2088 2117 2118 tamen
2138 2080 2241 2130 inopi
2260 2081 2389 2129 Sopho

1334 2131 1432 2168 redie
1445 2131 1515 2168 fers
1528 2159 1537 2172 ,
1552 2131 1736 2179 Stephane
1750 2159 1760 2175 ,
1772 2131 1809 2168 in
1821 2143 1925 2168 voce
1948 2130 2110 2168 Turbinis
2123 2159 2133 2175 ‚
2146 2131 2209 2169 ubi
2229 2132 2390 2170 circum-

1336 2182 1524 2219 aaronem
1553 2181 1710 2219 celerem
1740 2181 1808 2220 fusi
1835 2181 1885 2219 ita
1916 2181 1986 2218 dici
2009 2194 2028 2219 a
2052 2191 2088 2219 te
2116 2182 2273 2225 didicit;
2328 2182 2391 2221 sed

1337 2233 1438 2271 malo
1470 2232 1634 2282 quodam
1666 2234 1744 2270 fato
1770 2233 1898 2270 locum
1929 2233 2073 2282 Virgilii
2099 2261 2110 2277 ‚
2146 2233 2241 2280 apud
2268 2233 2388 2283 ipsum

1337 2285 1494 2321 Poetam
1516 2295 1722 2332 numquam
1751 2283 1814 2321 fibi
1842 2283 1979 2321 lec'tum
2000 2311 2010 2327 ‚
2040 2284 2106 2320 tibi
2126 2284 2297 2331 sublegit,
2326 2285 2391 2323 ubi

1338 2347 1414 2372 non
1437 2334 1481 2371 de
1501 2334 1581 2371 fuso
1606 2335 1796 2376 muliebri,
1824 2334 1885 2371 sed
1903 2334 1949 2371 de
1967 2334 2117 2370 turbinis
2141 2335 2286 2381 puerilis
2306 2335 2387 2374 lusu

1338 2387 1466 2434 agitur.
1494 2396 1649 2422 monere
1669 2386 1750 2422 talia
1771 2384 1969 2427 debueras,
2011 2384 2293 2432 Lexicograplie
2323 2386 2394 2423 do-

1340 2436 1492 2473 tftiffime
1515 2464 1525 2480 ,
1568 2447 1616 2473 ne
1651 2436 1771 2473 serum
1815 2435 2017 2472 studiorum
2055 2435 2092 2471 &
2131 2445 2390 2483 properantem

1339 2494 1678 2524 commentatorem
1709 2487 1748 2522 in
1775 2485 1942 2523 fraudem
1963 2484 2185 2530 deduceres«,
2215 2488 2277 2535 qui
2299 2488 2390 2525 nihil

1339 2537 1593 2585 inexplicabile
1624 2537 1783 2585 repperit
1813 2538 1850 2573 in
1883 2537 2122 2574 Albinovano
2145 2564 2156 2581 ,
2204 2537 2321 2576 modo
2350 2547 2392 2577 tu

1341 2589 1469 2626 favens
1486 2588 1737 2637 propitiusque
1757 2587 1858 2624 adsis.
1913 2587 2028 2624 IDEM.

1398 2640 1479 2677 168.
1506 2639 1671 2689 Exequiis
1700 2639 1813 2675 caruit
1836 2667 1846 2683 ‚
1882 2639 2009 2681 Livia,
2041 2648 2125 2687 pene
2149 2638 2234 2687 suis.
2260 2638 2276 2689 ]
2314 2639 2397 2678 Tuis

1341 2691 1432 2728 olim
1448 2691 1629 2739 legebam.
1657 2689 1760 2739 quod
1780 2689 1929 2726 Barthio
1948 2701 2100 2738 quoque
2117 2689 2153 2726 in
2174 2690 2399 2730 Adversariis

1341 2742 1402 2780 lib.
1435 2754 1520 2778 xxx.
1551 2754 1596 2778 11.
1625 2742 1663 2778 &
1686 2740 1731 2777 ad
1753 2740 1881 2777 Claud.
1911 2752 1954 2776 11.
1975 2741 2010 2776 in
2041 2740 2167 2777 Rufin.
2190 2755 2267 2790 245.
2297 2741 2398 2780 Edit.

1345 2793 1484 2841 primae
1502 2821 1511 2836 ‚
1539 2792 1588 2829 est
1611 2791 1817 2840 probatum.
1845 2790 1906 2828 sed
1923 2791 1974 2828 nil
1995 2789 2148 2828 necesse.
2176 2800 2216 2829 ut
2227 2792 2302 2840 suis
2333 2792 2399 2838 fit,

1345 2843 1408 2881 sibi
1431 2843 1559 2880 debitis
1579 2843 1756 2891 exequiis.
1811 2842 2026 2879 Hi-zmsxus.

1403 2906 1483 2939 170.
1514 2900 1608 2929 Inter
1637 2906 1790 2943 quaeque
1815 2891 1929 2942 ruit.]
1960 2899 2055 2931 Inter
2080 2905 2167 2942 quae
2187 2893 2293 2943 periit
2313 2905 2399 2933 vere

1346 2945 1490 2995 legebat
1510 2944 1732 2993 Rutgersius.
1759 2943 1873 2981 infra:

1404 3011 1464 3047 ille
1482 3022 1574 3048 meus
1592 3010 1695 3060 periit
1709 3037 1719 3054 ,
1743 3008 1846 3058 periit
1866 3021 1969 3045 arma
1991 3008 2083 3045 inter
2104 3019 2148 3049 ω’
2165 3010 2264 3059 enses.

1350 3074 1517 3112 Barthius
1537 3077 1574 3112 iii
1599 3073 1830 3111 Adversariis.
1858 3073 1945 3111 ibid.
1973 3073 2110 3110 meruit.
2141 3079 2236 3109 Inter
2253 3085 2404 3123 quaeque

1352 3139 1454 3214 {aens
1486 3135 1625 3163 veteres
1654 3125 1837 3163 nonnulli.
1869 3124 1973 3175 quod
2009 3126 2214 3174 Naugerius
2252 3125 2407 3163 secutus.

1377 3189 1471 3213 nrm.
1824 3193 1829 3198 ⁴

1407 3238 1488 3272 170.
1517 3233 1643 3264 Ponere
1662 3237 1770 3264 certus
1788 3226 1902 3277 erat.]
1934 3226 1987 3264 Ita
2010 3227 2103 3264 infra
2124 3225 2208 3264 228.

1408 3284 1538 3328 Corpus
1559 3291 1602 3319 ω·
1621 3280 1798 3316 intaHum
1821 3278 1937 3315 tollere
1958 3287 2068 3314 certus
2087 3287 2173 3316 erat.

1357 3329 1473 3379 Saepe
1497 3330 1679 3379 Ovidius,
1707 3339 1747 3372 ut
1770 3329 1881 3384 Epist.
1904 3342 1959 3370 vx.
1982 3341 2041 3379 51.
2314 3383 2363 3417 ce
2383 3388 2421 3418 m

2364 3392 2382 3416 r
