2553 3676
511 244 513 246 .
687 194 755 251 H
787 191 838 246 E
871 189 928 245 R
964 189 1018 243 O
1051 190 1074 244 I
1111 190 1166 245 D
1202 191 1254 246 E
1291 194 1343 249 S.

370 287 463 344 Ille
485 298 665 341 manus
687 278 802 333 istas
826 275 1066 348 effingit,
1102 277 1157 332 δε
1181 276 1384 336 adsidet
1408 300 1623 354 aegrae,
1689 350 1696 361 .

1418 215 1449 251 E
1491 217 1536 252 1’.
1610 222 1703 259 XX,

443 354 635 412 Invisus
658 350 898 422 SuperiS‚
935 367 1062 404 cum
1085 348 1410 426 Superisque
1435 357 1580 411 mihi,

371 430 624 498 Dumque
647 424 742 478 suo
766 435 934 478 tentat
958 422 1230 478 salientem
1253 427 1447 497 pollice
1473 447 1696 494 venam3

230 519 333 577 140

437 496 679 567 Candida
703 514 800 569 per
823 496 1049 551 cauflam
1070 496 1283 551 brachia
1307 498 1457 571 saepe
1483 514 1657 556 tenet:

363 569 784 643 Contreeiatque
808 569 942 625 finus
957 610 972 633 ‚
1010 570 1066 623 &
1091 570 1307 626 forsitan
1332 573 1505 627 oscula
1526 573 1718 647 jungit.

437 642 643 697 Officio
667 661 872 698 merces
901 643 1109 715 plenior
1132 643 1224 698 ista
1247 645 1340 699 suo
1363 645 1452 700 est.

363 714 500 788 Quis
524 715 621 770 tibi
644 716 878 788 permisit
902 716 1099 770 nostras
1122 734 1471 792 praecerpere
1498 718 1715 776 messes?

438 788 532 843 Ad
554 788 735 862 sepem
756 790 968 844 alterius
993 789 1111 861 quis
1134 790 1232 843 tibi
1255 791 1386 846 fecit
1408 793 1542 847 iter?

9 992 11 1036 J
69 997 164 1041 pono.
189 987 291 1039 quod
310 987 410 1027 idem
436 989 582 1028 Nonius
603 1001 793 1040 perperam
813 1001 880 1040 pro
894 990 1035 1040 jungere
1053 990 1111 1028 in-

8 1037 11 1086 {
70 1047 296 1090 terpretatur.
321 1039 417 1089 apud
438 1040 560 1077 Valer.
578 1041 696 1079 Flacc.
716 1042 778 1080 lib.
796 1054 833 1080 v.

7 1109 10 1123 ι
125 1091 239 1140 Fingit
251 1090 397 1140 placidis
403 1092 485 1139 fhra
496 1094 633 1141 pectora
651 1093 765 1131 diuis.
830 1121 858 1142 ⁸

70 1142 144 1182 Pro
163 1141 301 1181 mulcet.
326 1143 400 1182 vid.
418 1143 589 1193 Schiopp.
603 1143 762 1193 Suspeet.
777 1143 883 1182 Led.
908 1155 989 1182 111.
1008 1143 1042 1181 8.
1063 1142 1111 1181 fic

7 1210 9 1238 ς
73 1194 230 1232 Metam.
260 1208 315 1233 1v.
342 1206 420 1240 141.
448 1195 567 1232 fabula
591 1195 748 1233 Thisbes
767 1196 806 1233 in
825 1195 1009 1233 nonnullis
1030 1206 1111 1232 ine-

6 1243 9 1255 '
67 1244 166 1285 lioris
182 1254 293 1284 notae
314 1245 499 1284 codicibus
518 1245 689 1294 scrip-tum
710 1245 870 1283 offendi:

5 1325 8 1337 .
123 1324 220 1331 ...-
233 1296 363 1333 Gelidis
382 1297 421 1334 in
436 1294 594 1333 vultibus
611 1295 724 1343 oscula
735 1295 880 1344 fingens.

3 1342 9 1391 J
68 1346 130 1385 sic
151 1347 307 1395 Epistola
323 1359 406 1385 X1x.
422 1347 477 1390 >bs
497 1358 557 1392 44.
579 1347 718 1395 Fingere
736 1346 801 1383 oleo
819 1354 944 1395 corpus.
970 1353 1012 1385 ut
1037 1347 1111 1385 illic

66 1397 296 1436 scribendum
324 1398 551 1436 monuimus.
583 1396 768 1447 affideoque
803 1396 899 1433 thoro
930 1398 1042 1435 etiam
1070 1399 1110 1436 in

5 1468 7 1490 2
66 1460 147 1538 Ego
168 1449 298 1538 Restgio.
326 1448 430 1537 ᾳὲιοά
448 1447 636 1499 sequentia.
656 1447 888 1486 confirmant.
914 1449 953 1486 ὃς
975 1449 1109 1488 Horat.

5 1504 7 1516 ¹
118 1528 126 1536 .
153 1512 184 1537 1.
230 1509 277 1538 at.
300 1512 331 1538 1.
376 1513 411 1538 2.

118 1553 201 1588 Aut
219 1550 310 1587 alius
332 1550 426 1600 casus
442 1560 474 1587 te
490 1549 572 1587 leno
587 1550 726 1599 adfixit.
753 1548 877 1596 habes,
906 1550 969 1602 qui

120 1599 276 1647 Affideat
288 1629 297 1645 ,
318 1604 477 1645 fomenta
489 1610 601 1650 paret.

0 1647 1 1650 ¹
66 1651 239 1700 Cydippe
260 1652 353 1689 infra
373 1652 418 1689 de
438 1659 607 1689 amante:

122 1699 256 1748 Affidet
275 1701 333 1738 ille
351 1701 511 1751 quidem,
540 1710 716 1750 quantum
728 1700 949 1751 permittitur
969 1699 1036 1752 ipsi.

0 1776 1 1782 κ
68 1751 279 1790 ΗειΝςως.
304 1752 459 1789 Nullum.
479 1751 631 1789 dubium
645 1780 656 1796 ,
673 1754 765 1800 quin
785 1750 935 1808 adfidere
952 1753 1108 1791 verbum

0 1794 1 1809 ³
67 1801 112 1840 fit
133 1803 322 1850 proprium
341 1814 472 1839 eorum
487 1830 497 1846 ‚
524 1803 590 1851 qui
607 1802 667 1839 vel
684 1802 891 1840 medicinae
905 1831 916 1848 ‚
936 1804 996 1840 vel
1020 1815 1112 1842 con-

64 1852 253 1892 solationis
279 1850 394 1889 caussa
412 1852 525 1900 aegris
553 1852 591 1887 &
618 1851 753 1889 miseris
771 1853 908 1891 adsunt.
936 1853 1010 1890 vid.
1030 1855 1112 1891 Pas-

67 1902 168 1943 serat.
186 1901 231 1940 ad
241 1903 468 1951 Propermv.
482 1914 544 1939 111.
556 1913 637 1950 pag.
652 1914 735 1949 591.
754 1903 793 1939 &
808 1914 877 1939 nos
894 1903 941 1940 ad
956 1904 1110 1952 Quin&

0 1979 1 1986 κ
69 1967 118 1994 ¹1.
142 1953 249 1991 Decl.
278 1966 334 1992 10.
361 1952 422 1990 sed
439 1953 499 1990 hic
520 1949 644 2000 insideo
663 1952 805 1990 nollem
826 1953 959 2002 ejicere
981 1967 989 1990 ε
1025 1954 1111 1992 licet

71 2017 163 2045 mox
183 2033 194 2049 ‚
231 2005 269 2041 ὃς
291 2005 330 2041 in
355 2003 521 2053 sequenti
549 2002 710 2051 Epistola
729 2030 739 2047 ‚
767 2000 899 2052 adfidet
922 2002 981 2040 ille
998 2003 1044 2041 de
1062 2006 1109 2042 ri-

70 2056 144 2094 vali
171 2055 309 2104 legatur
331 2083 341 2100 ,
371 2055 409 2091 &
437 2054 548 2091 reete.
585 2053 706 2091 Rivali
733 2055 834 2091 enim
862 2054 911 2091 illi
933 2082 944 2098 ,
982 2065 1003 2091 a
1030 2067 1108 2104 quo

69 2107 223 2146 alienior
249 2114 325 2142 erat
352 2103 523 2153 Cydippe
542 2132 552 2147 ‚
589 2103 749 2141 adsidere
768 2113 854 2142 toro
873 2105 1110 2153 permitteba-

69 2165 150 2202 tur,
175 2157 329 2194 Acontii
347 2167 438 2192 vero
458 2164 592 2192 votum
613 2154 761 2193 ulterius
779 2155 974 2199 tendebat,
1003 2157 1062 2194 cui
1082 2156 1109 2194 fi

68 2207 224 2258 potestas
244 2206 338 2244 fatita
360 2203 480 2244 fuiffet
498 2205 545 2244 ad
564 2217 711 2255 aegram
727 2206 923 2250 veniendi,
951 2218 1029 2244 non
1047 2207 1108 2244 ille

68 2254 238 2298 adsedisse
260 2267 345 2296 toro
374 2265 569 2295 contentus
590 2284 601 2301 ,
638 2257 749 2294 etiam
773 2256 952 2295 insedisset
968 2285 979 2302 ‚
1007 2259 1045 2294 ὃς
1070 2258 1109 2295 in

0 2336 2 2342 ·
71 2309 246 2359 spondam
274 2308 309 2346 se
329 2337 340 2354 ‚
377 2319 457 2346 non
487 2316 713 2357 repugnante
743 2308 861 2356 puella
881 2337 892 2353 ,
928 2305 1112 2357 posuisset.

67 2361 108 2400 id
126 2361 248 2399 saltem
268 2369 402 2398 votum
428 2359 517 2397 latet
544 2360 582 2396 in
606 2357 741 2407 infidae.
768 2359 929 2408 ideoque
952 2359 1110 2397 minime

71 2411 302 2450 mutandum
330 2410 433 2461 quod
459 2422 551 2448 vero
571 2409 704 2447 Noster
722 2409 832 2455 dicit,
859 2409 1009 2458 effingere
1031 2421 1110 2447 ma-

72 2475 140 2502 nus
163 2492 172 2508 ‚
212 2463 350 2500 Auson.
396 2461 580 2510 Epigram.
615 2473 774 2498 Lxx111.
819 2461 910 2498 dixit
944 2462 1108 2498 tractare.

71 2513 335 2554 Rumpimus.
743 2522 748 2529 ²

125 2577 205 2615 135.
232 2564 335 2614 Qod
362 2577 417 2600 me
443 2561 560 2614 procul
583 2561 665 2598 inde
683 2561 853 2612 removi.]
882 2567 1018 2599 Remoto
1038 2563 1110 2600 Pu-

69 2624 218 2655 teaneus
247 2627 332 2653 cum
354 2615 464 2652 tribus
484 2614 571 2651 aliis.
599 2613 709 2651 recte.
735 2613 863 2651 malim
884 2615 1018 2658 etiam,
1047 2619 1110 2650 Ter

68 2667 186 2716 rursus
205 2667 396 2716 miserum!
426 2667 637 2703 Ι-ΙέιΝειιις.

6 2733 9 2768 ᾗ
126 2730 205 2764 140.
232 2717 397 2755 Candida
426 2725 482 2765 per
508 2714 657 2765 cauffam
686 2714 829 2751 brachia
851 2714 947 2764 saepe
979 2714 1108 2764 tenc-u]

64 2767 180 2806 Trist.
203 2781 234 2806 1.
253 2781 296 2806 v1
310 2781 338 2807 r.

129 2823 192 2854 Per
214 2810 357 2868 ffauffam
375 2817 536 2856 meminit
549 2817 586 2866 ste
607 2816 743 2865 tetigiffie
762 2829 922 2853 manum.

7 2862 9 2891 ἕ
76 2868 282 2905 Ι-ΙΕῐΝςωε.
325 2870 544 2907 Illustrarunt
586 2868 718 2906 bellam
752 2869 847 2904 hanc
883 2871 922 2905 ὅζ
959 2869 1109 2915 optimis

7 2918 8 2922 ’
74 2919 302 2966 scriptoribus
332 2920 611 2966 perfamiliarem
643 2919 877 2956 locutionem
913 2918 1110 2955 Broukhus.

8 2958 9 3007 J
75 2969 123 3007 ad
142 2969 176 3006 d.
194 2969 218 3005 1.
234 2968 396 3013 Tibulli,
418 2970 456 3006 δί
478 2969 642 3007 Tennul.
661 2970 706 3007 ad
731 2969 998 3011 Fronton.12lib.
1028 2981 1111 3006 111.

8 3037 9 3044 ¹
76 3019 227 3067 Strateg.
247 3030 323 3065 cap.
346 3031 423 3055 111.
443 3021 477 3060 §.
494 3024 528 3056 o.
545 3021 805 3058 BuRMANNus.

134 3082 212 3115 142.
240 3067 376 3104 Plenior
393 3068 455 3103 illa
470 3068 531 3115 fiee
552 3071 629 3120 effi]
662 3071 726 3119 Ista
746 3071 876 3119 scripti.
898 3070 1109 3107 HfistnlS.

10 3139 11 3142 ¹
75 3120 213 3159 Plenior
236 3120 298 3156 hic
325 3117 372 3154 est
400 3117 538 3165 major,
562 3121 741 3169 amplior3
770 3121 960 3170 proprium
988 3122 1033 3160 de
1055 3121 1111 3159 di·-

75 3173 173 3220 ‚vitiis
196 3168 428 3206 vocabulum.
457 3169 505 3204 ita
526 3169 680 3208 Martial.
702 3184 774 3208 vn.
794 3185 854 3220 45.

125 3219 312 3261 Divitibus
326 3229 461 3268 poteras
476 3217 590 3266 musas
607 3219 767 3270 elegosque
779 3228 942 3270 feriantes
986 3231 1008 3254 .“

176 3271 322 3321 Meiere
333 3297 345 3317 ‚
363 3267 567 3320 pauperihus
585 3281 728 3307 munera
739 3271 841 3319 plena
864 3272 955 3313 dato.

2115 865 2212 924 Iste

1166 990 1223 1028 Ut
1248 990 1447 1041 legendum
1477 990 1574 1029 rec'le
1600 991 1748 1030 Voffius
1772 990 1817 1029 ad
1839 989 1973 1029 Catulli
1994 1002 2100 1030 carm.
2122 1006 2213 1035 xm.

1167 1040 1238 1078 else
1258 1043 1449 1086 censet‚&
1470 1043 1636 1091 explicat.
1658 1044 1706 1080 ita
1725 1042 1821 1090 apud
1843 1043 1975 1079 Horat.
1994 1056 2037 1079 11.
2060 1039 2133 1081 Od'.
2154 1059 2211 1084 12.

1166 1092 1293 1130 Plenas
1318 1093 1484 1131 Arabum
1514 1094 1630 1130 domos
1648 1122 1658 1138 ‚
1686 1093 1898 1131 Scholiastes
1928 1094 2055 1130 divites
2082 1095 2211 1134 reddit.

1169 1143 1288 1182 Cicer.
1319 1158 1389 1182 vn.
1415 1145 1460 1184 ad
1490 1144 1593 1182 Fam.
1622 1157 1655 1191 9.
1684 1144 1795 1189 Serius
1821 1144 1930 1193 pocius
1948 1144 1996 1180 ast
2017 1158 2098 1190 nos,
2126 1147 2211 1183 dum

1159 1194 1304 1243 plenior.
1321 1195 1409 1234 Vid.
1424 1197 1559 1234 Graev.
1579 1195 1624 1233 ad
1644 1195 1760 1233 Cicer.
1778 1207 1844 1243 pro
1865 1195 1949 1232 Ros.
1970 1195 2096 1233 Amor.
2116 1210 2150 1235 2.
2172 1200 2211 1235 ὅε

1166 1244 1214 1282 fic
1234 1258 1271 1283 v.
1294 1247 1397 1284 Verr.
1422 1248 1479 1295 56.
1501 1247 1670 1284 pleniores
1683 1258 1750 1296 pro
1775 1246 1974 1283 ditioribus.
2001 1246 2186 1286 Rumam

1222 1308 1302 1346 143.
1340 1297 1482 1345 Nostras
1517 1298 1684 1347 decerpere
1718 1296 1873 1346 meffes.]
1920 1297 1960 1333 In
2001 1299 2215 1345 nonnullis,

1165 1346 1293 1395 nostras
1306 1357 1516 1400 praecerpere
1534 1348 1656 1398 messes.
1674 1348 1932 1385 Nemeeius.
1961 1348 2100 1394 Nostras
2112 1358 2213 1398 prae-

1166 1408 1290 1448 cerpere
1317 1398 1452 1448 messes,
1489 1398 1538 1437 sic
1565 1401 1769 1437 Puteaneus
1799 1410 1884 1435 cum
1913 1398 1988 1434 aliis
2015 1400 2213 1446 nonnullis,

1165 1458 1207 1487 ut
1237 1451 1275 1486 &
1306 1451 1445 1499 primae
1485 1450 1676 1488 editiones.
1711 1449 1862 1498 Vulgari
1883 1477 1893 1493 ,
1930 1448 2102 1497 decerpere.
2140 1458 2210 1488 tres

1164 1499 1314 1548 scripti,
1345 1501 1543 1552 praecipere.
1571 1501 1677 1539 multi
1697 1528 1707 1544 ,
1739 1500 1913 1550 percipere.
1948 1499 2119 1537 Strozzae
2146 1512 2211 1538 co-

1166 1550 1262 1596 dex,
1284 1552 1465 1600 percidere.
1494 1554 1620 1602 Lege,
1644 1551 1835 1602 praecidere
1862 1562 1947 1587 cum
1976 1549 2091 1588 altero
2119 1552 2212 1589 Mo-

1165 1603 1245 1639 reti.
1271 1603 1374 1651 quod
1395 1604 1549 1642 verbum
1573 1602 1804 1641 Columellae
1818 1629 1828 1644 ‚
1848 1600 2053 1649 praesertim
2083 1610 2209 1640 autem

1165 1651 1211 1689 de
1230 1654 1338 1690 ramis
1357 1653 1528 1692 arborum
1544 1682 1554 1698 ‚
1581 1654 1766 1702 frequenti
1786 1653 1824 1689 in
1845 1650 1921 1689 usu.
1948 1650 2034 1688 vide
2054 1652 2129 1700 ejus
2147 1652 2211 1691 lib.

1164 1714 1224 1740 vr.
1245 1714 1276 1752 3.
1299 1703 1441 1742 Festus:
1461 1704 1730 1742 Praecidaneam
1746 1711 1884 1752 porcam
1901 1701 2060 1738 dicebant
2075 1729 2083 1745 ,
2102 1715 2210 1751 quam

1163 1752 1345 1790 immolare
1382 1765 1482 1791 erant
1511 1754 1610 1803 soliti
1633 1783 1643 1799 ,
1685 1763 1876 1803 antequam
1908 1764 2040 1789 novam
2069 1752 2210 1801 frugem

1157 1804 1404 1853 praeciderent.
1431 1805 1565 1842 caedere
1584 1805 1675 1843 dixit
1694 1804 1818 1852 Elegia
1835 1802 1881 1839 de
1900 1803 2031 1839 Nuce:

1218 1864 1253 1900 si
1271 1865 1349 1902 licet
1370 1865 1453 1911 hoc,
1480 1866 1569 1902 oleas
1588 1862 1801 1913 distringite;
1830 1862 1958 1899 caedite
1976 1861 2100 1912 messes.

1165 1926 1270 1967 Silius
1290 1929 1433 1968 liquv.
1455 1930 1540 1979 536.

1217 1999 1417 2030 Immatura
1426 1993 1515 2043 seges
1538 1990 1653 2042 rapido
1667 1987 1860 2039 succiditur
1878 1987 1964 2037 ense.

1166 2053 1225 2091 Sic
1254 2056 1292 2092 ὃς
1322 2053 1452 2090 Caesar
1481 2053 1567 2090 ssen.
1588 2053 1670 2090 Gal.
1687 2052 1748 2090 lib.
1773 2062 1831 2089 Π.
1856 2062 1912 2099 19.
1947 2049 2073 2106 Caesar
2087 2058 2211 2100 paucos

1165 2104 1235 2141 dies
1259 2105 1297 2141 in
1318 2117 1433 2141 eorum
1449 2102 1581 2150 finibus
1602 2112 1757 2140 moratus
1771 2129 1781 2146 ‚
1809 2099 1968 2138 omnibus
1983 2102 2071 2138 vicis
2091 2102 2210 2147 aedifi-

1165 2155 1291 2200 ciisque
1320 2151 1461 2202 incensis
1480 2182 1490 2198 ‚
1519 2154 1780 2204 frumentisque
1799 2149 1936 2201 succisis
1958 2180 1967 2194 ,
1996 2152 2035 2200 se
2062 2152 2100 2188 in
2120 2151 2210 2199 fines

1163 2204 1326 2242 Ubiorum
1353 2204 1484 2254 recepit.
1510 2205 1560 2242 ita
1590 2205 1734 2253 optime
1763 2204 1919 2240 vetustus
1939 2203 2057 2240 codex
2085 2203 2211 2240 Lova-

1163 2255 1294 2294 niensis
1323 2267 1344 2293 a
1364 2267 1424 2292 me
1451 2254 1677 2304 pervolutus.
1700 2253 1762 2292 sub
1788 2252 1901 2290 finem
1920 2252 2084 2302 ejusdem
2107 2253 2208 2290 libri:

1165 2312 1221 2343 At
1238 2309 1288 2355 {Q
1307 2306 1461 2343 Titurius
1483 2317 1527 2346 cy
1547 2312 1584 2343 L.
1606 2311 1711 2342 Cotta
1732 2304 1856 2354 legati,
1885 2305 1945 2354 qui
1974 2304 2011 2340 in
2032 2302 2210 2358 Menapio-

1165 2371 1245 2394 rum
1267 2357 1356 2404 fines
1381 2356 1520 2406 legiones
1549 2357 1725 2394 duxerant
1745 2384 1756 2401 ,
1792 2355 1950 2392 omnihus
1978 2366 2090 2390 eorum
2117 2366 2210 2401 agris

1165 2407 1313 2455 vastatis
1335 2436 1344 2452 ‚
1371 2408 1566 2454 frumentis
1586 2405 1722 2458 succisis
1740 2436 1749 2449 ‚
1789 2405 2016 2453 aedificiisque
2042 2401 2207 2452 incensis,

1165 2459 1213 2495 ad
1235 2459 1417 2508 Caesarem
1434 2462 1473 2508 se
1494 2468 1696 2509 receperunt.
1724 2458 1772 2495 A.
1795 2456 1890 2493 Gell.
1910 2455 1968 2509 lib.
1984 2467 2065 2509 iffi*
2090 2455 2210 2509 'Lem-

1166 2518 1264 2548 mate
1294 2510 1418 2559 capitis
1449 2522 1502 2548 12.
1531 2510 1693 2559 Exemplo
1717 2507 1845 2544 inflant
1876 2504 2010 2552 rustice,
2038 2517 2098 2552 quc
2129 2517 2208 2540 cum

1165 2560 1260 2597 rubis
1293 2560 1497 2608 frucfiiferas
1538 2559 1671 2595 arbores
1713 2556 1891 2607 praecidit.
1940 2566 2026 2591 nam
2065 2555 2209 2601 frustm·

1158 2621 1368 2661 praecerpere
1385 2610 1481 2648 aliud
1497 2610 1557 2647 est.
1578 2609 1622 2646 de
1639 2620 1716 2658 quo
1738 2606 1896 2645 Remed.
1915 2605 2048 2642 Amor.
2068 2618 2102 2642 v.
2125 2616 2207 2654 103-

1167 2668 1346 2711 Decerpere
1364 2661 1508 2711 segetem
1535 2659 1701 2697 Avienus
1727 2668 1850 2696 tamen
1891 2656 1983 2694 dixit
2013 2655 2207 2711 Fab3xxr.

1168 2715 1207 2750 δε
1221 2741 1230 2757 ,
1242 2713 1345 2763 quod
1363 2714 1450 2749 huic
1469 2712 1556 2749 loco
1578 2712 1739 2748 maxime
1757 2706 1965 2757 appositum
1985 2705 2034 2743 est
2049 2734 2058 2750 ,
2073 2707 2207 2744 Cicero

1166 2763 1226 2801 lib.
1258 2776 1314 2801 IV.
1343 2764 1381 2801 in
1410 2762 1516 2800 Verr.
1545 2774 1602 2811 37.
1630 2768 1708 2797 Non
1730 2767 1903 2808 praecerpe
1919 2758 2082 2804 fruc‘lum
2110 2756 2208 2804 officii

1166 2815 1242 2859 tui,
1270 2829 1338 2851 non
1361 2812 1514 2850 alienam
1541 2812 1629 2849 mihi
1657 2810 1796 2847 laudem
1821 2818 1947 2859 appete.
1973 2808 2116 2856 elegans
2142 2819 2205 2845 au-

1164 2874 1240 2902 tem
1271 2865 1485 2913 metaphora
1515 2876 1535 2900 a
1564 2864 1620 2899 Re
1652 2861 1796 2899 Rustica
1821 2859 1867 2897 ad
1895 2860 2117 2896 Venere-am.
2157 2858 2205 2895 fic

1165 2916 1383 2963 Epist-xvii.
1405 2919 1450 2950 Et
1468 2913 1582 2949 adhuc
1602 2923 1664 2950 tua
1686 2910 1790 2960 meffis
1807 2911 1846 2947 in
1863 2908 1967 2946 herba
1986 2909 2038 2954 eli.
2051 2909 2158 2955 Prop.
2173 2920 2206 2945 1.

1166 2966 1268 3014 hleg.
1307 2977 1368 3002 xv.
1402 2969 1521 3014 Qare
1550 2963 1583 3013 fi
1602 2963 1693 3013 sapis
1719 2962 1852 2998 oblatas
1878 2974 1919 2996 ne
1946 2959 2052 3008 desere
2083 2957 2204 3006 messes.

1166 3018 1376 3053 ilsslexus.
1403 3015 1599 3052 Praecidere
1628 3014 1708 3051 usus
1733 3014 1770 3050 &
1800 3014 1941 3049 Lucan.
1968 3010 2028 3046 lib.
2048 3020 2099 3044 vi.
2119 3020 2202 3056 340.

1166 3074 1211 3103 lis
1230 3076 1409 3104 maturato
1422 3065 1588 3115 praecidit
1606 3063 1736 3114 vespere
1755 3062 1876 3099 lucem.

1218 3133 1229 3155 1
1243 3131 1299 3163 44.
1328 3118 1390 3154 Ad
1402 3117 1474 3166 spes
1492 3115 1635 3152 alterius
1655 3115 1733 3164 quis
1751 3113 1815 3150 tibi
1827 3112 1914 3159 fecit
1933 3107 2046 3162 itere]
2073 3105 2204 3162 Adse-

1158 3178 1237 3218 pem
1256 3168 1400 3205 alterius
1426 3167 1543 3205 codex
1563 3177 1656 3203 unus
1677 3163 1867 3202 Mediceis
1890 3172 1972 3197 cum
1993 3169 2106 3205 prima
2126 3155 2204 3193 edi-

1165 3220 1435 3268 tioneoptime
1448 3232 1457 3257 ι
1470 3217 1617 3267 persistit
1637 3216 1736 3253 enim
1757 3216 1794 3251 in
1806 3211 2027 3266 metaphora.
2043 3212 2080 3244 e<
2092 3207 2203 3255 sepem

1166 3269 1260 3319 disne
1276 3282 1343 3320 pro
1362 3281 1449 3320 agro
1468 3269 1606 3319 sepibus
1624 3266 1783 3352 nigrim.
1800 3262 1847 3299 fic
1863 3262 1923 3298 lib.
1944 3271 2006 3298 ιιι.
2024 3258 2104 3297 Art.
2120 3257 2208 3345 ⁵63²}

1713 3325 1736 3360 P
1771 3323 1794 3349 2,
2177 3351 2205 3358 ff.
