2553 3676
823 204 882 262 P.
960 200 1373 262 OVIDII

322 237 432 285 204

1448 199 1976 257 NASONIS

602 294 790 354 „Molle
814 314 1023 360 meum,
1059 295 1370 366 levibusque
1396 311 1491 348 cor
1517 292 1593 347 est
1615 293 1859 347 violabile
1888 293 2034 346 telis:

506 370 576 427 80

687 369 760 425 Et
784 371 989 441 semper
1018 367 1186 422 caussa
1210 366 1313 432 est,
1350 385 1446 420 cur
1470 384 1574 438 ego
1600 365 1807 437 semper
1833 383 2022 421 amem.

616 441 740 497 Sive
765 444 837 498 ita
861 441 1096 495 nascenti
1120 442 1295 512 legem
1322 439 1508 493 dixere
1537 438 1774 499 sorores;

686 515 804 569 Nec
830 514 952 570 data
974 514 1093 570 sunt
1115 514 1258 568 vitae
1282 511 1368 566 fila
1391 510 1572 565 severa
1597 527 1782 572 meae;

323 705 395 747 Sed
415 705 565 756 praestat
584 716 666 744 rore.
694 703 866 743 Tibullus
885 703 977 742 libro
998 715 1061 741 iii.
1083 701 1187 749 Eleg.
1206 710 1265 738 iv,

375 771 540 809 stillabat
558 771 651 821 Syrio
672 770 833 820 myrrhea
851 782 923 805 rore
942 780 1049 804 coma.

320 834 400 872 Ubi
424 846 612 883 perperam
628 833 784 883 spirabat
808 829 989 877 Georgius
1011 828 1196 866 Fabricius
1215 827 1313 865 notis
1332 827 1371 864 in

321 884 550 922 Terentium
576 896 620 921 ex
643 883 798 932 antiquis
833 880 1022 918 codicibus
1055 879 1254 928 castigabat.
1282 877 1374 933 allu-

321 930 366 973 fii
388 937 489 973 enim
511 936 556 972 ad
577 946 710 972 vocem
734 933 875 980 stactes,
905 931 980 967 aab
1003 931 1066 967 τοῦ
1083 931 1211 976 ςκζεῖν
1226 957 1237 974 ,
1259 940 1279 965 a
1293 927 1374 975 sta-

322 985 429 1023 lando
449 985 645 1023 deductim
660 1015 668 1027 ‚
697 981 894 1033 quomodo
913 981 1116 1031 lacrymam
1142 980 1203 1018 seu
1229 987 1373 1029 guttam

322 1037 496 1086 myrrhae
516 1049 534 1074 a
559 1037 708 1073 Graecis
726 1033 953 1082 scriptoribus
976 1032 1147 1082 appellari
1162 1032 1216 1069 sat
1237 1037 1374 1068 notum

324 1087 388 1125 est.
416 1087 464 1124 sic
487 1086 645 1124 Arabica
666 1084 809 1134 myrrha
828 1083 925 1132 apud
946 1083 1135 1133 scriptores
1149 1084 1209 1126 ‚&
1227 1080 1374 1130 myrrha

322 1137 447 1176 Arabs
482 1139 520 1175 in
561 1138 635 1174 (tiri
664 1136 875 1184 virgiliana.
914 1147 991 1184 quo
1025 1135 1063 1173 ὃς
1095 1133 1228 1171 Noster
1258 1131 1377 1170 allusit

323 1185 423 1225 Met.
447 1201 483 1224 x.
508 1200 591 1225 cum
614 1186 791 1234 stillatam
820 1185 938 1223 cortice
959 1184 1142 1234 myrrham
1165 1184 1268 1221 dixit.
1297 1184 1376 1221 Lu-

324 1249 407 1275 can.
439 1250 525 1275 vri.
561 1238 645 1286 837.
676 1236 877 1286 sanguineis
911 1236 1067 1284 stillavit
1099 1234 1237 1272 -roribus
1263 1233 1378 1272 arbor.

324 1288 426 1326 recte
446 1290 553 1337 igitur
566 1287 727 1335 stillabat
749 1301 865 1326 coma,
894 1299 973 1324 non
985 1285 1154 1336 spirabat.
1177 1285 1285 1324 Idem
1307 1284 1380 1321 Ti-

325 1338 445 1377 bullus
466 1340 558 1376 libro
586 1351 641 1376 ir.
660 1339 763 1388 Eleg.
791 1351 844 1375 11.
865 1337 1027 1375 dixerat:

385 1402 485 1439 Illius
505 1401 645 1451 Affyria
666 1402 834 1450 destillent
855 1410 1006 1450 tempora
1023 1402 1148 1438 nardo.

328 1463 387 1503 Ita
409 1466 510 1503 enim
533 1464 785 1503 emendandus
806 1465 866 1502 ille
886 1463 1006 1500 versus
1020 1491 1030 1508 ‚
1059 1475 1145 1501 cum
1165 1462 1279 1512 vulgo
1298 1472 1379 1510 per-

327 1527 457 1564 peram
479 1517 641 1565 legatur,
676 1515 772 1552 Illius
784 1525 870 1565 puro
901 1513 1067 1562 distillent
1086 1523 1237 1564 tempora
1259 1513 1379 1549 nardo.

327 1566 408 1604 satis
428 1567 570 1616 frigide.
600 1568 639 1605 ni
667 1567 783 1604 mavis
799 1594 809 1610 ‚
838 1564 937 1614 Syria
960 1565 1078 1601 nardo.
1108 1564 1211 1614 quod
1231 1570 1380 1601 tantun-

327 1616 416 1653 dem
448 1618 509 1654 est.
538 1629 625 1654 nam
655 1617 830 1665 Virgilius
861 1617 899 1652 in
925 1614 1129 1652 Buccolicis
1161 1614 1288 1662 Eclog.
1322 1625 1382 1651 iv.

328 1666 512 1715 Affyrium
529 1667 633 1715 vulgo
653 1667 811 1716 nascetur
828 1677 1009 1702 amomum
1029 1664 1132 1703 dixit.
1154 1665 1259 1716 quod
1277 1663 1379 1702 idem

330 1717 372 1755 in
398 1717 474 1754 Ciri
496 1727 606 1754 vocat
625 1718 763 1766 Syrium
776 1734 787 1753 :

387 1773 470 1803 Non
487 1767 669 1805 thalamus
688 1768 782 1817 Syrio
793 1769 964 1816 fragrans
979 1767 1104 1815 accepit
1123 1780 1271 1804 amomo.

330 1817 411 1854 Ubi
432 1819 545 1855 etiam
569 1819 669 1866 Tyrio
691 1830 882 1866 perperam
908 1818 1032 1854 edunt.
1061 1817 1259 1866 quomodo
1283 1817 1321 1853 δε
1344 1817 1383 1853 in

331 1866 477 1905 Tibulli
503 1869 591 1905 loco
621 1868 723 1916 supra
753 1868 913 1905 adducto
937 1875 1021 1904 ante
1042 1868 1263 1918 Scaligeruni
1282 1868 1382 1916 lege-

331 1917 463 1964 batur,
485 1924 517 1954 T
513 1919 585 1967 yrio
606 1933 688 1955 rore.
718 1918 896 1956 Martialis
917 1918 1009 1954 libro
1031 1930 1122 1955 V111.

382 1970 418 2006 Si
430 1970 524 2019 sapis
539 1998 548 2013 ,
578 1969 712 2019 Assyrio
733 1969 837 2007 crinis
856 1968 920 2007 tibi
929 1968 1060 2017 semper
1082 1982 1217 2008 amomo

437 2020 629 2070 Splendeat.

333 2071 468 2111 Statius
492 2071 672 2121 Epicedio
696 2072 861 2111 Pfittaci:

513 2122 760 2172 ——Affyrio
780 2125 904 2160 cineres
922 2124 1105 2162 adolentur
1122 2136 1279 2167 amomo,

386 2178 433 2211 Et
452 2184 569 2210 tenues
587 2173 752 2210 Arabum
774 2175 941 2223 respirant
958 2175 1112 2223 germine
1124 2174 1278 2223 plumae.

333 2222 545 2271 „Venantius
563 2224 782 2262 Fortunatus
801 2226 893 2262 libro
917 2237 968 2262 iv.

389 2275 483 2311 Lilia
495 2304 506 2320 ‚
525 2275 688 2324 narcissus
702 2304 710 2318 ‚
734 2275 847 2311 violae
859 2303 870 2319 ‚
891 2274 964 2324 rosa
975 2303 986 2320 ,
1009 2274 1141 2312 nardus
1152 2302 1162 2318 ‚
1181 2285 1360 2311 amomum
1374 2300 1386 2318 ,

441 2325 622 2377 §Quicquid
641 2325 803 2371 odorifero
819 2325 972 2374 germine
991 2326 1106 2363 mittit
1129 2324 1262 2362 Arabs.

333 2376 413 2414 Ubi
434 2377 470 2414 in
483 2376 630 2414 vetustis
644 2376 829 2414 codicibus
844 2389 1013 2413 amemus.
1027 2376 1224 2426 quomodo
1237 2375 1384 2419 nardus,

334 2427 441 2474 costus
462 2456 472 2473 ,
509 2430 546 2465 ὃς
576 2426 752 2477 balsamus
773 2456 783 2473 ‚
822 2427 926 2477 quod
957 2428 1068 2476 paulo
1099 2435 1183 2464 ante
1213 2426 1386 2464 vidimus.

338 2478 444 2516 Silius
465 2478 557 2517 libro
578 2491 641 2518 xi.

392 2536 464 2566 Nec
481 2530 609 2567 crinem
628 2529 764 2579 Affyrio
778 2529 981 2579 perfundere
997 2537 1126 2578 pugnet
1147 2541 1293 2565 amomo.

338 2578 411 2617 Sed
432 2590 471 2618 ut
495 2580 685 2618 redeamus
707 2580 753 2618 ad
774 2580 953 2630 Assyriam
979 2580 1154 2622 nardum;
1184 2579 1282 2628 apud
1302 2579 1388 2617 Ho-

338 2632 472 2668 ratium
492 2643 644 2681 quoque
662 2631 700 2669 id
718 2632 827 2669 habes
845 2631 938 2668 libro
965 2643 1018 2669 11.
1042 2630 1117 2668 Od.
1140 2642 1199 2668 XI.

392 2684 466 2716 Car
489 2696 557 2718 non
572 2681 639 2731 sub
661 2681 737 2719 alta
755 2681 814 2719 vel
827 2681 994 2732 platano,
1023 2680 1081 2719 vel
1099 2680 1163 2718 hac

344 2775 349 2780 ψ
392 2731 486 2766 Pina
500 2734 651 2779 jacentes
661 2731 712 2782 stc
728 2744 852 2770 temere
865 2762 875 2778 ‚
902 2744 944 2773 Ψ
960 2732 1035 2782 rosa

447 2786 560 2818 Canos
586 2785 718 2821 odorati
746 2783 904 2833 capillos,

446 2836 546 2867 Dum
567 2833 643 2868 licet
657 2862 667 2874 .
694 2835 901 2885 Affffirriaque
919 2834 1027 2872 nardo

395 2887 561 2919 Petamus
582 2884 688 2920 uncti.

344 2932 459 2983 Apud
490 2934 650 2970 eundem
685 2934 878 2974 Tibullum
902 2938 996 2975 libro
1026 2950 1084 2975 111.
1115 2935 1242 2986 Elegia
1260 2935 1391 2975 ultima

345 2983 522 3023 mendose
544 2995 694 3032 quoque
715 2985 894 3029 scribitur,
923 2997 962 3024 ut
982 2997 1095 3035 puto:

398 3034 628 3080 Jamdudum
649 3035 742 3082 Syrie
761 3036 973 3080 madejast‘as
993 3046 1143 3085 tempora
1163 3038 1271 3073 nardo

453 3083 649 3121 Debueram
664 3084 769 3133 sertis
787 3085 981 3134 implicuiſje
997 3088 1118 3122 cottias.

344 3134 422 3173 Pro
443 3134 542 3184 Syria
562 3135 679 3172 nardo.
708 3135 839 3172 nardus
857 3137 954 3172 enim
978 3136 1091 3184 magis
1107 3138 1227 3173 i’oe'tis
1252 3137 1287 3172 in
1311 3135 1388 3179 usu,

346 3199 461 3236 quarn
485 3186 649 3224 nardum.
675 3185 724 3223 fic
754 3186 994 3223 Achaemenis:
1024 3187 1155 3223 nardus
1178 3186 1274 3235 apud
1305 3186 1391 3224 Ho-

347 3240 493 3275 ratium.
524 3236 639 3284 potest
656 3244 781 3275 tamen
803 3239 838 3274 ὃ(
859 3238 951 3286 syrio
970 3240 1007 3274 ὅς
1030 3238 1160 3287 Assyrio
1181 3238 1288 3273 nardo
1307 3238 1389 3275 ferri

343 3291 389 3346 jin
415 3288 556 3330 Tibulli
582 3289 673 3330 locis
693 3316 704 3338 ,
741 3300 828 3330 cum
853 3288 1030 3343 Martialis
1055 3300 1207 3341 quoque
1233 3289 1389 3337 dixerit,

2351 577 2470 636 Sive

1426 696 1579 746 Pretiosa
1608 695 1672 744 suo
1703 696 1890 746 miscentur
1924 697 2090 735 cinnama
2129 694 2249 732 nardo.
2294 690 2470 743 Aſjsstrium

1429 747 1625 797 balsamum
1643 749 1803 785 occurrit
1819 748 1917 796 apud
1938 747 2186 785 Dracontium
2208 746 2443 782 Hexamero:

1478 798 1709 847 Balsamaque
1727 798 1878 847 Assyrios
1891 797 2033 846 plorant
2052 796 2209 844 virgulta
2225 806 2284 844 per
2306 807 2412 842 agros.

1428 848 1483 886 Ita
1507 849 1607 886 enim
1628 849 1755 887 locuni
1778 850 1881 887 illum
1903 847 1974 886 effe
1995 846 2241 897 castigandum
2260 845 2472 884 monuimus

1426 899 1520 938 libro
1541 911 1596 936 VI.
1619 900 1778 938 Metam.
1807 912 1845 938 v.
1877 911 1959 950 312.
1991 911 2077 938 cum
2108 900 2147 936 in
2167 896 2386 935 editionibus
2408 896 2474 943 cir-

1430 951 1655 989 cumferatur
1668 964 1676 988 ε

1479 1001 1646 1050 Balsama
1664 1004 1842 1053 Caesareos
1856 1002 1997 1054 plorant
2014 999 2172 1049 virgulta
2186 1008 2247 1049 per
2266 1012 2372 1047 agros.

1429 1053 1657 1102 Quanquam
1679 1053 1724 1091 de
1747 1054 1920 1093 Caesarea
1940 1053 2158 1092 Palaestinae
2178 1047 2295 1100 posset
2314 1047 2479 1100 intelligig

1431 1104 1718 1143 Andromachus
1744 1106 1885 1149 Γκλῆνᾈ
1899 1134 1909 1152 ,

1607 1169 1706 1175 ··—··
1719 1158 1791 1193 Καὶ
1812 1159 1947 1195 κλεῒνον
1969 1157 2053 1195 babit
2073 1155 2208 1201 μίσγοιο
2228 1152 2331 1194 ὀνώδη

1487 1208 1684 1253 Βαλσιὶμου
1704 1203 1883 1253 Ἀσσυρίης
1903 1208 2032 1246 ἔνδοθεν
2051 1207 2239 1250 ἰιινύμενος.

1433 1257 1511 1294 Ubi
1524 1259 1562 1295 in
1574 1258 1772 1298 transcursu
1790 1268 1940 1297 notetur
1958 1262 2148 1302 Βάλσκμος
2165 1252 2267 1292 'Acca
2277 1255 2327 1299 ρὶη
2341 1256 2480 1292 foemir'

1434 1309 1527 1345 nino
1554 1321 1702 1358 genere.
1739 1311 1938 1360 quomodo
1973 1309 2129 1352 nardus,
2157 1307 2259 1355 costus
2284 1307 2322 1344 &
2350 1305 2478 1343 similia

1437 1358 1649 1398 efferuntur.
1678 1361 1726 1399 est
1754 1362 1856 1399 enim
1878 1361 1922 1399 ad
1954 1362 2145 1402 arborem,
2169 1370 2246 1395 non
2267 1357 2314 1395 ad
2329 1356 2476 1395 succum

1435 1410 1683 1449 referendum.
1704 1412 1835 1450 Statius
1854 1411 2035 1460 Epicedio
2058 1409 2160 1447 Pileti
2184 1407 2286 1446 Ursi:

1486 1461 1651 1511 Balstzma
1671 1474 1714 1502 &⁸
1736 1463 1871 1513 Assyrio
1890 1472 2075 1499 manantes
2088 1460 2241 1510 germine
2250 1458 2356 1507 succi.

1437 1511 1528 1549 Non
1543 1514 1724 1561 gramine,
1743 1514 1845 1563 quod
1866 1526 1965 1552 nunc
1992 1513 2134 1562 legitur.
2162 1511 2349 1559 myrrham
2378 1510 2480 1548 enim

1436 1562 1582 1609 innuit,
1609 1577 1704 1614 quae
1727 1565 1844 1605 arbor.
1873 1563 2004 1614 Astyrii
2025 1562 2137 1599 odores
2158 1560 2312 1598 Tibullo
2332 1560 2424 1599 libro
2448 1570 2482 1610 Σ,
2527 1574 2529 1576 ·

1437 1612 1678 1709 Elcigcinxsciror
1695 1665 1847 1713 Assyrios
1867 1664 1971 1701 cineri
1993 1677 2081 1714 quae
2100 1663 2205 1700 dedat
2225 1663 2347 1699 odores.

1438 1712 1487 1751 Et
1504 1713 1601 1762 apud
1625 1714 1837 1752 Catullum:

1491 1770 1719 1813 Fragrantem
1737 1766 1873 1815 Affyrio
1892 1765 1992 1803 vertit
2008 1765 2105 1802 odore
2126 1765 2281 1802 domum,

1444 1815 1570 1853 Senec.
1593 1816 1748 1865 Hippol.

1490 1867 1600 1902 Odore
1617 1867 1721 1903 crinis
1728 1867 1867 1915 sparsus
1888 1866 2023 1915 Assyrio
2042 1876 2155 1902 vacet.

1437 1916 1591 1966 Affyrios
1610 1917 1707 1953 nidos
1726 1917 1920 1954 Phoenicis
1934 1945 1944 1960 ,
1958 1918 2032 1965 pari
2054 1916 2172 1954 modo
2191 1915 2369 1953 Martialis
2390 1914 2485 1955 libro

1440 1979 1475 2004 v.
1496 1974 1644 2015 propter
1662 1966 1793 2004 odores
1821 1968 1906 2005 illuc
1928 1967 2130 2016 congestos.
2162 1967 2301 2016 Syrium
2329 1967 2486 2003 maloba-

1439 2027 1536 2054 trum
1567 2017 1740 2056 Horatio.
1771 2018 1867 2066 Syrio
1892 2032 2033 2055 munere
2056 2018 2172 2067 plenus
2188 2031 2300 2066 onyx,
2329 2030 2396 2066 pro
2416 2029 2489 2055 un-

1439 2076 1605 2117 guento,
1629 2069 1726 2117 apud
1754 2069 1987 2116 Propertium
2016 2069 2109 2106 libro
2152 2080 2208 2105 11.
2241 2068 2344 2116 Eleg.
2375 2080 2496 2106 21:11.v

1441 2119 1559 2162 Συρίου
1593 2121 1694 2162 μύρον
1736 2118 1944 2157 Theocrito
1981 2118 2235 2157 Adoniazusis.
2276 2118 2488 2157 Athenaeus

1440 2169 1535 2207 libro
1556 2181 1615 2206 xv.
1635 2170 1695 2207 ubi
1713 2171 1785 2219 agit
1805 2170 1849 2207 de
1870 2170 2089 2220 unguentis:
2120 2170 2137 2211 ἦ
2158 2170 2196 2205 δὲ
2223 2170 2330 2214 Septa
2351 2171 2392 2205 τὸ
2412 2181 2484 2206 πα-

1443 2221 1544 2256 λαιόν
1570 2223 1696 2265 χρκςᾰ
1720 2223 1846 2257 πάντα
1874 2223 2072 2267 παρείχετο
2092 2249 2101 2264 ,
2131 2221 2278 2265 μέλις-α
2295 2220 2336 2257 δὲ
2358 2220 2398 2270 ”cb
2422 2220 2485 2261 τή-

1442 2275 1546 2307 λινον·
1567 2273 1626 2307 νῦν
1646 2269 1678 2306 δ’
1698 2271 1745 2308 035.
1771 2271 1840 2309 Sed
1858 2281 1897 2310 ut
1917 2285 1961 2310 ex
1981 2273 2056 2310 hoc
2066 2272 2284 2309 diverticulo
2295 2270 2485 2310 redeamus

1442 2322 1486 2360 ad
1519 2322 1705 2359 Nasonem
1733 2351 1742 2367 ,
1782 2323 1901 2359 Arabo
1928 2337 2000 2360 rore
2029 2322 2132 2373 quod
2159 2321 2276 2367 dixit,
2304 2322 2488 2371 eleganter

1444 2374 1595 2411 factum.
1624 2373 1762 2410 Arabos
1780 2387 1847 2422 pro
1867 2374 2001 2412 Arabes
2021 2385 2173 2424 quoque
2195 2374 2365 2411 Plautum
2387 2373 2486 2411 usur-

1441 2423 1536 2473 pass'e
1554 2425 1590 2461 in
1615 2424 1851 2463 bacchidibus
1872 2427 1910 2463 ὃ(
1931 2425 2099 2463 Poenulo
2112 2454 2122 2469 ,
2134 2425 2332 2473 Virgilium
2349 2425 2488 2462 Aenei-

1443 2475 1509 2513 dos
1538 2475 1694 2524 septimo
1720 2505 1728 2519 ,
1769 2477 1958 2514 Lucilium
1979 2505 1990 2521 ‚
2027 2477 2187 2514 Cinnam
2209 2505 2219 2521 ‚
2259 2475 2418 2513 castium
2448 2475 2488 2513 in

1444 2527 1635 2576 Epistolis‚
1663 2527 1843 2565 Charisius
1876 2527 2055 2577 Sosipater
2083 2528 2261 2565 observat.
2307 2525 2488 2564 Arabium

1445 2577 1637 2625 bombycem
1666 2580 1871 2627 rropertius
1894 2579 1983 2616 dixit
2011 2580 2103 2616 libro
2131 2591 2186 2616 11.
2209 2578 2312 2626 Eleg.
2339 2589 2418 2613 111.
2447 2577 2488 2614 &

1446 2627 1627 2665 Arabiam
1647 2629 1753 2666 limen
1770 2631 1863 2667 libro
1887 2642 1916 2667 1.
1936 2630 2038 2678 Eleg.
2058 2641 2146 2666 xxv.
2176 2626 2373 2677 quomodo
2394 2627 2430 2664 δε
2448 2627 2488 2664 in

1444 2679 1615 2717 Poenulo
1641 2681 1755 2718 Plauti
1776 2680 1860 2718 Acst.
1879 2692 1915 2718 v.
1939 2681 1994 2717 Sc.
2014 2692 2069 2717 iv.
2087 2679 2200 2717 hodie
2220 2679 2369 2726 legitur:
2388 2682 2488 2714 Ara·

1446 2728 1523 2767 hius
1540 2730 1809 2783 murrhinusque
1826 2730 1936 2768 omnis
1958 2731 2038 2778 odor
2055 2728 2237 2779 complebat
2257 2742 2354 2764 nares
2388 2729 2488 2766 Nam

1446 2781 1485 2818 in
1505 2780 1744 2820 Bacchidibus
1765 2794 1863 2820 nunc
1885 2781 1922 2818 id
1950 2781 2051 2818 vocis
2072 2793 2148 2818 non
2168 2780 2288 2817 exstat.
2318 2785 2402 2815 Rore
2422 2779 2489 2828 igi-

1446 2838 1504 2870 tur
1525 2832 1648 2869 Arabo
1667 2834 1760 2871 bene
1779 2834 1813 2870 se
1834 2833 1942 2870 habet
1956 2860 1965 2876 ‚
1993 2843 2081 2880 quas
2107 2830 2276 2868 Sidonius
2304 2830 2489 2878 Apollina-

1446 2883 1492 2921 ris
1515 2884 1744 2933 Panegyrico
1766 2884 1963 2932 Majoriani
1978 2892 2097 2930 guttas
2123 2881 2293 2916 Arabicas
2314 2889 2442 2918 vocat:

1626 2957 1678 2962 —-—
1698 2942 1776 2971 Fert
1795 2934 1899 2969 Jndus
1916 2933 1998 2970 ebur
2010 2961 2018 2975 ‚
2045 2931 2243 2968 Chaldaeus
2261 2944 2462 2976 amomum,

1499 2987 1657 3036 Assyrius
1670 2997 1825 3034 gertimas
1837 3012 1846 3028 ‚
1877 2990 1934 3019 Ser
1955 2983 2084 3019 vellera
2096 3011 2105 3026 ,
2133 2982 2240 3018 thura
2257 2982 2404 3018 Sabaeas
2416 3010 2426 3026 ‚

1499 3044 1643 3072 Aurum
1658 3036 1786 3084 Lydus,
1800 3034 1916 3070 Arabs
1928 3046 2067 3082 guttam
2080 3062 2088 3077 ‚
2102 3033 2280 3069 Panchaia
2293 3032 2486 3081 myrrham.

1447 3086 1495 3123 Et
1526 3096 1610 3123 ante
1636 3098 1721 3123 eum
1745 3085 1924 3133 Apuleius
1950 3084 2296 3133 Metamorphoseos
2316 3084 2407 3120 libro
2430 3083 2483 3120 se·-
2542 3079 2553 3118 i

1448 3136 1570 3174 cundo
1600 3136 1722 3179 dixit,
1762 3129 1939 3185 Capillum
1965 3135 2076 3184 guttis
2107 3134 2267 3171 Arabicis
2289 3133 2484 3170 obunttams

1446 3188 1526 3232 Qui
1541 3187 1643 3236 locus
1663 3195 1872 3235 opportune
1887 3187 2031 3224 alterius
2051 3198 2111 3223 nie
2131 3193 2262 3224 monet
2279 3184 2374 3231 apud
2395 3195 2486 3221 eun-

1445 3238 1530 3275 dem
1563 3237 1765 3287 Apulcjum
1795 3237 1979 3286 insigniter
2001 3238 2161 3286 corrupti
2182 3265 2192 3281 ‚
2218 3242 2258 3273 ut
2278 3235 2367 3289 mihi
2392 3235 2484 3272 visus

1444 3289 1516 3337 est,
1544 3300 1658 3339 quein
1681 3297 1804 3329 totuin
1827 3289 2024 3329 adscribam
2047 3302 2056 3328 ι
2095 3293 2190 3327 Tunc
2215 3285 2365 3336 injuriae
2392 3297 2484 3320 meae

2339 3334 2484 3382 litatum
2538 3360 2539 3363 ,
