2553 3676
609 191 1255 253 HEROIDES
1329 215 1425 252 ΕΡ.

1499 215 1642 256 VIIL
2101 222 2191 274 115

357 295 484 351 Pars
507 291 636 344 haec
658 302 763 339 una
785 285 915 339 mihi
938 283 1138 354 conjux
1159 283 1296 340 bene
1322 285 1471 340 ceffit
1496 286 1735 345 Orestes:

427 365 472 418 Is
494 375 738 434 quoque,
774 359 829 411 ni
851 375 951 429 pro
978 356 1030 411 se
1052 356 1288 428 pugnet,
1326 359 1570 413 ademtus
1597 363 1714 416 erit.

356 433 587 508 Pyrrhus
612 429 769 485 habet
792 444 1023 503 raptam,
1061 429 1262 484 reduce
1290 430 1344 483 &
1368 431 1572 485 vietore
1596 446 1844 505 parente:

424 505 626 560 Munus
652 503 707 556 &
731 503 835 557 hoc
861 502 1014 557 nobis
1040 502 1216 556 diruta
1238 502 1407 573 Troja
1436 502 1604 557 dedit.

187 636 190 640 ,
213 598 309 650 105
347 579 490 635 Cum
513 591 692 631 tamen
713 577 847 630 altus
872 576 1020 702 equis
1045 575 1213 630 Titan
1234 573 1559 630 radiantibus
1581 576 1760 644 instat,

424 650 680 705 Perfruor
704 649 890 704 infelix

932 648 1161 703 ibex-iore
1184 650 1353 713 maIO,

347 725 478 780 Nox
498 724 587 778 ubi
614 741 700 777 me
726 722 991 785 thalami3‚
1025 722 1316 777 ululantem
1341 721 1397 776 ἅτ
1420 721 1610 777 acerba
1633 737 1968 798 gementem,

424 797 718 858 Condidit,
753 795 807 848 in
831 793 1037 849 moesto
1061 795 1433 868 procubuique
1456 808 1612 857 toro;

348 870 456 924 Pro
480 869 666 923 somno
693 868 918 921 lacrimis
944 868 1084 921 oculi
1108 867 1403 939 funguntur
1429 868 1661 923 obortis:

204 958 303 996 110
415 942 646 1014 Quaque
670 942 794 995 licet
820 941 970 1012 fugio
985 981 999 1005 ,
1038 939 1175 1007 sicut,
1193 941 1256 995 ab
1281 940 1455 1008 hoste,
1495 940 1686 996 virum.

348 1014 516 1086 Saepe
540 1014 686 1068 malis
712 1013 924 1086 stupeo:
965 1031 1254 1087 rerumque
1279 1013 1443 1068 oblita
1465 1012 1681 1085 locique

418 1087 602 1159 ignara
626 1088 779 1158 tetigi
804 1087 984 1160 Scyria
1008 1087 1246 1142 membra
1268 1105 1444 1142 manu,

344 1159 530 1235 thue
553 1160 698 1215 nefas
722 1160 878 1222 sensu
919 1160 1056 1215 male
1080 1178 1308 1233 corpora
1329 1159 1465 1216 tafia
1489 1163 1764 1235 relinquo:

420 1234 494 1290 Et
517 1233 648 1310 mihi
670 1235 895 1307 pollutas
919 1234 1116 1289 credor
1140 1233 1333 1289 habere
1358 1252 1557 1291 manus,

52 1408 337 1459 repraesentant,
365 1414 500 1448 Munus
519 1412 562 1449 (ξ’
579 1408 640 1446 hoc
663 1407 756 1446 nobis
774 1407 895 1445 diruta
917 1408 1018 1457 Trqia
1038 1408 1096 1445 de-

50 1460 118 1498 dit.
144 1461 248 1499 DAN.
266 1462 478 1500 Hnmsms.
504 1460 624 1500 Valde
648 1461 709 1499 hic
735 1459 860 1500 denuo
891 1460 1035 1499 turbant
1052 1461 1097 1499 li·

52 1509 118 1549 bri.
144 1512 370 1551 Puteaneus:

104 1579 152 1612 Et
171 1576 288 1613 minus
305 1575 328 1613 a}
349 1575 443 1613 nobis
459 1575 578 1613 diruta
602 1578 703 1625 Troja
722 1576 828 1614 dedit.

53 1636 79 1674 ὰ
95 1649 162 1686 pro
180 1639 227 1675 ah
240 1648 300 1683 ,ut
319 1638 592 1687 Argentinenfis
611 1639 648 1676 δε
671 1639 746 1677 duo
766 1641 838 1677 alii.
859 1638 963 1689 quod
982 1638 1068 1678 effet
1084 1653 1092 1676 ι

108 1706 241 1739 Alanus
259 1703 296 1739 id
314 1702 361 1739 ah
383 1701 475 1739 nobis
494 1702 615 1738 diruta
634 1702 736 1750 Troja
753 1702 861 1739 dedit.

52 1761 191 1850 Prilicae
225 1764 405 1802 editiones
425 1791 436 1807 ,
474 1763 655 1810 Excerpta
681 1762 798 1810 Jureti
827 1763 867 1802 δί
895 1773 940 1800 ex
965 1760 1095 1801 nostris

53 1823 119 1851 mu
134 1822 184 1851 ti:

103 1870 239 1901 Munus
254 1875 296 1905 ω·
315 1863 375 1900 hoc
393 1860 486 1899 nobis
505 1861 626 1898 diruta
646 1863 746 1911 Troja
765 1863 872 1902 dedit.

51 1912 122 1953 Sex
143 1915 225 1953 alii:
442 1918 451 1924 “

105 1973 174 2003 Hoc
194 1979 321 2004 munus
337 1963 430 2004 nobis
447 1963 567 2001 diruta
588 1964 689 2013 Troj.z
709 1962 817 2002 dedit.

53 2014 129 2054 Alii
146 2025 235 2055 tres:

107 2071 153 2103 Et
171 2081 296 2105 munus
315 2067 407 2104 nobis
423 2067 542 2105 diruta
558 2066 659 2115 Troja
670 2065 758 2113 ficit.

56 2115 133 2155 Alii
152 2119 263 2156 aliter.
293 2120 421 2168 Lego:

107 2169 265 2206 Muneris
282 2169 341 2206 hoc
359 2168 452 2206 nobis
471 2168 592 2206 diruta
612 2167 712 2216 Troja
731 2165 812 2208 suit.

55 2218 152 2263 Vel,
179 2220 283 2258 dedit.
309 2231 520 2271 quanquam
547 2218 638 2258 illud
665 2217 776 2256 malo.
811 2217 870 2256 Sic
896 2218 934 2255 in
961 2217 1092 2264 Fastis,

56 2279 72 2307 1
84 2281 113 2307 1.
167 2282 200 2317 7.

104 2282 247 2359 Gr3aecia
257 2322 465 2373 principium
487 2321 591 2360 moris
598 2320 687 2370 fnit.

51 2370 129 2409 Ubi
145 2374 256 2422 plura.
281 2374 412 2411 Noster
433 2373 683 2421 Metamorph.
697 2371 760 2410 lib.
782 2385 834 2410 ix.
854 2382 939 2419 400.

104 2429 173 2460 Hoc
190 2423 244 2461 illi
261 2425 401 2462 dederat
418 2425 581 2471 Junonia
601 2423 754 2461 muneris
770 2422 873 2460 Hebe.

55 2471 188 2512 Cicero
216 2475 276 2513 lib.
305 2489 355 2514 ix.
384 2476 451 2524 Ep.
472 2475 587 2513 famil.
608 2487 697 2512 xm.
718 2480 786 2511 Oro
802 2473 890 2510 velis
904 2482 965 2522 per
981 2482 1014 2511 te
1029 2472 1090 2511 ho:

55 2525 207 2561 muneris
233 2539 310 2563 cum
339 2524 412 2575 ipfis
428 2525 550 2563 amicis
572 2524 789 2569 hominibus,
809 2535 887 2561 tum
907 2525 1092 2576 municipio

54 2574 182 2612 Caleno
201 2576 294 2614 dare.
315 2577 404 2614 Fast.
425 2589 479 2614 iv,
499 2576 583 2625 798.
603 2587 648 2613 ex
670 2575 851 2613 veteribus
869 2574 985 2613 libris:

88 2631 172 2678 ’Hoc
187 2628 383 2676 argumenti
392 2626 546 2677 flamma
565 2625 690 2663 Palilis
707 2625 822 2663 habet.

61 2669 120 2711 Sic
134 2674 190 2714 hoc
205 2678 296 2728 juris
311 2679 407 2728 apud
428 2680 636 2716 Lucanum.
657 2676 740 2714 Lib.
758 2689 847 2717 vm.
868 2689 929 2727 9ς.

399 2735 470 2765 Hoc
478 2728 570 2778 juris
590 2726 738 2765 habebat

117 2778 155 2810 ln
171 2785 309 2817 tantum
319 2781 468 2828 fhrtuna
489 2788 601 2829 caput.

64 2821 168 2862 Idem
183 2827 241 2864 lib.
259 2842 312 2868 1v.
330 2831 415 2880 398.

113 2881 182 2910 Hoc
199 2891 324 2929 quoque
333 2881 459 2930 securis
476 2880 584 2919 oneris
595 2881 744 2929 fortuna
763 2879 903 2931 remifit.

60 2925 192 2962 Noster
210 2928 300 2966 Met.
315 2943 350 2966 x.
368 2933 451 2970 218.

110 2980 231 3012 Durat
252 2977 289 3013 in
307 2979 365 3016 hoc
379 2983 471 3021 aevi.

56 3025 190 3115 &filil-1631]
199 3039 292 3126 [1³11
305 3030 462 3080 Apolog.
473 3036 592 3086 Spretis
606 3037 653 3073 ad
671 3036 732 3074 hoc
747 3034 830 3074 aevi
840 3031 1088 3085 voluptatibus.

58 3133 180 3216 EtHoc
197 3142 290 3215 egeno
298 3129 426 3176 statuit
445 3135 596 3180 temporis
614 3136 669 3185 effe
679 3137 782 3186 fath.

121 3189 155 3215 v.
176 3192 198 3225 4
226 3208 233 3215 .

113 3236 192 3267 Non
209 3229 311 3266 habet
331 3230 428 3278 officii
448 3231 582 3278 Lucifer
600 3235 707 3270 omnis
723 3236 826 3277 idem.

60 3279 136 3318 Ubi
153 3280 253 3331 plura
273 3282 435 3331 Propert.
460 3294 516 3322 11.
535 3282 634 3332 Eleg.
655 3295 738 3323 xx1.

2032 1306 2200 1380 Saepe

1201 1407 1339 1445 Deinde
1358 1407 1417 1446 ubi
1432 1406 1635 1458 pertuleris,
1663 1419 1744 1458 quos
1763 1404 1848 1442 dicit
1860 1404 1965 1453 filma
1986 1402 2115 1440 labores

1256 1460 1412 1498 Herculis
1425 1489 1435 1505 ‚
1456 1460 1535 1498 huic
1555 1459 1645 1510 quod
1664 1459 1720 1495 des
1738 1457 1890 1495 muneris
1907 1455 2028 1506 ecquid
2045 1454 2146 1491 habes
2158 1462 2174 1492 ἓ

1152 1508 1207 1547 Ita
1233 1509 1361 1549 locum
1392 1512 1496 1549 illurn
1525 1523 1571 1549 ex
1597 1509 1753 1559 vestigiis
1778 1516 1949 1546 veterum
1968 1506 2198 1544 membrana-

1151 1572 1233 1598 rum
1255 1562 1371 1600 videri
1393 1561 1639 1610 castigandum
1662 1562 1707 1598 ad
1727 1559 1844 1609 ipsum
1862 1555 2097 1607 Propertimn
2119 1556 2197 1606 plu-

1150 1611 1247 1649 ribus
1266 1612 1501 1651 adstruemus.
1520 1614 1664 1649 Lucan.
1682 1610 1745 1649 lib.
1763 1622 1799 1648 x.
1816 1608 1877 1647 68.

1202 1668 1272 1698 Hoc
1289 1663 1403 1701 animi
1424 1676 1491 1700 nox
1509 1661 1575 1700 illa
1595 1661 1701 1699 dedit.

1151 1711 1200 1750 Et
1220 1725 1331 1752 mox:

1207 1769 1275 1799 Fas
1292 1763 1382 1801 mihi
1399 1776 1605 1814 magnorum
1627 1761 1754 1811 Caefhr
1763 1761 1892 1810 secreta
1905 1767 2094 1808 parentum

1200 1814 1366 1859 Prodere,
1393 1815 1441 1850 ad
1459 1814 1518 1850 hoc
1536 1813 1616 1850 aevi
1630 1812 1762 1862 populis
1782 1811 1896 1860 ignota
1909 1810 2077 1858 profanis.

1151 1862 1200 1902 Et
1217 1865 1313 1914 apud
1331 1864 1550 1913 juvenalem
1572 1876 1617 1900 ex
1636 1863 1838 1900 veterrimis
1858 1860 2102 1897 membranis:

1201 1917 1288 1954 ,Αὲἶὶ
1302 1945 1312 1962 ,
1333 1916 1471 1966 inquit,
1493 1915 1545 1953 nil
1564 1913 1628 1963 est,
1650 1911 1715 1963 nisi
1731 1919 1838 1950 Poeno
1858 1909 1971 1950 milite
1984 1919 2104 1960 portas

1202 1968 1423 2017 Frangimns.

1149 2015 1222 2054 Sat.
1254 2030 1308 2056 ix.

1200 2069 1319 2117 Legati
1340 2082 1439 2106 omne
1460 2067 1561 2118 capit.

1150 2116 1204 2154 Ita
1223 2119 1342 2156 codex
1361 2120 1558 2158 Voffianus
1570 2147 1581 2164 ,
1597 2128 1676 2156 non
1693 2116 1856 2167 legatum.
1883 2114 1970 2153 vide
1987 2125 2082 2165 quae
2100 2121 2195 2153 noto

1148 2168 1282 2207 Amor.
1307 2182 1337 2207 1.
1357 2170 1411 2207 El.
1435 2183 1465 2208 1.
1484 2182 1521 2208 v.
1545 2183 1578 2219 ς.

1200 2220 1266 2256 Nil
1283 2220 1493 2258 mortalibus'
1508 2219 1614 2257 ardui
1631 2219 1686 2269 est.

1148 2270 1312 2309 Horatio
1330 2272 1391 2309 lib.
1417 2284 1449 2310 1.
1469 2271 1545 2309 Od.
1575 2284 1657 2309 111.
1679 2269 1876 2321 quomodo
1894 2268 2026 2318 legitur
2044 2266 2082 2305 in.
2102 2267 2193 2303 anti«

1145 2322 1324 2372 quissimis
1341 2322 1490 2372 scriptis.
1516 2323 1608 2360 infra
1628 2323 1696 2371 Ep.
1715 2334 1791 2360 xiv.

1196 2382 1395 2423 —parum
1403 2373 1497 2421 faffii
1509 2373 1704 2422 sanguinis.
1717 2393 1778 2400 --

1144 2423 1203 2462 Ex
1232 2425 1381 2463 vetustis
1406 2424 1517 2464 libris.
1540 2424 1619 2472 fnit
1638 2437 1777 2461 munus.
1805 2421 1853 2460 fic
1873 2418 2030 2460 Remed.
2059 2419 2193 2459 Amor.

1144 2475 1229 2523 528.

1199 2525 1393 2564 Auxilium
1409 2525 1533 2563 multis
1543 2525 1664 2573 succus
1683 2534 1727 2562 &¹
1746 2523 1850 2560 herba
1862 2522 1949 2569 fuit.

1148 2577 1268 2625 Quod
1294 2590 1372 2615 non
1408 2577 1458 2614 est
1486 2574 1719 2613 mutandum.
1755 2574 1968 2611 HEINSIUs.
2002 2570 2194 2608 Heuman.

1146 2627 1289 2677 Parerg.
1318 2629 1409 2665 Crit.
1436 2639 1473 2676 p.
1503 2638 1585 2674 119.
1609 2632 1680 2662 Hoc
1697 2637 1824 2661 munus
1840 2622 1955 2667 nobis,
1982 2620 2082 2671 quasi
2102 2633 2193 2660 con-

1140 2678 1325 2726 jecturam
1353 2678 1453 2716 suam
1481 2676 1657 2714 venditat.
1684 2687 1770 2713 cum
1798 2674 1858 2712 sex
1890 2673 2034 2711 codices
2062 2673 2111 2709 ita
2127 2673 2191 2709 ha-

1147 2729 1231 2767 bere
1243 2730 1323 2779 jam
1342 2727 1516 2767 Heinsius
1536 2727 1736 2765 monuerit.
1763 2725 1948 2774 Crispinus
1966 2723 2126 2773 profertz

1197 2785 1245 2816 Et
1263 2781 1380 2817 minus
1392 2808 1402 2824 ‚
1429 2778 1499 2822 ah,
1527 2777 1621 2815 nohis
1640 2777 1762 2814 diruta
1780 2776 1882 2826 Troja
1893 2775 1983 2823 fuit.

1144 2829 1204 2868 Eo
1222 2831 1347 2875 sensu,
1367 2842 1444 2880 quo
1463 2829 1649 2876 Penelope
1669 2828 1762 2866 dixit
1780 2828 1848 2876 Ep.
1872 2838 1902 2864 1.

1194 2881 1329 2917 Diruta
1343 2880 1432 2930 sunt
1449 2879 1552 2923 aliis,
1567 2878 1633 2928 soli
1653 2878 1742 2916 mihi
1760 2884 1931 2926 Pergama
1948 2875 2086 2924 restant.

1143 2930 1215 2969 Sed
1243 2933 1323 2981 quis
1349 2932 1397 2969 ita
1428 2931 1650 2968 Latinorum
1670 2927 1862 2979 loquitur?
1891 2929 2022 2965 Douza
2049 2925 2189 2976 legebat

1142 2995 1188 3019 ex
1210 2982 1340 3020 codice
1360 2981 1425 3019 suo
1439 3009 1450 3026 ‚
1479 2987 1615 3018 Munus
1640 2991 1683 3020 (9¹
1716 2981 1776 3017 hoc
1794 2978 1927 3029 Pyrrho
1950 2979 2069 3015 diruta
2088 2977 2189 3025 ‘froja

1141 3033 1250 3070 dedit.

1196 3096 1278 3123 110.
1305 3083 1399 3121 Sicut
1419 3082 1464 3120 ab
1485 3082 1571 3131 hoste
1589 3081 1698 3133 virm]
1719 3081 1864 3128 Virum,
1877 3082 2040 3132 quinque
2059 3077 2192 3128 scripti.

1141 3136 1181 3174 δί
1207 3136 1337 3185 placet.
1366 3136 1576 3172 Hnmsxus.

1198 3199 1278 3232 114.
1301 3186 1431 3222 Credor
1449 3184 1601 3234 habere]
1622 3183 1664 3221 Id
1683 3185 1730 3222 est
1750 3183 1880 3221 videor
1900 3181 2001 3219 mihi.
2023 3178 2072 3217 fic
2090 3190 2187 3229 ego:

1248 3242 1292 3273 Et
1311 3236 1400 3273 mihi
1419 3236 1544 3272 Pi'e'riis
1563 3235 1676 3272 credor
1692 3234 1787 3283 ineffe
1805 3233 1923 3271 choris.

1146 3288 1191 3327 Id
1209 3288 1259 3326 est
1277 3286 1436 3336 intereffe.
1464 3287 1623 3325 Douza.

1653 3334 1680 3373 P
1709 3346 1730 3371 2
2000 3342 2081 3381 τις.
2108 3336 2195 3379 Ore<
