2553 3676
309 232 406 279 374

798 198 857 255 P.
933 191 1369 254 OVIDII·

1419 191 1944 251 NASONIS

597 289 726 347 Non
751 305 888 363 equa
912 303 1103 342 munus
1126 302 1358 360 equum,
1395 300 1507 341 non
1532 295 1743 340 taurum
1765 302 1931 343 vacca
1952 285 2223 360 poposcit:

675 361 803 418 Non
828 360 960 423 aries
982 359 1231 433 placitam
1254 374 1478 416 munere
1506 371 1682 432 captat
1706 376 1880 414 ovem.

604 435 727 492 Sola
748 435 866 489 viro
890 433 1082 489 mulier
1104 431 1278 505 spoliis
1302 432 1504 488 exultat
1529 432 1782 488 ademtis:

451 512 564 578 *30

676 506 797 562 Sola
820 507 960 562 locat
983 504 1193 561 noffites:
1233 505 1338 558 sola
1360 502 1586 558 locanda
1609 504 1775 559 venit.

605 579 680 637 Et
702 579 916 644 vendit,
953 579 1104 654 quod
1128 589 1417 647 utrumque
1435 575 1610 645 juvat,
1646 577 1799 649 quod
1821 591 2052 654 uterque
2074 574 2316 653 petebat:

679 653 753 708 Et
774 654 1037 726 pretium,
1073 647 1258 723 quanti
1282 646 1510 720 gaudeat
1534 647 1667 720 ipsa,
1704 649 1846 706 facit.

521 728 525 730 ⁷
607 726 763 801 Quae
792 726 977 782 Venus
1001 741 1070 778 ex
1094 738 1269 794 aequo
1293 732 1517 775 ventura
1543 719 1620 775 est
1643 735 1789 794 grata
1815 724 2054 791 duobUS,

683 801 870 853 Altera
893 815 989 851 cur
1013 795 1154 849 illam
1177 794 1366 849 vendit
1380 834 1394 858 ,

1431 794 1485 848 &
1513 794 1645 848 alter
1670 795 1833 849 emit?

502 892 569 942 35
607 872 721 928 Cur
745 870 875 924 mihi
898 869 958 923 fit
983 868 1182 923 damno
1197 907 1211 932 ‚
1249 867 1345 922 tibi
1370 866 1430 920 fit
1451 867 1655 921 lucrosa
1679 869 1952 942 voluptaS,

685 944 865 1014 Quam
887 941 1035 997 socio
1059 955 1215 995 motu
1237 940 1438 995 femina
1463 941 1653 1014 virque
1678 941 1889 997 ferunt?

611 1017 740 1073 Non
763 1015 901 1070 bene
925 1013 1180 1070 condubti
1205 1013 1448 1069 vendunt
1470 1015 1699 1086 perjuria
1726 1014 1912 1071 testes:

688 1088 817 1143 Non
840 1088 978 1144 bene
1004 1085 1179 1143 selefii
1200 1085 1396 1158 judicis
1422 1105 1541 1141 arca
1567 1100 1730 1159 patet.

600 1162 792 1234 Turpe
809 1201 824 1226 ,
858 1179 980 1216 reos
1005 1162 1147 1216 emta
1171 1160 1391 1214 miseros
1416 1159 1711 1216 defendere
1736 1162 1945 1234 lingua:

505 1254 575 1308 40

688 1233 859 1307 Quod
881 1234 1038 1288 faciat
1064 1250 1306 1305 magnaS,
1345 1246 1529 1306 turpe,
1569 1233 1799 1289 tribunal
1822 1252 1965 1307 opeS.

614 1308 834 1380 Turpe,
873 1307 979 1361 tori
1003 1306 1183 1362 reditu
1206 1305 1391 1361 census
1416 1323 1611 1378 augere
1635 1319 1915 1379 patern03‚

695 1379 769 1436 Et
794 1379 989 1435 faciem
1012 1381 1164 1436 lucro
1191 1377 1509 1450 prostituiffe
1532 1379 1692 1435 suam.

618 1452 807 1509 Gratia
832 1472 932 1527 pro
957 1453 1112 1508 rebus
1138 1453 1335 1507 merito
1363 1451 1592 1508 debetur
1614 1454 1855 1510 inemtis:

690 1527 800 1581 Pro
827 1527 961 1582 male
987 1524 1260 1581 condu6³t0
1284 1526 1451 1597 gratia
1472 1526 1612 1580 nulla
1635 1539 1776 1580 toro,

509 1617 575 1669 45
616 1599 816 1655 Omnia
841 1599 1142 1654 601111116101
1165 1598 1350 1653 solvit:
1389 1599 1646 1653 mercede
1669 1599 1840 1653 soluta

692 1673 823 1728 Non
846 1686 1026 1729 manet
1051 1671 1239 1728 officio
1268 1671 1484 1727 debitor
1506 1672 1594 1727 ille
1620 1683 1732 1726 1110.

381 1885 443 1919 27.
470 1879 564 1925 Equo
591 1877 633 1915 &¹
657 1876 794 1925 taum]
824 1874 867 1914 Id
891 1875 939 1913 est
958 1875 1002 1913 ab
1021 1887 1104 1925 equo
1122 1875 1160 1913 δε
1179 1884 1292 1913 tauro.
1317 1874 1380 1914 sed

331 1927 465 1966 rectius
490 1928 528 1964 in
557 1927 660 1964 MSS.
687 1927 873 1965 codicibus
902 1940 1028 1978 equum
1059 1927 1097 1963 &
1124 1937 1268 1963 taurum
1287 1927 1380 1976 legi-

334 1978 594 2017 tur.MArtms.
616 1978 747 2023 Forte,
761 1978 908 2028 reposcit.
926 1977 1000 2015 vid.
1023 1977 1069 2015 ad
1089 1977 1242 2026 Quine't.
1259 1990 1295 2016 v.
1321 1990 1380 2016 10.

385 2039 446 2078 30.
476 2027 676 2078 Locanda.]
705 2030 860 2067 Francio
882 2028 1065 2077 placebat,
1091 2029 1215 2065 locata'.

387 2090 445 2128 31.
473 2083 519 2114 Et
538 2079 699 2126 vendit.]
730 2085 775 2116 Et
795 2079 894 2116 venit
912 2079 1110 2129 Gryphius.
1138 2079 1289 2118 Restius
1307 2078 1377 2118 alii.

335 2130 384 2169 ita
406 2130 568 2178 Proper-t.
591 2143 620 2166 1.
644 2142 698 2167 11.
717 2142 751 2175 4.

384 2185 494 2230 Teque
510 2180 691 2228 peregrinis
710 2180 856 2217 vendere
877 2180 1085 2218 muneribus.

2298 1741 2475 1800 Parei.

1487 1885 1544 1923 ςῐ.
1572 1878 1628 1912 Ex
1655 1872 1818 1925 quibus.]
1845 1875 1875 1909 E
1902 1870 2027 1923 quibus
2055 1870 2238 1910 meliores.
2265 1872 2478 1914 Hnmsxus:

1433 1924 1483 1963 Et
1510 1926 1559 1963 ita
1589 1926 1724 1963 Douza
1748 1923 1903 1974 legebat.
1941 1923 2091 1974 Trajecit
2117 1921 2249 1971 viscera
2275 1922 2340 1960 telo
2367 1925 2476 1964 etiam

1434 1976 1523 2014 alter
1544 1974 1750 2014 Mediceus.

2550 1886 2553 1907 l

1487 2038 1545 2076 53.
1575 2027 1737 2063 Praemia
1760 2025 1885 2076 posci.]
1916 2026 1973 2063 Ex
1999 2024 2141 2063 duobus
2171 2025 2355 2064 veteribus
2378 2025 2482 2076 lege,¹

1434 2090 1591 2115 munera.
1620 2079 1839 2115 Cromnos.
1876 2076 2039 2114 Praemia
2065 2077 2270 2113 Puteaneus
2299 2078 2338 2114 ὃς
2364 2077 2479 2126 plures
2543 2102 2544 2105 =

1434 2129 1505 2166 alii.
1534 2129 1625 2166 mihi
1653 2129 1824 2177 repetitio
1853 2129 1968 2176 magis
1994 2127 2139 2164 arridet.
2176 2128 2351 2177 Sequenti
2378 2127 2480 2166 versu

1435 2179 1535 2217 idem
1559 2181 1720 2228 optimus
1750 2179 1868 2217 codex
1896 2191 1981 2216 cum
2002 2190 2080 2216 uno
2100 2178 2239 2215 Moreti
2254 2205 2263 2221 ‚
2291 2178 2383 2234 qqod
2400 2178 2481 2215 dare

334 2230 450 2276 Plaut.
472 2231 551 2268 Mil.
576 2243 631 2268 11.
655 2243 733 2268 111.
755 2244 812 2278 41.
846 2238 926 2267 Non
953 2245 1006 2280 ego
1031 2230 1180 2280 poffum,
1208 2243 1296 2282 quae
1311 2231 1382 2281 ipfiz
1429 2228 1537 2279 poffit.
1564 2242 1642 2286 non
1662 2244 1761 2280 quae.
1789 2231 2002 2268 Hemsms.
2031 2229 2075 2267 In
2093 2241 2170 2267 uno
2188 2229 2352 2274 Moreti,
2374 2241 2482 2278 gran-

330 2280 366 2332 se
386 2281 570 2325 venditat,
597 2282 756 2319 tutarier.
786 2282 1051 2319 Bunmmus.

392 2341 451 2380 31.
477 2337 668 2383 Utrumque
683 2333 805 2381 juvat.
828 2332 843 2382 ]
884 2334 1051 2382 Uterque
1081 2332 1304 2371 Maffeianus
1332 2333 1383 2373 ita

337 2382 460 2420 habet.
487 2383 596 2420 reete.
626 2384 847 2420 Ciofmws.

339 2444 452 2523 E132.
478 2437 523 2469 Et
536 2434 724 2484 pretium]
755 2435 889 2479 Forte,
910 2435 947 2483 ft
960 2435 1111 2484 pretium
1130 2434 1235 2483 facit.
1262 2443 1304 2473 ut
1327 2446 1385 2472 11.

389 2496 444 2533 eg.
476 2496 506 2521 1.

390 2535 454 2571 Ad
472 2545 593 2571 vatem
608 2536 760 2585 pretium
776 2535 941 2573 carminis
954 2534 1023 2584 ipsa
1046 2536 1156 2573 venit.
1173 2537 1387 2575 Hnmsws.

342 2584 482 2623 Iterum
515 2586 740 2635 adscripserat
776 2588 911 2624 Douza
942 2587 1000 2623 illa
1031 2588 1205 2625 Martialis
1235 2589 1296 2626 lib.
1331 2600 1387 2626 1x.

343 2636 453 2684 Epist.
476 2638 535 2675 60.
562 2642 607 2673 Et
623 2639 775 2687 pretium
796 2636 932 2686 magnis
943 2637 1030 2683 fecit
1049 2638 1251 2687 iaspidibus.

398 2698 452 2734 32.
480 2689 659 2738 Quanta]
690 2691 834 2737 {Qanto
856 2689 1061 2726 Puteaneus
1076 2689 1188 2733 ,alter
1209 2690 1391 2728 Palatinus

345 2736 384 2774 &
408 2737 729 2777 Francofurtenfis.

364 2838 369 2842 1
397 2800 455 2832 44.
481 2790 577 2824 Male
603 2790 807 2841 concinam]
841 2790 881 2829 Id
913 2789 986 2833 est,
1015 2802 1120 2836 care,
1149 2803 1287 2840 magno
1310 2804 1391 2840 pre-

343 2845 413 2875 tio.
440 2846 479 2874 ut
506 2840 657 2877 Terent.
687 2843 779 2879 Eun.
805 2854 862 2879 1v.
887 2854 921 2888 4.
947 2842 1045 2878 Male
1065 2843 1253 2879 conciliate.
1283 2843 1391 2880 &ita

345 2888 494 2938 passim,
523 2887 600 2924 kene
620 2892 658 2927 ὃ(
677 2892 768 2928 male
790 2904 926 2930 emere.
947 2893 1020 2930 vid.
1046 2905 1076 2930 1.
1096 2894 1179 2930 Art.
1199 2895 1287 2930 Am.
1307 2894 1392 2939 426.

397 2940 455 2984 46.
484 2945 561 2993 Noqz
583 2941 739 2990 manea]
774 2942 906 2986 Forte,
932 2956 1017 2979 num
1037 2954 1181 2981 manet?
1211 2945 1357 2981 Hms.

397 3002 456 3037 49.
478 2989 652 3037 Tetzgiffe]
680 2992 719 3027 111
739 2993 1029 3041 omnibus,quae
1049 2996 1139 3031 mihi
1160 2995 1284 3032 videre
1303 3006 1394 3031 con-

345 3041 449 3088 tigit,
478 3040 724 3088 manuscriptis
744 3044 1028 3089 exemplaribus,
1050 3056 1127 3080 non
1150 3045 1317 3092 Tetigiffl’,
1333 3045 1393 3082 sed

347 3090 500 3139 Pepigiffe
524 3091 663 3138 legitur.
692 3103 786 3140 quae
815 3093 926 3129 166110
959 3094 1080 3129 verior
1107 3094 1197 3129 mihi
1224 3094 1391 3137 videtur,

348 3153 435 3179 nam
458 3144 495 3177 ὅ(
518 3141 645 3178 Livius
667 3143 808 3190 inquit:
837 3142 987 3191 pepigisse
1014 3156 1090 3178 cam
1106 3170 1114 3185 ‚
1144 3143 1234 3193 quod
1254 3143 1290 3178 in
1304 3142 1394 3190 fini-

339 3191 423 3239 stris
449 3191 610 3228 manibus
638 3191 811 3229 haberent.
842 3194 1019 3229 Munus.
1064 3192 1216 3242 Pepigiffe
1235 3191 1392 3240 finistras

349 3241 445 3279 Edit.
471 3243 591 3299 prima
620 3243 658 3282 ὅ(
687 3243 873 3282 Barberini
902 3243 1033 3284 codex.
1060 3255 1106 3282 an
1125 3242 1294 3294 sinistrae.
1320 3244 1394 3284 scil.

350 3303 491 3332 manui.

1439 2281 1499 2317 dm
1520 2280 1606 2330 poscz
1633 2294 1792 2318 munera.

1494 2345 1548 2381 ςς.
1577 2330 1806 2382 pendentes]
1825 2331 1999 2378 Junianus
2012 2330 2226 2380 splendentes
2240 2358 2250 2375 ‚
2277 2341 2355 2368 non
2376 2329 2485 2375 male,

1439 2395 1534 2432 quae
1563 2383 1691 2421 oculos
1719 2384 1875 2427 feriunt,
1905 2390 1946 2419 ut
1974 2381 2125 2419 divitiae
2146 2382 2366 2426 beatorum,
2393 2391 2484 2430 quae

1440 2434 1658 2482 conspicuae
1702 2435 1859 2471 invitant
1902 2444 2047 2482 rapaces
2081 2433 2320 2471 meretricum
2350 2441 2485 2470 manus-

1442 2485 1490 2523 fic
1511 2498 1598 2522 x11x.
1620 2485 1777 2522 Metam.
1797 2485 1882 2532 813.

1493 2541 1582 2572 Sunt
1600 2548 1684 2572 auro
1695 2533 1825 2584 similes
1845 2534 1953 2584 longis
1972 2534 2011 2572 in
2032 2533 2167 2571 vitibus
2186 2547 2279 2571 uvae
2291 2563 2302 2579 ,

1496 2592 1585 2622 Sunt
1606 2599 1649 2626 (γ’
1664 2596 1862 2636 purpureae.

1445 2638 1492 2676 Et
1515 2638 1723 2675 Columella
1743 2650 1795 2674 xx.
1820 2651 1852 2675 2.
1877 2636 2080 2686 Qosdam,
2109 2637 2182 2680 ait,
2213 2636 2343 2674 credere
2367 2633 2487 2673 vinde-

1445 2689 1557 2726 miam
1578 2688 1634 2737 effe
1657 2688 1891 2737 tempestivam
1906 2716 1916 2732 ‚
1948 2700 2025 2723 cum
2052 2687 2217 2724 coloratas
2247 2700 2289 2727 69·
2304 2685 2487 2737 perlucidas

1446 2753 1537 2776 uvas
1563 2739 1901 2789 animadvertiffent.
1936 2750 2048 2775 voces
2083 2746 2208 2775 autem
2242 2737 2420 2787 splendens
2451 2736 2487 2773 δε

1440 2790 1591 2839 pendens
1613 2803 1631 2828 a
1651 2791 1800 2828 librariis
1826 2791 1929 2838 saepe
1955 2796 2208 2826 commutatae
2224 2817 2234 2832 ,
2263 2799 2304 2827 ut
2323 2790 2403 2827 infr.
2430 2797 2489 2824 111.

1448 2842 1551 2890 Eleg.
1569 2854 1595 2878 1.
1618 2852 1651 2890 3.
1670 2842 1744 2879 vid.
1766 2841 1892 2878 Heins.
1911 2839 1957 2877 ad
1981 2839 2110 2877 Claud.
2135 2852 2164 2876 1.
2186 2840 2305 2877 Laud.
2327 2837 2490 2878 Stil.261.
2522 2836 2523 2869 ἶ

1448 2903 1518 2930 nec
1540 2902 1666 2929 tamen
1684 2892 1866 2942 pendentes
1887 2891 1972 2928 ideo
1991 2891 2213 2939 praeferrem
2228 2891 2334 2940 ,quia
2356 2887 2492 2928 Servius

1448 2951 1553 2980 notat
1574 2944 1618 2980 ad
1639 2943 1698 2980 illa
1719 2943 1821 2990 Vir-g.
1845 2954 1888 2978 11.
1911 2942 2048 2990 Georg.
2071 2940 2130 2989 89.
2161 2948 2241 2978 Non
2262 2941 2379 2979 eadem
2398 2936 2493 2975 arbo-
2522 2949 2523 2957 ¹

1449 2993 1544 3030 ribus
1574 2993 1697 3042 pendet
1737 2992 1918 3028 vindemia
1949 2992 2075 3038 nostris.
2114 2993 2208 3030 bene
2234 2992 2377 3042 pendere
2403 2987 2492 3026 dici:

1449 3045 1547 3080 nulla
1575 3044 1674 3080 enim
1705 3043 1785 3079 vitis
1813 3043 1851 3079 in
1884 3042 1983 3080 Italia
2020 3043 2099 3087 est,
2137 3055 2232 3092 quae
2257 3055 2333 3081 non
2353 3038 2493 3089 pendet.

1449 3093 1500 3130 ibi
1520 3094 1619 3130 enim
1642 3093 1686 3130 de
1707 3093 1778 3141 ipsa
1796 3094 1893 3136 vite,
1919 3094 1979 3131 hic
1998 3093 2043 3130 de
2065 3094 2145 3132 uvis
2164 3094 2293 3143 agitur.
2319 3093 2443 3129 Euam.

1505 3144 1561 3191 56.
1590 3144 1760 3191 Benig7ms
1778 3144 1893 3193 agen]
1924 3143 2063 3182 Fertilis
2079 3172 2089 3187 ‚
2117 3146 2156 3182 ὅ(
2185 3146 2248 3193 qui
2274 3141 2407 3182 frustus
2427 3139 2494 3177 fert

1451 3193 1666 3231 uberrimos.
1697 3196 1915 3232 (JIOFANUS.
1943 3195 2042 3232 Vide
2065 3196 2241 3233 Marium.

1506 3257 1563 3291 57.
1594 3244 1798 3292 Numeret.]
1829 3246 2034 3284 Puteaneus
2054 3247 2092 3283 &
2113 3245 2402 3287 Arundelianus,
2433 3251 2498 3278 nu·

1453 3305 1579 3335 merat.
1615 3296 1735 3342 forte,
1762 3309 1933 3344 numera,
1960 3298 2158 3347 quomodo
2188 3297 2228 3334 δε
2262 3295 2345 3333 alibi
2371 3301 2498 3342 pecca-

2409 3349 2503 3385 tum,
