2553 3676
567 218 1020 280 ULIXES
1093 217 1813 279 PENELO'PAE.

391 315 564 381 Vidi,
601 334 702 370 nec
729 310 965 369 lacrimas
989 310 1131 362 oculi
1157 323 1378 365 tenuere
1403 311 1682 377 cadente3‚

471 390 774 444 Deformen
801 383 1034 435 Atriden
1063 384 1084 448 (
1099 381 1185 433 hei
1211 384 1377 451 mihi)
1404 386 1570 440 caede
1594 388 1752 441 nova.

287 480 357 531 75
393 462 546 518 Illum
569 459 736 526 Troja
761 454 937 508 virum
958 470 1073 506 non
1101 451 1341 506 laeserat:
1385 457 1471 509 ille
1496 459 1768 514 furentem

472 531 768 602 Nauplion,
809 526 1084 581 Euboicos
1110 524 1489 599 transieratque
1515 531 1664 586 finus.

401 606 549 680 Quid
581 602 777 658 refert?
818 600 1044 653 animam
1074 615 1168 667 per
1193 599 1409 653 vulnera
1432 600 1574 654 mille
1598 603 1869 673 profudit2

466 678 584 749 Jam
607 675 794 730 reduci
818 673 1022 724 solvens
1045 669 1225 722 debita
1249 684 1375 724 vota
1392 671 1535 742 Jovi.

399 750 669 824 Tyndaris
687 748 783 800 has
805 743 878 796 illi
902 743 1040 796 laeso
1066 759 1165 812 pro
1189 742 1412 798 foedere
1438 763 1634 815 poenas

475 823 780 878 Str-uxerat3
823 828 1073 869 externos
1098 815 1205 885 ipsa
1229 814 1407 869 secuta
1431 818 1588 872 viros,

386 895 504 952 Ah!
532 893 661 947 mihi
690 889 818 963 quid
843 886 1060 959 prodest
1087 887 1352 958 (captivas
1376 888 1676 944 Teucridas
1703 893 1841 948 inter

467 967 611 1021 Cum
636 963 792 1017 staret
817 959 1016 1030 conjux
1043 958 1326 1024 Hectoris,
1351 975 1512 1034 atque
1537 961 1723 1032 soror)

394 1037 633 1096 Defectis
659 1034 929 1090 Hecuben
957 1033 1133 1104 potius
1162 1030 1336 1103 legisse
1361 1034 1453 1087 sub
1479 1035 1655 1100 anniS,

466 1113 550 1167 Ne
578 1109 674 1164 tibi
698 1106 960 1178 suspectus
985 1105 1185 1177 pellicis
1214 1105 1341 1158 eflet
1368 1109 1550 1160 amor?

280 1187 354 1255 v85
392 1187 571 1241 Prima
601 1182 733 1237 meis
759 1196 921 1232 omen
946 1177 1299 1232 metuendum
1324 1180 1585 1250 puppibus
1611 1182 1696 1237 illa

469 1256 649 1312 Fecit:
692 1271 801 1308 non
827 1252 1078 1305 membris
1105 1250 1209 1320 ipsa
1234 1265 1440 1320 reperta
1464 1252 1581 1306 suiso

396 1332 624 1387 Latratu
649 1327 858 1381 miseras
886 1323 1056 1376 finivit
1083 1320 1278 1375 moesta
1302 1324 1572 1394 querelas;

474 1402 546 1456 Et
576 1401 715 1455 stetit
748 1398 803 1451 in
828 1394 1070 1449 rabidam
1102 1394 1345 1466 protinus
1370 1396 1479 1449 acta
1507 1414 1710 1452 canem.

397 1473 660 1544 Prodigio
689 1471 777 1525 tali
805 1467 1072 1539 placidum
1095 1467 1292 1520 Thetis
1316 1467 1522 1523 abstulit
1550 1487 1780 1543 aequor,5

475 1547 678 1600 Aeolus
703 1540 878 1597 infulis
905 1540 1256 1612 incubuitque
1281 1540 1455 1596 Notis,

397 1620 666 1690 Pervagus
690 1617 814 1670 hinc
840 1626 960 1667 toto
987 1631 1098 1666 non
1122 1612 1250 1666 felix
1276 1610 1499 1668 differor
1529 1613 1659 1670 orbe
1677 1620 1709 1677 ;‘

472 1691 574 1754 Et,
611 1704 957 1762 quocumque
982 1700 1143 1740 vocat
1169 1684 1362 1738 fluetus
1389 1687 1444 1740 δε
1471 1705 1625 1751 aura,
1662 1688 1824 1743 feror„

401 1765 508 1820 Sed
535 1763 572 1817 fi
600 1762 830 1816 Tiresias
857 1773 965 1812 tam
991 1759 1112 1813 laeti
1139 1757 1393 1830 providus
1421 1777 1620 1829 augur,

476 1836 656 1911 Quam
680 1853 842 1891 verax
864 1845 1007 1888 vates
1035 1832 1090 1888 in
1118 1832 1448 1887 malanostra
1482 1832 1614 1896 fuit5

291 825 362 878 80

285 1567 362 1619 90

1267 2015 1375 2050 Nunc
1396 2010 1461 2050 tibi
1472 2008 1683 2049 conveniunt
1693 2037 1704 2056 ,
1715 2020 1804 2060 quae
1821 2017 1856 2048 te
1866 2016 1926 2058 per
1937 2014 2055 2058 aperta
2064 2006 2261 2056 sequantur

1319 2069 1496 2114 Aequora.

1214 2111 1298 2151 Val.
1319 2114 1415 2153 Flac.
1432 2126 1521 2152 vm.
1543 2124 1600 2152 12.

94 2012 205 2063 mss!
233 2012 447 2053 Praestiterit
468 2011 563 2062 legi,
571 2019 854 2062 perneverat,ut
882 2011 980 2062 apud
996 2012 1158 2052 Martial.

104 2065 199 2104 libro
223 2076 253 2102 1.
275 2066 340 2112 Ep.
358 2076 511 2102 Lxxxxx.

159 2119 252 2151 Cum
275 2114 364 2152 mihi
374 2115 547 2165 supremos
565 2112 720 2164 Lachesis
739 2113 937 2163 perneverit
960 2127 1080 2152 annos.

108 2164 326 2203 Hzmsxus.

159 2226 217 2262 74.
248 2216 482 2266 Deformem]
511 2217 673 2266 Propert.
695 2228 740 2253 11.
762 2227 903 2253 vx1.21.

159 2266 302 2303 Viderat
323 2267 507 2314 informem
530 2269 646 2304 multa
673 2266 854 2307 Patroclon
873 2278 983 2304 arena

210 2320 407 2353 Porrefftum
420 2346 430 2361 ,
445 2331 488 2357 (φ
495 2320 631 2367 sparsas
642 2318 739 2354 caede
752 2317 865 2365 jacere
883 2329 1007 2355 comas.

109 2366 222 2404 Caede
241 2375 366 2404 autem
386 2368 434 2403 est
454 2368 638 2415 sanguine.
693 2369 850 2406 DouzA.

164 2429 223 2461 77.
249 2417 425 2453 Animam
447 2425 508 2465 per
545 2417 696 2452 vulnera
721 2417 818 2453 mille
844 2418 1047 2468 profudit]
1095 2424 1161 2455 Per

1754 2169 1835 2200 Non
1846 2160 1953 2199 carior
1971 2160 2029 2198 ille
2045 2159 2090 2208 est

1266 2216 1383 2262 Qem
1397 2215 1590 2265 sequimur.

1215 2264 1315 2302 Vide
1335 2267 1379 2304 ad
1401 2267 1563 2304 Petronii
1583 2277 1661 2314 cap.
1680 2275 1808 2302 Lxxxt.
1834 2263 2100 2301 Eun-munus.

1268 2315 1325 2353 83.Ί
1354 2322 1447 2354 Cum
1459 2315 1599 2366 staret.]
1616 2317 1812 2353 Maluerim
1825 2343 1834 2359 ,
1847 2327 1923 2350 cum
1938 2314 2082 2360 starent.
2094 2309 2265 2361 intelligit-²

1215 2366 1506 2405 Andromachen
1526 2369 1564 2404 &
1592 2365 1837 2404 Caffimdram.
1863 2365 2074 2402 Hfimsms.

1269 2417 1330 2467 83.
1359 2418 1507 2464 Defee'bis
1525 2417 1700 2454 Hecubam
1717 2415 1868 2466 petina]
1898 2414 2055 2452 Hecuben
2078 2414 2172 2462 potui
2194 2412 2264 2460 pri-

112 2467 274 2505 adultera
291 2467 361 2504 tela
380 2474 483 2505 vetus
502 2467 591 2504 liber
614 2467 795 2504 Swarthii.
822 2478 902 2505 non
921 2470 1159 2506 inconcinne.

111 2519 328 2556 Heinsxus.

165 2582 225 2618 79,
253 2575 377 2605 Laetas
393 2578 452 2618 pro
462 2568 597 2616 foedere
609 2567 762 2618 poenas]
792 2575 918 2606 Laetas
938 2569 1011 2607 dici
1031 2569 1160 2618 opina-

111 2627 171 2656 tur
205 2620 401 2658 Swarthius
427 2619 602 2663 εἰρωνικῶς
639 2620 699 2657 sed
724 2632 801 2657 non
824 2620 1022 2668 persuadet.
1066 2622 1160 2657 Puto

111 2669 338 2708 scribendum
355 2699 366 2716 ‚
403 2670 488 2720 laeſs)
508 2680 569 2720 pro
590 2671 725 2717 foedere
744 2699 754 2714 ,
789 2671 875 2708 lecti
903 2671 1047 2708 scilicet.
1099 2669 1162 2708 Ad

113 2718 347 2758 Cassandram
367 2721 411 2759 ab
426 2722 716 2770 Agamemnone
729 2731 889 2759 amatam
911 2722 1015 2758 refer.
1044 2722 1161 2758 lom.

166 2770 226 2808 80.
242 2775 406 2808 Externos
419 2773 489 2820 ipsa
502 2776 620 2820 secuta
637 2772 760 2821 viros]
791 2773 922 2809 Malim
938 2801 948 2816 ,
962 2783 1049 2809 toros
1069 2773 1161 2809 haec

115 2821 218 2860 enim
247 2821 322 2858 duo
349 2822 387 2858 in
415 2823 609 2860 Ovidianis
626 2823 813 2861 codicibus
843 2823 1051 2872 frequenter
1070 2835 1160 2860 con-

114 2872 331 2910 funduntur.
358 2872 406 2909 fic
428 2872 592 2921 sequenti
616 2873 762 2920 epistola
778 2901 788 2917 ‚
808 2874 930 2910 Graios
951 2874 1044 2910 viros
1058 2902 1068 2917 ‚
1097 2885 1164 2921 pro

116 2922 239 2958 Graios
270 2934 368 2958 toros.
395 2923 433 2959 &
461 2923 610 2971 epistola
640 2924 784 2967 Herus,
821 2924 991 2971 Abydeno
1017 2923 1094 2959 viro
1126 2924 1163 2961 in

116 2973 283 3021 vulgatis.
321 2973 437 3010 lom.
473 2973 574 3012 Nihil
592 2974 653 3011 hic
671 2983 838 3012 mutem:
861 2975 960 3024 sequi
978 2975 1076 3011 enim
1107 2973 1165 3010 vi-

1217 2479 1278 2505 ma
1303 2468 1434 2506 editio.
1471 2470 1509 2505 &
1543 2468 1668 2505 malim
1696 2468 1806 2504 etiam
1824 2494 1832 2509 ‚
1859 2465 1981 2515 effoetis
2006 2465 2118 2501 annis.
2149 2464 2267 2501 IDEM.

1211 2519 1310 2566 potui
1327 2519 1430 2566 legiffe
1450 2518 1584 2555 Bersm.
1605 2518 1701 2555 Edit.
1721 2519 1759 2554 &
1780 2518 1934 2554 Plautin.

1271 2568 1328 2605 86.
1358 2575 1440 2605 Non
1459 2567 1620 2605 membris
1637 2566 1709 2618 ipsa
1728 2576 1858 2617 reperta
1867 2567 1978 2616 suin]
2009 2567 2099 2603 Non
2127 2564 2267 2611 intelli}

1217 2630 1268 2668 go
1295 2621 1386 2656 haec
1401 2647 1410 2662 ‚
1428 2631 1499 2657 nec
1510 2620 1642 2656 Latina
1661 2617 1947 2666 puto.Heinfius
1967 2618 2198 2665 conjecerat:

1270 2671 1362 2706 Fecit
1381 2683 1471 2706 anus
1492 2669 1654 2707 membris
1672 2669 1752 2705 orba
1771 2678 1900 2718 reperta
1912 2668 1995 2716 suis.

1217 2719 1287 2757 Sed
1319 2723 1392 2758 hoc
1412 2723 1569 2758 nimium
1599 2720 1738 2757 recedit
1760 2718 1780 2756 a
1803 2719 1947 2766 scriptis.
1969 2719 2117 2756 mallem
2135 2745 2144 2762 ,
2176 2716 2267 2753 Fecit

1215 2784 1305 2807 anus
1321 2771 1481 2808 membris
1501 2771 1592 2819 lapsa
1612 2772 1625 2818 (
1640 2771 1696 2808 vel
1711 2770 1817 2819 cassa)
1839 2779 1968 2818 repente
1978 2768 2053 2818 suis
2065 2796 2074 2812 ,
2087 2769 2145 2805 vel
2165 2765 2269 2816 quod

1216 2825 1331 2870 magis
1360 2824 1500 2871 placet,
1523 2822 1610 2868 fecit
1631 2849 1641 2865 ,
1670 2835 1737 2857 non
1764 2820 1926 2857 membris
1953 2820 2013 2868 usa
2036 2828 2166 2867 repente
2183 2816 2273 2865 suis·-

1216 2871 1264 2909 fic
1283 2873 1347 2922 ipse
1367 2875 1406 2910 δε
1425 2873 1504 2918 usus
1521 2871 1760 2909 confunditur
1783 2871 1847 2909 lib.
1876 2881 1940 2908 111.
1968 2872 2056 2906 Am.
2086 2881 2114 2905 1.
2141 2879 2199 2914 42.
2227 2868 2267 2904 &

1217 2923 1311 2960 alibi.
1368 2923 1633 2961 BURMANNus.

1267 2986 1329 3021 90.
1357 2974 1486 3010 Aeolus
1503 2972 1625 3024 infufis
1639 2971 1862 3022 incubuitque
1871 2969 1998 3020 notis.]
2028 2969 2176 3012 Malim,
2187 2966 2272 3016 effu-j

116 3037 198 3060 rum
217 3023 349 3060 refflus
372 3022 722 3070 libffiinosamuher,
751 3036 865 3075 quam
887 3035 1002 3062 torum
1021 3024 1164 3063 dicitur.
1212 3022 1270 3074 fis.
1305 3025 1343 3062 In
1371 3025 1472 3062 Ibide
1496 3036 1513 3072 3
1522 3037 1555 3074 3.

117 3073 224 3122 Prop,
240 3086 295 3129 ¹11.
317 3073 419 3122 Eleg.
439 3077 550 3110 xxxv.
571 3073 604 3110 8.

168 3129 215 3160 Et
234 3134 390 3172 tgnotum
412 3137 522 3160 nonne
531 3128 651 3172 secuta
671 3125 805 3164 virum.

115 3174 244 3222 Quem
267 3175 393 3212 locum
414 3176 452 3212 &
472 3175 608 3213 Douza
627 3176 866 3224 adscripscrat.
884 3179 923 3217 δε
941 3178 1039 3219 Paris
1056 3176 1166 3228 Epist.

116 3236 196 3263 xvx.
246 3238 265 3262 2
299 3254 308 3263 .

119 3307 123 3310 .
168 3237 327 3324 si3>u13let
349 3287 392 3315 ω’
414 3277 540 3314 metuis
560 3290 601 3316 ne
623 3290 677 3318 me
694 3277 836 3328 videare
851 3279 981 3328 secuta.

117 3326 280 3366 Oenone
301 3327 410 3375 Epist.
429 3342 465 3367 v.
486 3338 544 3376 77.
973 3327 983 3331 ”

1273 3075 1425 3125 Parsque
1444 3076 1562 3112 eadem
1583 3075 1661 3114 coeti
1680 3075 1848 3126 Zephyros
1864 3072 1996 3110 emittet
2016 3080 2060 3111 ω·
2075 3074 2195 3107 Euros.

1227 3138 1259 3166 1.
1278 3128 1436 3164 Metam.
1457 3128 1539 3173 264.

1272 3175 1462 3226 Emtfitque
1482 3186 1616 3215 notum.
1669 3179 1812 3215 Heme.
1841 3172 2180 3219 Vid.11.Fast.494,

1273 3239 1333 3273 91,
1362 3228 1585 3277 Pervagu5.]
1625 3234 1800 3274 Pervagus
1831 3224 1892 3261 hoc
1920 3235 2032 3261 totum
2062 3224 2152 3259 enim
2179 3219 2274 3270 felix]

1230 3276 1364 3327 diffiror
1383 3276 1469 3314 orbe.
1500 3279 1616 3326 Marg.
1637 3277 1769 3313 Bersm.
2269 3280 2272 3281 ’

1279 3339 1338 3377 92.
1366 3327 1631 3379 Quumque]
1659 3331 1878 3416 quacunque
1901 3325 1990 3366 editi
2020 3324 2125 3378 olim,
2147 3324 2275 3414 'Hegn-

1727 3389 1749 3425 P
1763 3389 1784 3426 Ρ
1795 3389 1817 3426 Ρ
1827 3388 1853 3428 Ρ,
2208 3380 2278 3423 Q*
