2553 3676
335 198 710 256 ARTIS
785 190 1551 253 AMAT'ORIAE
1625 222 1796 262 Lrn.
1871 206 1916 264 I.

2135 227 2232 278 559

379 287 542 343 Tunc
565 287 783 343 veniunt
808 281 966 340 risus;
1009 291 1138 333 tunc
1162 298 1365 354 pauper
1390 302 1590 341 cornua
1612 288 1767 344 sumit
1783 310 1801 344 z>

234 378 337 428 240

449 361 609 414 Tunc
634 355 792 409 dolor
816 353 872 407 &
895 369 1054 406 curae
1068 391 1089 415 ,κ
1121 369 1360 424 rugaque
1385 356 1576 414 frontis
1599 359 1722 416 abit.

378 433 540 487 Tunc
563 429 730 501 aperit
754 437 994 489 menteS.
1029 443 1162 480 aevo
1186 425 1441 480 rariffima
1464 432 1673 497 nostin,

446 500 792 574 Simplicitas;
835 511 971 553 artes
995 499 1305 553 excutiente
1327 498 1472 554 Deo.

368 574 473 628 Illic
500 573 650 645 saepe
676 573 879 627 animos
902 572 1160 643 juvenum
1184 589 1409 645 rapuere
1438 574 1671 645 puellae:

438 644 511 700 Et
537 645 724 701 Venus
751 646 806 700 in
830 646 996 708 vinis2.
1034 645 1169 716 ignis
1192 646 1248 700 in
1272 645 1398 718 igne
1423 646 1542 701 fuit.

225 735 326 789 245
363 718 478 774 Hic
507 732 566 772 tu
591 718 759 773 fallaci
781 718 1009 773 nimium
1033 735 1102 772 ne
1128 718 1294 773 crede
1318 720 1582 775 lucernae.

433 790 649 861 Judicio
673 793 877 846 formae
902 808 1122 864 noxque
1146 809 1465 864 merumque
1490 806 1715 850 nocent.-

364 864 520 918 Luce
545 864 670 919 deas
695 866 960 938 coeloque
983 864 1129 919 Paris
1156 863 1407 936 spefiavit
1433 880 1651 937 aperto;

438 936 583 993 Cum
607 938 744 994 dixit
768 937 1011 1002 Veneri,
1040 936 1230 994 Vincis
1255 951 1570 1012 utramque,
1607 940 1814 999 Venus,

75 1173 150 1200 cum
178 1170 315 1212 captam
343 1172 363 1199 a
395 1161 544 1200 Nasone
572 1160 714 1200 dietum
745 1173 831 1200 vere
862 1161 900 1199 &
929 1160 1112 1211 eleganter

71 1212 244 1251 arbitror:
272 1213 321 1250 est
348 1213 448 1250 enim
475 1213 618 1251 locutio
649 1225 668 1251 a
696 1225 734 1250 re
762 1213 908 1251 militari
937 1212 1114 1251 desumta.

71 1263 272 1304 ubilocum
299 1272 410 1313 capere
436 1265 568 1302 dicitur
594 1263 800 1312 Imperator
823 1292 832 1308 ,
868 1263 929 1313 qui
958 1272 1112 1312 aptum,

70 1314 146 1351 five
165 1316 282 1358 aciei,
310 1314 384 1352 five
407 1315 522 1352 castris
543 1314 654 1364 eligit.
677 1315 806 1352 Livius
822 1313 884 1352 lib.
904 1326 1035 1352 xxxiv.
1059 1327 1114 1360 14.

70 1363 192 1402 Media
220 1367 313 1402 noete
343 1378 421 1402 cum
449 1364 593 1416 auspicio
617 1374 750 1415 operam
767 1364 923 1414 dedisset,
945 1367 1116 1414 profeblus

70 1425 110 1453 ut
133 1415 244 1453 locum
275 1429 375 1462 quem
402 1415 531 1461 vellet,
557 1417 762 1466 priusquam
792 1416 896 1464 hostes
918 1416 1112 1464 sentirent,

0 1489 3 1500 .
71 1475 207 1516 caperet.
234 1466 294 1504 lib.
323 1479 437 1504 xxxv.
467 1480 523 1515 14.
551 1468 597 1505 de
626 1468 768 1516 Pyrrho
798 1467 913 1511 dicit,
942 1467 1116 1504 neminem

1 1532 9 1544 ·
69 1516 252 1566 elegantius
279 1517 350 1554 loca
383 1517 512 1568 cepiffe‚
534 1516 705 1568 praesidia
738 1518 933 1568 disposuisse.
969 1519 1008 1556 &
1037 1531 1115 1567 cap.

1 1570 9 1596 ἵ
72 1568 131 1607 28.
157 1573 247 1605 Erat
275 1568 542 1618 Philopoemenes
558 1570 756 1619 praecipuae
774 1570 813 1606 in
831 1569 982 1606 ducendo
1004 1570 1116 1617 agmi-

6 1633 22 1642 >¹
71 1631 135 1665 ne,
162 1619 305 1668 locisque
331 1619 500 1669 capiendis
516 1620 676 1670 fhlertiae
704 1630 809 1672 atque
835 1620 924 1668 usus.
957 1620 1115 1667 justinus

68 1669 132 1707 lib.
162 1682 264 1707 XXXI.
294 1683 325 1719 5.
353 1670 449 1707 Aliis
477 1670 574 1708 hellis
591 1671 788 1720 plurimum
807 1671 976 1708 momenti
992 1670 1116 1709 habere

64 1720 212 1770 priorem
237 1720 390 1771 aliquem
417 1721 523 1771 cepisse
546 1721 746 1771 occafionem
767 1721 851 1766 loci,
881 1722 1117 1772 temporisque.

73 1770 269 1809 Suetonius
297 1774 394 1821 Aug.
424 1784 502 1821 cap.
522 1785 630 1810 xciv.
659 1772 768 1821 Apud
793 1773 973 1810 Mundam
1002 1773 1117 1820 castris

71 1820 180 1859 locum
212 1823 353 1872 capiens.
380 1823 481 1861 Diei.
510 1823 672 1861 Cretens.
699 1823 758 1860 lib.
787 1837 832 1861 11.
857 1835 933 1872 cap.
956 1825 1015 1870 46.
1039 1830 1118 1861 Du-

72 1885 119 1909 ces
132 1901 143 1917 ‚
156 1883 194 1909 ut
215 1873 357 1923 quisque
378 1873 490 1911 locum
512 1874 784 1924 ceperat,cedere
794 1873 957 1925 singulos.
985 1874 1117 1925 virgil.

71 1935 119 1962 Π.
138 1925 275 1973 Georg.
295 1935 381 1974 230.

121 1978 220 2012 Ante
247 1975 356 2012 locum
385 1975 488 2025 capies
514 1975 630 2015 oculis.

24 2026 25 2065 l
71 2024 129 2065 Sic
149 2027 187 2064 ὅς
208 2027 245 2063 in
270 2026 372 2064 sacris
400 2036 515 2076 captus
539 2027 629 2065 locus
644 2056 654 2073 ‚
674 2026 840 2077 legitime
858 2027 904 2066 ad
920 2027 1120 2067 sacrifican-

24 2088 25 2111 ς
70 2076 161 2115 dum
175 2076 387 2115 constitutus
405 2078 603 2124 dicebatur,
617 2078 704 2117 teste
718 2079 834 2117 Festo.
856 2080 894 2116 δί
913 2080 986 2117 hoc
1003 2080 1120 2129 eligere

72 2127 184 2164 locum
206 2128 324 2165 Cicer.
344 2141 378 2165 x.
406 2128 451 2166 ad
481 2129 582 2166 Fam.
608 2142 668 2179 23.
688 2129 790 2167 dixit.
818 2129 867 2167 fic
887 2131 924 2167 in
944 2130 1016 2179 ipsa
1039 2133 1117 2169 acie

23 2180 27 2215 l
73 2177 170 2215 Flor.
197 2190 250 2215 1v.
281 2190 313 2215 1.
342 2181 457 2227 Qem
476 2180 552 2230 quis
567 2180 606 2216 in
621 2180 806 2230 pugnando
828 2189 955 2229 ceperat
975 2180 1086 2218 locum
1101 2211 1112 2227 ‚

24 2233 27 2266 i
71 2241 148 2266 eum
167 2229 286 2278 amiffa
302 2230 425 2266 anima
438 2258 449 2275 ‚
475 2240 602 2280 corpore
620 2231 763 2280 tegebat.
788 2232 838 2269 ita
859 2240 996 2281 captam
1006 2233 1114 2281 fimel

26 2343 29 2374 1

27 2386 29 2480 l

66 2279 180 2329 sedem
200 2280 313 2316 tenuit
332 2280 425 2318 dixit
446 2282 574 2319 Livius
594 2294 664 2320 vn.
682 2294 760 2331 cap.
779 2283 838 2320 26.
860 2283 898 2320 ὅ(
915 2283 1001 2320 huic
1022 2295 1114 2321 con-

72 2332 174 2369 venit
203 2331 355 2369 verbum
378 2331 470 2379 stare
492 2360 502 2377 ‚
540 2334 641 2383 cujus
670 2333 748 2371 usus
774 2334 813 2371 in
830 2333 961 2371 eadem
981 2346 1043 2378 re,
1073 2336 1112 2373 &

66 2380 158 2429 stare
174 2381 240 2418 loco
258 2382 388 2419 dicitur
410 2383 535 2426 miles,
563 2386 626 2432 qui
645 2385 772 2422 locum
795 2393 943 2433 captum
967 2393 1110 2430 tuetur,

73 2440 114 2469 ut
142 2441 266 2468 contra
297 2433 405 2468 cedere
433 2435 472 2470 ὅ(
500 2434 633 2470 moveri
658 2434 724 2471 loco
744 2463 754 2479 ‚
795 2447 880 2472 cum
914 2444 1012 2473 retro
1051 2436 1114 2475 dat

28 2496 31 2523 ι
71 2489 183 2529 terga.
210 2481 284 2518 vid.
310 2483 408 2520 Serv.
427 2482 472 2520 ad
492 2484 594 2532 Virg.
614 2496 685 2521 vu.
707 2485 863 2522 Aeneid.
888 2496 971 2533 333.
990 2487 1113 2534 gravis

30 2546 31 2554 ¹
72 2542 185 2576 vero,
214 2540 254 2569 ut
281 2532 383 2569 miles
405 2532 561 2570 statarius
585 2535 622 2570 ὃ(
640 2535 757 2583 gravis
775 2543 978 2572 armaturae
992 2551 1003 2579 ;
1030 2537 1118 2575 licet

30 2598 31 2617 ι
74 2582 172 2619 enim
191 2582 357 2620 videatur
373 2584 492 2620 levior
512 2582 582 2620 effe
595 2585 743 2632 Cupido
761 2613 770 2629 ‚
797 2586 862 2622 stat
881 2594 1005 2624 tamen
1029 2587 1115 2625 loco

71 2641 190 2681 capto.
217 2632 265 2670 fic
289 2634 400 2670 etiam
421 2635 459 2671 in
487 2634 555 2672 alia
573 2647 635 2679 re,
661 2635 772 2672 locum
791 2645 924 2684 capere;
956 2637 1117 2676 urst-alio

74 2695 137 2732 ger
156 2685 194 2721 in
214 2684 367 2732 antiquo
387 2684 507 2732 lapide
532 2685 629 2733 apud
651 2687 850 2724 Gruterum
876 2699 1060 2726 cccxxvi.
1080 2689 1115 2727 6.

75 2735 122 2771 L.
154 2734 187 2771 S.
214 2735 269 2771 M.
300 2735 342 2771 C.
371 2735 526 2783 explicat
553 2736 663 2775 locum
677 2735 744 2787 fibi
770 2749 989 2775 monumento
1021 2739 1114 2789 cepit.

74 2784 195 2822 multo
213 2784 342 2822 rectius
363 2798 474 2835 quain
494 2787 641 2826 Ursatus
657 2817 666 2832 ,
693 2790 757 2837 qui
777 2788 888 2825 locum
908 2788 966 2838 sui
991 2803 1113 2827 monu-

77 2834 186 2872 menti
207 2837 368 2880 curavit,
396 2837 455 2874 vel
474 2838 647 2886 constituit
662 2868 671 2884 ‚
690 2839 775 2877 inde
805 2840 945 2889 effingit
971 2841 1009 2878 in
1029 2853 1114 2878 mo-

78 2897 183 2923 num.
218 2885 395 2923 Patavinis
421 2900 501 2936 pag.
526 2901 583 2935 44.
609 2889 656 2927 fic
669 2888 784 2939 fidera
807 2890 918 2937 infixa
936 2905 977 2927 ac
996 2891 1113 2928 cohae-

75 2936 214 2978 rentia,
235 2944 395 2984 perpetua
416 2938 587 2988 semelque
617 2950 714 2989 capta
732 2941 812 2988 sede
842 2941 999 2978 collucere
1026 2942 1116 2981 dicit

79 2985 260 3035 Quinetil.
288 2986 393 3023 Decl.
422 2999 473 3024 ιν.
500 2989 526 3025 fi
555 2991 646 3028 haec
665 2991 895 3029 intellexisset
920 2993 1115 3041 Crispinus.

77 3038 138 3075 ille
161 3065 170 3080 ,
207 3045 342 3085 captum
374 3036 483 3072 locum
512 3050 588 3080 non
620 3042 871 3090 interpretatus
909 3042 1022 3087 effet,
1058 3044 1115 3080 ob-

74 3088 196 3137 fiffitm
213 3116 222 3131 ,
242 3087 419 3135 Calepino
436 3087 570 3124 scilicet
589 3089 652 3126 suo
670 3092 761 3128 usus.
783 3094 1051 3132 BURMANNUS.

130 3139 214 3186 236.
241 3138 304 3173 Sed
330 3148 448 3173 tamen
474 3149 517 3176 <9⁴
532 3137 684 3188 spargi]
713 3142 846 3180 Melius
868 3147 905 3182 iri
926 3146 1113 3190 Palatino,

82 3189 142 3225 Sed
162 3200 279 3224 tamen
300 3189 424 3237 aspergi
442 3190 553 3236 peetus
574 3202 688 3225 amore
707 3202 810 3229 nocet.
837 3194 940 3231 DAN.
966 3197 1114 3234 Heius.

83 3240 143 3276 An
166 3251 253 3276 vero
276 3249 369 3275 nocet
386 3249 400 3276 3
429 3250 492 3276 cur
515 3250 602 3287 ergo
624 3240 720 3276 Naso
744 3251 856 3279 artem
877 3247 1028 3283 noxiam
1047 3247 1117 3284 do-

83 3289 182 3330 ces?-
214 3291 335 3329 immo
364 3301 454 3329 vero
484 3299 574 3340 puto
596 3305 609 3335 ;
636 3293 753 3340 pectus
780 3305 892 3346 amore
920 3296 1023 3334 docet.
1055 3298 1116 3336 ille

2051 1016 2226 1075 Nodie

1168 1161 1322 1210 quidem
1357 1162 1436 1202 vini.
1474 1162 1552 1201 vim
1585 1162 1766 1202 velociter
1798 1171 1970 1204 excutere
1995 1166 2135 1214 potest3
2164 1167 2225 1206 sed

1168 1212 1281 1251 docet
1301 1222 1426 1252 tamen
1445 1225 1614 1252 amorem
1635 1223 1826 1263 penetrare
1844 1217 1881 1253 in
1902 1216 2039 1266 peetus.
2063 1218 2228 1267 ideoque

1169 1266 1393 1304 amatoribus
1413 1265 1624 1314 quaerenda
1645 1267 1817 1304 convivia
1836 1266 1932 1311 sunt,
1954 1267 2017 1306 ubi
2037 1280 2122 1306 cum
2136 1268 2228 1305 Bac-

1170 1315 1242 1352 cho
1279 1316 1427 1365 Cupido
1464 1317 1576 1354 etiam
1621 1316 1848 1355 dominatur.
1879 1318 1966 1366 solet
2001 1319 2050 1356 est
2080 1321 2117 1357 in
2146 1331 2226 1357 uno

1170 1365 1330 1411 Heinsii‚
1351 1368 1463 1405 etiam
1476 1379 1554 1405 non
1577 1368 1685 1405 male.
1713 1368 1789 1406 vid.
1810 1368 1855 1406 ad
1872 1369 1933 1407 lib.
1956 1382 2018 1408 111.
2033 1370 2165 1408 Amor.
2188 1383 2225 1410 X.

1169 1417 1234 1455 ult.
1255 1417 1301 1455 de
1313 1418 1376 1468 sed
1395 1428 1514 1455 tamen
1534 1429 1588 1459 ey.
1615 1419 1692 1457 vid.
1712 1419 1758 1457 ad
1776 1419 1887 1468 Epist.
1911 1433 1976 1458 111.
1997 1433 2032 1468 4.
2054 1421 2187 1459 Euam.

1222 1480 1306 1515 240.
1334 1469 1441 1506 Dolor
1460 1481 1504 1510 ω·
1525 1469 1656 1520 curae]
1676 1470 1867 1520 Suspestus
1885 1471 2110 1522 locus‚quia
2133 1483 2226 1510 mox

1169 1520 1381 1568 praeceffit,
1409 1534 1517 1558 cura:
1547 1521 1607 1559 sed
1636 1521 1728 1560 nihil
1754 1522 1888 1571 juvant
1921 1522 2040 1571 scripti
2068 1522 2228 1562 codices.

1170 1570 1238 1608 nifi
1259 1572 1362 1621 quod
1384 1584 1451 1620 pro
1472 1571 1566 1609 dolor
1580 1600 1591 1618 ‚
1598 1580 1725 1621 pavor.
1752 1575 1790 1611 in
1813 1585 1890 1610 uno
1913 1574 2034 1622 Regio
2049 1602 2060 1618 ,
2079 1574 2115 1611 in
2136 1574 2229 1612 alte-

1170 1632 1213 1658 ro
1241 1623 1281 1659 &
1307 1622 1533 1672 ssodlejano‚
1562 1622 1659 1660 color.
1692 1624 1731 1661 in
1760 1624 2068 1662 Commeliniano
2091 1652 2103 1669 ‚
2139 1634 2225 1661 tune

1170 1672 1279 1709 etiam
1310 1687 1423 1713 curae.
1466 1675 1563 1712 forte
1587 1702 1598 1720 ,
1633 1684 1718 1711 tunc
1753 1674 1848 1711 dolor
1877 1685 1921 1715 cy·
1941 1684 2068 1724 poenae
2087 1703 2098 1720 ‚
2135 1687 2225 1714 nam

1165 1731 1273 1811 pioena
1293 1725 1332 1763 δε
1354 1738 1437 1762 cura
1455 1725 1583 1775 passim
1605 1726 1884 1765 confunduntur
1901 1727 1941 1765 in
1957 1725 2094 1775 scriptis
2113 1725 2222 1765 libris.

1196 1787 1293 1813 DEM.

1222 1837 1306 1873 242.
1333 1825 1481 1876 Artes.]
1513 1825 1637 1865 Gloffa
1655 1827 1774 1877 scripti
1793 1826 1958 1874 codicis,
1985 1827 2087 1865 dolos.
2113 1825 2226 1867 κᾶε,

1173 1878 1379 1915 Excutiente
1396 1892 1486 1915 mero
1506 1879 1606 1925 Junii
1628 1878 1760 1916 codex.

1225 1940 1307 1975 244.
1336 1934 1444 1966 Venus
1468 1929 1506 1966 in
1534 1928 1669 1979 venis]
1700 1928 1837 1967 Aldina
1869 1928 1985 1968 editio
2011 1928 2147 1974 habet,
2177 1932 2224 1966 Es

1174 1982 1286 2015 Venus
1302 1980 1340 2016 in
1358 1980 1476 2024 vinis,
1505 1991 1524 2018 a
1542 1981 1633 2017 vino
1648 2008 1658 2024 ,
1687 1980 1781 2017 facie
1801 1980 1940 2029 plurali.
1967 1981 2102 2029 Neque
2125 1979 2220 2017 adeo

1173 2029 1331 2068 insolens
1351 2043 1492 2068 nomen
1517 2031 1565 2068 est
1579 2058 1589 2074 ‚
1613 2042 1700 2068 nam
1728 2032 1767 2068 &
1787 2032 1824 2068 in
1853 2031 1961 2069 Fastis
1983 2031 2084 2069 idem
2104 2031 2222 2069 Po'e'ta

1174 2081 1311 2119 eodem
1334 2081 1413 2119 casu
1434 2082 1561 2130 plurali
1583 2081 1664 2119 usus
1685 2081 1746 2119 est.
1762 2081 1824 2119 lib.
1847 2094 1899 2119 vx.
1918 2083 2003 2130 675.
2023 2090 2088 2120 ut:

1227 2137 1308 2169 Nox
1327 2142 1402 2168 erat
1416 2160 1426 2176 ,
1454 2144 1498 2172 &²
1514 2131 1609 2170 vinis
1627 2131 1780 2180 oculique
1798 2132 1978 2184 animique
1996 2131 2184 2170 natabant.

1173 2181 1301 2232 Atque
1329 2183 1440 2220 etiam
1477 2183 1568 2221 illud
1598 2182 1701 2232 quod
1729 2183 1891 2232 sequitur
1911 2212 1922 2229 ,
1957 2183 2045 2231 ignis
2073 2183 2111 2220 in
2140 2183 2215 2231 igne

1167 2232 1334 2278 scilicet,
1372 2234 1467 2271 hanc
1495 2234 1696 2272 lec‘tionem
1728 2233 1908 2282 postulare
1936 2235 2092 2272 videtur.
2128 2244 2213 2269 Cum

1168 2284 1268 2321 enim
1291 2284 1468 2332 posterior
1485 2285 1639 2323 clausula
1657 2285 1784 2333 prioris
1805 2284 2009 2334 epexegesis
2032 2283 2213 2333 quaedam

1168 2333 1232 2376 sit,
1262 2335 1391 2371 vinum
1423 2336 1461 2373 δε
1489 2336 1578 2384 ignis
1607 2336 1756 2384 propius
1781 2336 1875 2374 inter
1900 2336 1934 2373 se
1966 2335 2215 2388 convenient..

1168 2397 1280 2434 quani
1311 2400 1404 2423 vena
1427 2397 1472 2426 ω’
1493 2387 1591 2435 ignis.
1613 2387 1838 2424 MicrLLus.
1866 2391 1912 2423 Et
1933 2392 2041 2422 Venus
2060 2384 2098 2421 in
2116 2396 2214 2421 vinis

1170 2448 1254 2474 vera
1273 2437 1398 2475 leffio.
1425 2450 1473 2475 ne
1494 2438 1630 2476 dubita.
1660 2437 1818 2485 Epistola
1842 2449 1921 2473 xvt.
1946 2448 2029 2481 229.

1220 2493 1319 2536 Saepe
1337 2501 1427 2524 mero
1449 2488 1546 2525 volui
1561 2487 1749 2537 flammam
1770 2487 1982 2535 compescere,
2010 2494 2048 2522 at
2067 2483 2131 2521 illa

1271 2539 1416 2575 Crevit:
1446 2549 1489 2577 (φ’
1510 2538 1654 2574 ebrietas
1672 2537 1758 2584 ignis
1774 2537 1812 2572 in
1832 2537 1906 2585 igne
1918 2536 2008 2583 fuit.
2082 2554 2084 2556 ·

1172 2587 1394 2626 Claudianus
1411 2589 1455 2626 de
1478 2588 1580 2625 Bello
1604 2588 1756 2625 Gildon.
1781 2587 1862 2624 182.

1224 2644 1269 2675 Ut
1289 2639 1373 2675 vino
1392 2640 1557 2687 caldae-ta
1576 2644 1706 2683 Venus,
1735 2647 1812 2674 tum
1821 2636 1963 2687 saevior
1979 2637 2082 2675 ardet

1222 2689 1405 2728 Luxuries.

1170 2740 1274 2778 Hinc
1304 2750 1434 2779 natum
1465 2740 1561 2789 apud
1591 2741 1751 2778 Graecos
1780 2738 2017 2788 proverbium
2048 2740 2115 2784 πῦρ
2149 2738 2215 2776 ἐπὶ

1171 2795 1238 2836 πῦρ
1253 2820 1263 2836 ,
1285 2791 1330 2829 de
1349 2804 1426 2841 quo
1443 2792 1628 2830 Zenobius
1650 2792 1688 2828 ὅ(
1706 2790 1920 2839 Apostolius
1940 2789 2101 2828 videndi.
2129 2790 2216 2827 Per-

1168 2854 1293 2891 peram
1318 2843 1401 2887 alii,
1432 2848 1540 2879 Venus
1567 2842 1605 2878 in
1634 2841 1744 2878 venis.
1773 2841 2017 2880 Callimachus
2042 2841 2138 2890 apud
2160 2841 2216 2877 A·

1169 2893 1368 2930 thenaeuin
1391 2893 1451 2930 lib.
1476 2906 1519 2930 11.

1223 2940 1321 2986 Οἶνος
1341 2945 1407 2988 μὲν
1428 2946 1511 2989 πυρὶ
1528 2938 1603 2980 ἴσον
1627 2941 1730 2989 {oxea
1749 2942 1862 2988 μένος.

1169 2993 1289 3032 Poffet
1312 2995 1350 3031 ὃς
1369 2994 1466 3042 legi:

1221 3050 1264 3080 Ut
1284 3050 1392 3081 Venus
1413 3045 1452 3081 in
1472 3043 1590 3089 vinis,
1617 3044 1704 3093 ignis
1721 3044 1759 3081 in
1777 3044 1852 3093 igne
1862 3043 1970 3093 subit.
2185 3092 2188 3096 .

1170 3096 1225 3133 Ut
1241 3096 1355 3140 infra,
1383 3094 1515 3132 blanda
1536 3106 1613 3132 tum
1624 3095 1722 3144 subit
1740 3106 1816 3132 arte
1837 3102 1954 3133 Venus.
1974 3094 2186 3131 Heinsius.

1221 3159 1305 3192 24<-
1334 3146 1399 3182 Hie
1419 3157 1459 3183 tu
1472 3146 1637 3194 fallaci]
1661 3146 1811 3184 Illustrat
1833 3145 2019 3192 exemplis.
2040 3143 2213 3179 Cxorifflss

1171 3208 1265 3233 unus
1289 3196 1470 3234 Palatinus
1485 3225 1494 3241 ‚
1526 3204 1578 3234 Ne
1604 3208 1643 3233 tu
1664 3196 1788 3243 fallaci
1808 3196 1958 3233 nimium
1977 3204 2010 3229 te
2025 3191 2118 3228 crede
2140 3198 2225 3231 Lu·-

1171 3259 1301 3284 cernae.
1327 3246 1402 3283 vid.
1420 3248 1482 3284 lib.
1503 3259 1548 3284 11.
1568 3250 1648 3284 Art.
1670 3260 1704 3283 v.
1732 3258 1808 3292 143.

1223 3297 1307 3344 246.
1336 3297 1483 3349 Noun]
1511 3303 1644 3335 Nocens
1661 3296 1843 3334 meliores.
1863 3295 2073 3332 Hemszus.

1550 3347 1566 3350 ”
1961 3342 2047 3394 248.
2074 3346 2216 3396 Vtram}
