2553 3676
687 184 805 240 ΔΡ.
880 178 1295 239 OVIDII

1367 176 1899 236 NASONIS

539 274 662 333 Ads
694 274 786 330 icit
810 271 1129 330 immensum
1152 271 1321 324 moles
1345 271 1520 324 nativa
1544 270 1907 343 profundum;

685 365 780 402 ons
803 346 930 402 fuit:
973 343 1254 418 aequoreis
1279 342 1363 396 illa
1384 341 1570 397 resistit
1594 345 1757 417 aquis,

537 421 691 478 Hinc
717 438 819 492 ego
842 419 959 473 vela
982 431 1104 472 tuae
1127 415 1363 487 cognovi
1385 417 1555 490 prima
1581 417 1817 472 carinae:

613 492 686 548 Et
712 492 844 548 mihi
868 509 966 565 per
990 489 1184 545 flu&us
1206 490 1282 542 im
1323 501 1439 542 etus
1464 489 1543 542 ire
1570 487 1688 542 fuit.

435 573 502 639 65
541 568 692 624 Dum
716 583 930 630 moror,
967 564 1024 619 in
1046 563 1248 618 summa
1294 559 1409 614 ulfit
1433 560 1564 614 mihi
1588 577 1822 635 puipura
1842 577 2031 636 pr0ra3

615 638 906 693 Pei-timui:
948 637 1120 692 cultus
1143 650 1256 689 non
1281 645 1393 687 erat
1415 632 1504 687 ille
1529 646 1666 687 tuus,

543 712 631 768 Fit
658 712 908 784 propior,
946 723 1218 780 terrasque
1243 705 1349 760 cita
1370 706 1494 782 ratis
1520 705 1698 777 attigit
1719 723 1870 760 aura:

589 785 896 839 ‘Femineas
920 782 1063 844 vidi,
1098 778 1267 834 corde
1292 791 1590 842 tremente,
1630 796 1806 850 genas,

548 859 678 913 Non
700 857 816 912 satis
840 855 897 910 id
921 855 1123 910 fuerat:
1165 851 1299 926 quid
1325 851 1470 906 enim
1491 850 1684 926 furiosa
1710 850 1988 907 morabar?

442 951 509 999 70

620 929 896 985 Haerebat
920 927 1129 1001 gremio
1153 925 1322 997 turpis
1347 925 1516 979 amica
1541 938 1653 979 tuo.

551 1004 717 1060 Tunc
744 1021 876 1057 vero
900 1001 1127 1075 rupique
1152 999 1317 1062 sinUS,
1355 998 1411 1052 δε
1436 996 1653 1071 peelora
1675 1000 1887 1072 planxi,

626 1075 698 1131 Et
723 1076 866 1130 secui
894 1074 1133 1130 madidas
1156 1088 1338 1143 ungue
1363 1071 1573 1142 rigente
1600 1089 1785 1143 genas:

552 1149 882 1222 Implevique
906 1148 1104 1202 saei-am
1129 1145 1363 1219 querulis
1386 1144 1669 1222 ululatibus
1690 1144 1838 1200 Iden.

627 1222 773 1275 llline
801 1222 890 1275 has
915 1221 1156 1275 lacrimas
1182 1220 1237 1273 i'n
1259 1235 1379 1272 mea
1400 1218 1518 1273 saxa
1543 1219 1658 1287 tuli.

313 1389 374 1428 62.
399 1386 631 1440 Illa.refistit.]
656 1386 896 1427 Scribendum
909 1387 1044 1437 opinor
1056 1385 1135 1422 iffa.
1155 1385 1205 1423 ita
1224 1396 1312 1434 pro-

264 1442 342 1490 prie
361 1441 463 1490 aquis
484 1440 527 1477 ici
545 1442 582 1478 ὃς
595 1440 700 1487 feriri
721 1439 893 1480 dicuntur
912 1439 1035 1481 litora,
1049 1439 1087 1475 &
1106 1436 1259 1484 scopuli,
1273 1438 1311 1473 &

265 1503 392 1529 naves.
416 1491 491 1528 vid.
509 1503 569 1529 xr.
590 1491 748 1530 Metam.
775 1491 855 1539 556.
875 1491 915 1527 &
936 1489 981 1527 ad
999 1489 1122 1526 Valer.
1144 1487 1238 1524 Flac.
1257 1499 1313 1524 iv.

265 1542 324 1589 48.
350 1553 417 1591 pro
441 1542 569 1578 nativa
593 1554 684 1580 vero
707 1550 782 1580 erat
803 1542 842 1579 in
863 1540 1042 1578 Vossiano
1065 1537 1193 1576 codice
1214 1538 1314 1587 igna-

265 1603 328 1639 ta,
355 1593 460 1643 quod
479 1593 527 1630 est
543 1593 681 1630 innata.
707 1601 747 1631 ut
767 1591 875 1641 Epist.
896 1604 966 1629 vn.
989 1602 1047 1641 37.

494 1651 690 1694 lunataque
708 1643 846 1693 rupibus
862 1641 946 1678 altis

317 1692 463 1731 Robora.
785 1693 1051 1730 BURMANNUS.

319 1747 380 1793 63.
407 1744 499 1781 Hinc
531 1758 584 1794 ego
606 1743 834 1793 primatuae
854 1743 1004 1793 prospexi
1037 1740 1117 1778 vela
1151 1739 1314 1789 carina]

268 1795 425 1843 Cogno-vi
454 1807 547 1831 unus
582 1796 794 1831 Vaticanus.
821 1795 913 1830 mihi
936 1793 1088 1842 prospexi
1109 1793 1223 1839 magis
1244 1792 1318 1838 pla-

270 1854 341 1883 cet.
370 1845 586 1882 CIOFANUS.
616 1846 695 1880 Vela
724 1855 805 1880 tuae
833 1843 1004 1891 cognovi,
1031 1842 1148 1891 scripti
1174 1852 1318 1878 omnes.

270 1897 484 1934 HEmsxus.
517 1895 577 1933 sed
606 1894 757 1944 prospexi
782 1893 977 1932 confirmat
999 1921 1011 1938 ‚
1048 1894 1086 1930 in
1123 1892 1230 1930 simili
1256 1891 1321 1929 de-

270 1947 467 1996 scriptione
482 1975 492 1991 ,
522 1947 695 1984 Lucanus
716 1958 806 1984 vm.
827 1946 887 1992 46.

322 1998 426 2047 Rupis
447 1996 653 2046 inabruptae
667 1996 818 2046 scopulos
829 2024 840 2042 ,
867 2006 1088 2045 extremaque
1106 2006 1242 2030 currens

323 2049 443 2085 Litora
456 2047 655 2098 prospiciens
666 2046 796 2097 flzccc‘us
810 2075 820 2090 ,
848 2046 1015 2082 nutantia
1036 2045 1128 2092 longe

325 2105 457 2149 Semper
470 2100 588 2149 prima
605 2099 701 2135 vides
722 2098 895 2135 venientis
913 2096 993 2134 vela
1013 2096 1165 2132 carinae.

273 2150 402 2200 Corip.
427 2163 458 2189 1.
482 2161 563 2200 103.

294 2234 300 2238 .
560 2208 647 2238 Pars
661 2200 816 2251 prospicit
833 2213 905 2238 una

332 2251 543 2301 Immensum
558 2252 706 2302 pelagus.

277 2302 326 2340 Et
356 2305 501 2352 proprie
525 2303 702 2352 prospicere
732 2300 780 2340 est
824 2314 870 2339 ex
907 2301 982 2339 alto
1011 2302 1148 2340 videre.
1175 2299 1249 2340 vid.
1277 2298 1324 2338 ad

277 2353 431 2393 Phaedr.
457 2366 488 2393 1.
514 2366 568 2401 17.
591 2355 720 2391 Statius
741 2366 771 2390 1.
790 2351 913 2390 Theb.
936 2366 978 2390 11.
1000 2353 1084 2398 450.

563 2410 595 2440 T
591 2407 739 2441 efferum
758 2418 774 2441 e
792 2403 942 2441 culmine
951 2404 1091 2452 stimmo

333 2455 551 2505 Prospeft‘ant
567 2467 706 2492 matres.

279 2506 358 2544 Ubi
375 2507 470 2544 male
490 2507 641 2556 quid-ain
666 2506 810 2544 codices
830 2506 1012 2556 aspeffiant.
1030 2505 1092 2545 lib.
1115 2519 1179 2545 111.
1199 2517 1285 2555 492.

334 2562 381 2594 Et
400 2571 416 2594 e
433 2558 562 2594 cancris
574 2559 774 2608 prospeciem
792 2557 931 2594 collibus
950 2557 1075 2594 undas.

283 2608 333 2646 Et
355 2609 404 2646 ita
433 2608 535 2646 idem
567 2621 658 2647 vers.
690 2621 773 2658 591.
800 2609 839 2647 &
871 2622 944 2647 ΧΗ.
974 2621 1028 2657 15.
1062 2608 1194 2646 Noster
1218 2605 1328 2657 Epist.

283 2671 332 2696 11.
363 2671 441 2705 124.

338 2710 500 2758 Prospicio
519 2710 596 2761 quis
606 2713 706 2759 freta
724 2721 852 2748 ventus
868 2721 961 2761 agat.

286 2759 397 2809 Epist.
417 2772 451 2796 x.
473 2772 533 2808 49.

339 2814 421 2846 Aut
437 2823 534 2847 mare
548 2812 748 2862 prospiciens
769 2813 806 2850 in
817 2813 904 2864 ſszxo
915 2812 1052 2863 frigida
1064 2811 1154 2863 fidi.

287 2861 399 2910 Epist.
422 2874 500 2898 xix.
522 2874 582 2899 21.

343 2917 425 2949 Aut
436 2914 533 2959 freta
548 2912 747 2962 prospiciens
766 2914 872 2962 odioso
891 2914 1021 2951 concita
1042 2924 1158 2951 vento.
1206 2913 1336 2951 BURM.

337 2963 403 3013 67.
431 2963 605 3012 Attigit.]
637 2965 798 3002 Membr.
830 2966 997 3002 Scriverii
1024 2965 1177 3010 attulit,
1203 2964 1335 3002 usitato

290 3026 437 3057 errore,
467 3026 532 3062 pro
552 3014 693 3063 appulit.
716 3016 825 3064 Epist.
849 3027 928 3052 xvi.
950 3027 1012 3063 29.

344 3071 463 3115 Neque
491 3078 548 3100 nos
567 3065 633 3100 huc
648 3066 777 3114 appulit
793 3079 896 3102 error.

289 3114 338 3156 Et
366 3116 448 3153 126.
482 3115 627 3164 applicor
653 3117 755 3153 dixit.
785 3126 823 3154 ut
845 3118 884 3153 δε
906 3114 1012 3163 Epist.
1032 3115 1164 3152 Didus.
1193 3116 1338 3151 Hfims.

344 3169 403 3215 69.
435 3165 641 3215 Moraban]
669 3167 774 3203 Haec
797 3179 873 3204 non
894 3166 1071 3214 intelligo.
1093 3167 1187 3203 forte
1208 3167 1338 3203 rectius

294 3217 451 3254 morabor
471 3229 555 3254 cum
581 3217 751 3254 Leidenli
772 3217 911 3254 codice.
934 3217 1140 3252 Hizmsms.
1169 3216 1339 3252 Francius

291 3279 445 3322 quoque
472 3266 628 3307 morabor
658 3268 830 3318 probabat
852 3283 864 3312 ς
904 3266 1035 3305 scilicet
1057 3266 1250 3306 natrando.
1276 3266 1337 3305 sed

1366 1396 1582 1434 perperam,
1609 1393 1653 1424 ut
1680 1394 1784 1435 puto.
1821 1384 1949 1424 Sensus
1978 1384 2050 1430 est,
2079 1396 2158 1423 non
2190 1383 2269 1424 satis
2297 1386 2417 1427 fuerat

1366 1436 1441 1473 hoc
1460 1434 1588 1474 vidiffe
1601 1466 1612 1483 ,
1640 1437 1729 1488 quid
1751 1438 1852 1475 enim
1874 1435 1960 1475 effer
1980 1436 2083 1487 quod
2102 1448 2163 1474 me
2187 1447 2389 1477 moraretur
2399 1452 2414 1482 ;

1368 1487 1470 1524 furor
1500 1497 1597 1526 certe
1634 1490 1708 1538 egit
1726 1516 1736 1533 ,
1773 1497 1815 1528 ut
1849 1489 1998 1537 propius
2029 1488 2303 1537 cognoscerem.
2337 1501 2418 1527 non

1367 1538 1566 1577 sufficiebat
1599 1540 1692 1578 mihi
1721 1539 1767 1577 ad
1799 1538 1970 1577 dolorem
2001 1539 2234 1577 movendum
2262 1540 2418 1577 feminas

1370 1597 1511 1638 praeter
1543 1590 1645 1638 spem
1674 1591 1803 1639 procul
1822 1591 1860 1627 in
1889 1602 1984 1627 nave
2014 1588 2165 1634 vidisse,
2194 1602 2305 1639 quare
2327 1591 2420 1630 nihil

1371 1647 1448 1676 erat
1467 1640 1571 1688 quod
1598 1652 1660 1677 me
1688 1641 1726 1677 in
1754 1641 1918 1678 furorem
1941 1640 2061 1677 aeram
2088 1641 2261 1678 retineret
2281 1669 2292 1686 ‚
2329 1643 2423 1692 quin

1370 1690 1519 1738 propius
1546 1690 1761 1739 inspicerem
1789 1703 1946 1728 omnem
1974 1699 2081 1729 tuum
2110 1692 2353 1738 comitatum,
2382 1694 2422 1731 in

1373 1751 1450 1788 quo
1472 1740 1546 1778 vidi
1567 1753 1658 1778 mox
1676 1742 1821 1789 gremio
1840 1751 1907 1779 tuo
1924 1750 2070 1790 turpem
2088 1743 2246 1780 amicam
2259 1744 2422 1781 haerere.

1374 1790 1483 1827 simili
1503 1791 1661 1829 formula
1680 1792 1749 1840 Ep.
1770 1804 1840 1828 xxx.
1865 1804 1878 1829 1
1891 1804 1944 1834 17.

1429 1847 1501 1877 Nec
1520 1851 1639 1879 tamen
1657 1842 1805 1879 extimui
1834 1842 1944 1893 (quid
1963 1841 2056 1879 enim
2068 1841 2139 1891 post
2154 1841 2220 1879 illa
2236 1842 2422 1894 timerem)

1377 1891 1424 1929 Et
1446 1892 1512 1940 Ep.
1533 1905 1614 1931 xvi.
1633 1905 1716 1931 221.

1428 1942 1529 1991 §Quid
1551 1943 1643 1980 enim
1663 1954 1782 1981 tamen
1800 1943 1916 1982 omnia
1936 1958 2087 1981 narrem.

1376 1994 1438 2031 De
1459 1994 1618 2032 formula
1640 2008 1698 2031 nec
1710 1996 1802 2045 satis
1821 1995 1859 2032 id
1868 1997 2003 2044 fuerat.
2025 1994 2101 2032 vid.
2119 1995 2165 2033 ad
2185 2007 2245 2034 VI.
2263 1997 2425 2036 Metam:

1377 2045 1461 2095 363.
1491 2045 1757 2084 ssmimmxus.

1431 2107 1489 2142 70.
1518 2097 1638 2146 Turpis
1654 2096 1813 2147 amica.]
1841 2097 1996 2135 Famosa
2016 2096 2176 2134 Helena.
2202 2097 2302 2136 Vide
2330 2109 2425 2148 quae

1378 2146 1454 2184 dixi
1473 2148 1511 2185 in
1531 2147 1683 2187 Scholiis
1704 2149 1741 2185 in
1762 2148 1822 2185 lib.
1846 2148 2038 2186 Tristium.
2064 2149 2283 2186 CloFANth.

1432 2209 1489 2243 71.
1522 2203 1618 2235 Tunc
1646 2198 1773 2249 verm]
1802 2200 1948 2249 Micylli
1977 2199 2015 2236 ὃ(
2046 2198 2215 2237 Venetae
2245 2200 2426 2240 editiones

1379 2259 1463 2285 tunc
1482 2248 1573 2300 flevi
1593 2279 1604 2294 ,
1644 2249 1749 2300 quod
1777 2251 1816 2288 ὃς
1835 2251 1873 2288 in
1893 2249 2069 2288 Mediceo
2083 2278 2094 2294 ,
2123 2251 2162 2288 &
2180 2262 2256 2288 uno
2282 2251 2427 2290 Heinsii

1381 2299 1510 2338 codice
1535 2309 1645 2339 extat.

1433 2363 1490 2397 72.
1519 2351 1672 2402 Genas.]
1703 2357 1851 2397 comas,
1878 2352 1977 2400 Junii
2007 2353 2046 2390 δε
2067 2351 2236 2390 Scriverii
2257 2353 2431 2398 codiceSJ

1378 2401 1547 2441 sollemni
1577 2405 1862 2453 permutatione.
1889 2403 1949 2442 sed
1978 2404 2145 2453 praefero
2168 2417 2274 2452 genas
2294 2433 2306 2450 ‚
2339 2406 2428 2454 quia

1381 2453 1463 2490 illae
1492 2456 1611 2492 verius
1643 2454 1715 2493 dici
1745 2453 1892 2504 possunt
1918 2455 2067 2493 madere
2088 2453 2245 2492 lacrimis
2267 2483 2278 2502 ,
2314 2467 2429 2506 quam

1384 2515 1529 2542 comae.
1551 2507 1618 2554 Ep.
1639 2518 1700 2544 xt.
1721 2518 1780 2555 92.

1436 2562 1545 2607 Inque
1561 2570 1654 2593 meas
1674 2555 1845 2605 unguibus
1861 2557 1910 2594 ire
1925 2570 2041 2606 genas.
2118 2556 2382 2596 BuRMANNus.

1436 2618 1496 2656 73.
1526 2607 1708 2658 Implevi.]
1739 2608 1826 2646 Vid.
1845 2609 1890 2646 ad
1910 2609 2034 2646 valer.
2053 2608 2149 2646 Flac.
2172 2621 2230 2647 vr.
2252 2611 2336 2656 726.

1437 2669 1495 2707 73.
1527 2659 1692 2706 Qerulis
1720 2658 1915 2696 ululatibus
1951 2659 2099 2708 idam]
2138 2659 2220 2696 Iden
2248 2659 2434 2698 meliores:
2480 2686 2485 2691 ι

1386 2709 1585 2758 quomodo
1612 2710 1717 2757 saepe
1743 2710 1827 2747 alibi
1858 2709 2002 2747 Noster.
2031 2710 2085 2747 Ita
2111 2709 2196 2746 Stat.
2224 2709 2345 2746 Theb.
2375 2722 2431 2747 iv.

1393 2772 1473 2805 104.
1488 2772 1532 2796 ex
1555 2759 1638 2798 MS.
1658 2759 1901 2809 Tiliobrogae
1919 2762 1957 2797 &
1978 2760 2142 2806 Behotii,
2154 2762 2193 2798 ὅ(
2211 2760 2335 2799 nostro
2351 2761 2437 2807 An·⁴

1388 2810 1557 2860 glicano:

1441 2865 1488 2896 Et
1504 2874 1591 2912 quae
1610 2861 1706 2906 Jove
1721 2871 1884 2913 provocat
1904 2860 1997 2899 Iden.

1394 2911 1451 2949 Sic
1472 2912 1510 2949 δε
1530 2912 1603 2961 ipse
1625 2913 1759 2950 eodem
1780 2908 1884 2949 libro.
1905 2923 1988 2961 795.

1446 2963 1588 3011 Magnis
1606 2963 1740 3012 refimat
1759 2962 1963 3000 clamoribus
1985 2965 2053 3001 Ide.

1396 3013 1525 3051 Claud.
1543 3027 1608 3051 111.
1629 3013 1675 3050 de
1696 3015 1805 3062 Rapt.
1831 3025 1910 3059 140.
1928 3025 1949 3050 e
1968 3015 2051 3052 MS.

1446 3069 1539 3101 Cum
1561 3064 1706 3100 necdum
1723 3063 1932 3112 absconderit
1950 3064 2044 3102 Iden.

1395 3114 1511 3151 Ovid.
1532 3115 1688 3152 Metam.
1709 3127 1742 3152 x.
1767 3126 1824 3158 71.

1446 3167 1541 3213 Qtos
1558 3164 1705 3201 humida
1717 3165 1861 3214 sustinet
1883 3166 1951 3202 Ide.

1393 3216 1441 3254 Et
1461 3217 1510 3252 ita
1528 3227 1573 3252 cx
1595 3215 1677 3252 MS.
1698 3217 1764 3253 inf.
1784 3216 1894 3264 Epist.
1915 3228 2005 3254 xm.
2029 3219 2088 3268 532

1447 3265 1631 3317 Simoisque
1651 3277 1695 3307 <7
1711 3267 1878 3305 Xanthus
1893 3279 1937 3308 ες·
1957 3268 2026 3308 lde.

2395 3320 2443 3360 Et
