2553 3676
697 189 1360 248 HEROIDES.

386 293 527 349 Cum
551 284 693 341 Paris
716 283 947 339 Oenone
971 284 1172 355 poterit
1194 284 1389 357 spirare
1412 286 1590 343 reIiPta
1610 327 1626 352 ‚

282 385 349 435 30

453 359 543 416 Ad
566 357 775 413 fontem
798 354 1004 413 Xanthi
1026 357 1174 411 versa
1197 371 1439 413 recurret
1464 379 1612 434 aqua.

381 431 623 494 Xanthe‚
660 441 808 484 retro
830 446 1087 501 propera;
1127 429 1414 557 versaeltgue
1437 433 1699 489 recurrite
1727 432 1970 506 lymphae
1995 458 2012 499 ;

453 503 680 559 Sustinet
704 502 974 557 Oenonen
998 500 1279 556 deseruiffe

378 578 463 632 Illa
489 577 601 630 dies
628 575 797 629 fatum
819 575 1037 629 miserae
1061 574 1192 628 mihi
1217 574 1381 630 dixit:
1420 575 1484 630 ab
1508 576 1592 631 illa

447 648 672 703 Pesfima
696 647 885 701 mutati
909 647 1089 718 coepit
1108 647 1306 702 'amoris
1329 648 1524 702 hiems:

274 744 297 790 3
311 740 338 791 5
376 722 499 795 Qua
522 720 708 776 Venus
735 718 790 773 &
808 719 951 788 Juno
966 759 981 782 ‚
1018 719 1345 793 sumptisque
1367 721 1651 776 decentior
1675 723 1863 786 armi3‚

452 792 620 849 Venit
643 794 700 848 in
725 791 1003 846 arbitrium
1024 792 1168 847 nuda
1191 792 1442 849 Minerva
1465 807 1633 850 tuum.

87 996 197 1035 Multi
216 1006 366 1046 quoque
389 993 533 1033 codices
554 990 615 1033 hic
635 1005 757 1032 nomen
774 991 903 1030 habent
919 1007 931 1038 ;
960 991 1021 1030 sed
1038 1003 1120 1042 per·

85 1059 220 1098 peram.
247 1047 505 1084 BURMANNus.

137 1109 194 1147 30.
220 1098 285 1135 Ad
296 1098 435 1144 fontem
454 1094 626 1145 Xanthi]
654 1095 737 1143 Jam
763 1093 853 1132 illud
882 1093 1117 1143 proverbium

84 1149 233 1186 Graecis
251 1148 458 1196 usurpatum
477 1146 645 1196 frequens
664 1147 805 1189 innuit,
832 1144 943 1183 dubio
966 1145 1094 1192 procul
1106 1172 1116 1189 ,

83 1199 187 1248 quod
214 1199 265 1236 illi
295 1199 360 1234 ἄνω
387 1200 567 1241 ποταμῶν.
604 1197 659 1234 Ex
692 1195 872 1245 Euripidis
895 1195 1060 1246 jambico
1079 1196 1118 1233 in

89 1249 226 1307 Muedea
239 1277 250 1294 ‚
276 1248 324 1286 fic
341 1250 440 1287 enim
463 1249 614 1285 chorus:

148 1304 222 1336 Ανω
240 1301 407 1343 ποταμῶν
424 1300 571 1344 χωροῦσι
588 1298 719 1342 πάγαι.

83 1349 196 1387 Unde
225 1351 334 1387 etiam
364 1349 571 1386 Horatius:
606 1348 697 1396 {Quis
723 1357 818 1396 neget
842 1346 964 1384 arduis
993 1353 1120 1384 Pronos

87 1399 193 1437 relabi
202 1398 284 1449 poffie
301 1399 393 1436 rivos
411 1397 584 1436 montibus
597 1426 607 1443 ,
631 1410 674 1438 ω’
693 1398 851 1447 Tyberim
869 1397 1026 1435 reverti?
1054 1398 1119 1435 Ci-

84 1461 169 1488 cero
196 1461 346 1499 quoque
374 1451 412 1487 in
441 1449 605 1498 Epistolis
633 1448 679 1486 ad
707 1450 875 1486 Atticum
897 1476 908 1493 ‚
935 1448 1117 1497 principio

82 1509 224 1538 tantum
244 1501 375 1538 Graeci
392 1500 510 1538 versus
528 1499 628 1543 usuS,
656 1498 774 1547 adagii
800 1499 908 1548 hujus
933 1499 1118 1536 meminit.

82 1551 305 1589 EGNATmS.
332 1552 494 1589 Xanthus
520 1549 618 1588 haud
640 1549 748 1588 dubie
773 1562 820 1587 ex
838 1557 968 1586 monte
988 1549 1117 1586 decur-

82 1602 203 1646 rebat,
222 1602 319 1639 unde
337 1601 506 1643 ὄιδὺνκτον
515 1628 529 1647 ,
546 1609 586 1637 ut
604 1608 699 1637 retro
720 1598 838 1648 pofl'et
858 1599 966 1637 flecti.
983 1599 1116 1638 Claud.

87 1663 118 1689 1.
142 1653 243 1689 Eutr.
262 1662 346 1700 353.

140 1707 251 1737 Prona
262 1710 385 1750 petunt
402 1709 488 1736 retro
502 1698 613 1750 fluvii
625 1699 723 1747 juga.

87 1750 141 1788 Ita
163 1752 261 1787 enim
283 1762 366 1788 cum
389 1750 598 1787 melioribus
619 1750 724 1786 MSS.
739 1747 946 1798 legendum.
970 1748 1114 1786 Herus.

136 1811 193 1848 31.
222 1800 398 1850 Versaeque
425 1799 587 1835 recurrite
610 1798 810 1848 lymphae]
840 1797 1020 1848 Nymphae
1044 1799 1117 1836 Pu—

82 1858 229 1888 teaneus
249 1851 286 1887 ὃς
305 1850 443 1898 septem
461 1849 532 1886 alii.
550 1848 608 1885 lib.
634 1860 689 1885 1v.
712 1849 868 1885 Metam.
890 1862 977 1896 297.

262 1900 357 1936 Videt
373 1899 429 1936 hic
438 1899 600 1947 stagnum
618 1897 760 1934 lucentis
777 1899 825 1934 ad
840 1899 954 1935 imum

131 1951 236 2002 Ufijue
250 1950 361 1997 solum
382 1952 574 1999 Nymphae.

85 2002 139 2039 Ita
160 2003 277 2050 scripti
295 2001 491 2040 nonnulli:
528 2000 659 2038 Statius
687 1999 785 2038 Villa
814 1999 1038 2045 Surrentini,
1066 2012 1114 2038 11.

87 2053 174 2091 Silv.
195 2065 238 2091 11.
265 2051 318 2089 18.

258 2121 320 2130 ——-
347 2101 502 2139 Occurrit
518 2100 626 2138 dulcis
644 2112 764 2138 amaro

137 2151 298 2201 Nympha
317 2153 419 2190 mari.

85 2203 134 2241 Et
155 2203 274 2241 Theb.
292 2215 326 2239 v.
352 2215 431 2251 519.

136 2271 197 2281 —
224 2253 445 2304 Trepidaeque
461 2252 574 2289 latent
591 2252 629 2290 in
638 2251 782 2303 pulvere
803 2250 995 2302 Nymphae.

87 2304 242 2342 Rutilius
263 2305 473 2347 itinerario,
501 2308 583 2352 ιὼς.

136 2354 278 2391 Elicitas
287 2353 396 2403 fimili
417 2354 593 2390 credamus
609 2353 742 2402 virgine
761 2353 950 2403 Nymphas.

86 2405 160 2442 Ubi
182 2405 334 2454 lymphas
352 2416 537 2454 perperam
560 2413 756 2454 reponunt.
779 2405 941 2455 Proper-t.
963 2402 1023 2442 lib.
1047 2414 1113 2443 111.

84 2466 160 2493 xiv.
180 2468 213 2501 4.
237 2467 280 2493 ex
298 2455 413 2493 veteri
429 2455 576 2493 codice:

136 2510 181 2541 Et
201 2506 292 2543 cadit
307 2506 344 2542 in
356 2505 492 2555 patulos
512 2505 674 2555 Nympha
693 2505 835 2543 Aniena
853 2505 958 2543 lacus.

85 2554 160 2593 Ubi
176 2556 308 2605 patulos
316 2556 429 2604 specus
443 2556 653 2605 legendum.
674 2558 710 2594 in
732 2567 872 2595 cavatas
889 2558 989 2596 enim
1008 2570 1114 2608 rupes

87 2604 156 2643 sese
182 2607 281 2644 Anio
311 2607 530 2654 praecipitat.
566 2606 619 2644 Ita
655 2608 802 2645 Graecis
838 2608 1089 2655 νυμφολήπτοι
1102 2637 1113 2654 ,

89 2656 150 2702 qui
187 2658 323 2694 Latinis
352 2656 531 2706 lymphati.
569 2657 674 2696 Idem
704 2659 909 2707 Propertius
938 2659 999 2698 lib.
1033 2672 1071 2698 11
1084 2672 1114 2698 1.

89 2703 187 2755 Eleg.
207 2720 283 2745 xxi.

144 2762 288 2807 Potaque
307 2757 450 2794 Pollucis
471 2757 621 2807 nympha
634 2757 787 2807 salubris
807 2773 898 2810 equ0.

96 2801 149 2841 Ita
183 2808 308 2846 vetusti
340 2808 494 2846 codices.
529 2808 684 2846 reddidit
714 2811 752 2847 ὃς
789 2810 903 2848 Statio
931 2811 983 2848 bis
1012 2819 1114 2849 terve

97 2854 301 2910 Gronovius
328 2858 506 2896 Diatribes
542 2870 618 2907 cap.
646 2871 760 2897 xvm.
798 2860 919 2899 Festus
948 2862 1115 2901 Avienus

93 2902 324 2953 delcnptionc
345 2909 473 2945 Orbis:
815 2936 817 2938 -

181 3003 187 3010 .
243 3003 250 3010 ·
656 2959 750 2996 Flore
764 2960 943 3010 frequenti

145 3009 268 3089 {inxit
287 3014 375 3042 terra
386 3006 480 3056 finus
492 3036 503 3053 ‚
529 3023 569 3046 ac
587 3010 744 3060 nymphis
761 3012 856 3048 unda
874 3012 1024 3051 cucurrit

175 3067 295 3102 argIOY.

94 3104 190 3142 Cato
212 3106 247 3140 in
273 3105 366 3141 Diris
387 3116 430 3142 cx
446 3101 527 3147 MS‘.

143 3153 280 3190 Flec‘iite
303 3165 469 3192 currentes
487 3161 648 3208 nymphas
664 3176 754 3203 vafra
767 3163 922 3214 flumina
939 3176 1027 3202 retro
1039 3193 1051 3210 ‚

146 3205 281 3240 Flectite
294 3232 303 3247 ,
333 3217 375 3243 cy
396 3206 544 3256 adverfis
565 3213 697 3257 rursum
711 3197 895 3260 iiiffundite
914 3217 1050 3267 campis.

95 3254 215 3295 Sercn.
239 3256 377 3296 Sarum.
396 3256 531 3306 Comp.
551 3270 609 3296 xx.
629 3271 673 3297 ex
694 3262 798 3301 MSS.

1434 213 1465 249 Ε
1504 215 1547 250 P.
1620 217 1670 256 v,
2154 221 2219 271 59

1352 503 1465 557 aris,

2051 869 2215 936 Atto-f

1227 991 1398 1031 Dulcibus
1415 993 1552 1043 afficias
1571 993 1731 1044 nymphis
1749 992 1912 1044 mellique
1932 992 2091 1045 liquenti.

1175 1043 1343 1094 Syinpos.
1362 1046 1536 1094 Aenigm.
1559 1056 1617 1091 74.

1225 1095 1342 1132 Ardeo
1361 1095 1402 1132 de
1422 1094 1600 1145 nymphis,
1629 1094 1750 1133 mediis
1769 1094 1928 1132 incendor
1944 1093 1988 1132 ab
2007 1094 2122 1133 undis.

1174 1146 1230 1183 Ut
1250 1146 1385 1184 habent
1406 1146 1512 1184 MSS.
1539 1146 1749 1183 Hemsius.

1227 1208 1286 1246 33.
1314 1196 1381 1233 Illa
1405 1196 1475 1233 dies
1492 1197 1616 1244 fatum
1642 1197 1783 1246 miserae
1806 1195 1897 1234 mihi
1925 1195 2040 1233 duxit.
2063 1194 2079 1245 ]
2110 1195 2217 1233 Dixit

1174 1246 1379 1285 Puteaneus
1394 1276 1404 1291 ‚
1431 1247 1705 1297 Argentinenfis
1720 1276 1729 1292 ,
1759 1249 1797 1284 δε
1819 1255 1977 1296 quatuor
1997 1247 2067 1284 alii.
2095 1246 2189 1284 bene
2202 1275 2216 1292 ,

1173 1306 1260 1346 apto
1281 1298 1327 1335 ad
1347 1299 1441 1335 hanc
1461 1310 1539 1335 rem
1561 1299 1686 1336 verbo.
1710 1299 1842 1336 Horat.
1862 1298 1923 1335 lib.
1943 1309 2007 1336 111.
2028 1296 2103 1336 Od.
2119 1309 2184 1345 111.

1225 1348 1288 1384 Sed
1307 1347 1462 1397 bellicofis
1471 1349 1558 1395 fata
1577 1348 1777 1397 Qiritibus

1226 1404 1302 1435 Hac
1322 1398 1388 1448 lege
1408 1399 1494 1436 dico.

1173 1449 1302 1498 Virgil.
1324 1450 1400 1487 Ecl.
1424 1462 1455 1487 1.

1225 1506 1324 1549 Saepe
1341 1499 1477 1537 malum
1495 1499 1555 1538 hoc
1573 1499 1688 1546 nobis,
1707 1499 1743 1550 Ji
1757 1513 1852 1543 mens
1873 1512 1939 1538 non
1961 1501 2064 1538 laeva
2072 1499 2217 1550 fuiffetJ

1222 1555 1277 1586 De
1297 1550 1379 1586 coelo
1399 1553 1511 1588 tactas
1533 1552 1677 1589 memini
1693 1552 1883 1600 praedicere
1901 1565 2056 1602 quercus.

1223 1606 1321 1649 Saepe
1333 1598 1472 1649 sinistra
1491 1614 1581 1638 cava
1600 1601 1731 1639 dicebat
1751 1602 1795 1638 ab
1811 1602 1887 1639 ilice
1904 1603 2034 1639 cornix.

1172 1651 1227 1688 Ita
1253 1650 1398 1689 codices
1420 1652 1626 1700 complures
1646 1680 1656 1696 ,
1682 1664 1760 1689 non
1785 1653 1973 1700 praedixit.
1994 1651 2091 1689 Gell.
2118 1650 2215 1688 lemss

1170 1708 1269 1739 mate
1290 1702 1413 1749 capitis
1432 1703 1539 1750 primi
1566 1702 1626 1740 lib.
1645 1714 1725 1739 xiv.
1752 1707 1806 1738 De
1827 1702 1868 1738 iis
1886 1702 1947 1751 qui
1965 1715 2006 1738 ex
2025 1711 2117 1738 coetu
2139 1714 2213 1737 mo-

1169 1752 1327 1800 tibusque
1338 1749 1513 1800 fiderunt,
1532 1754 1618 1800 sata
1635 1752 1672 1801 se
1691 1752 1874 1789 hominum
1892 1752 2040 1788 dicturos
2050 1750 2215 1801 pollicem:

1169 1810 1239 1838 tur.
1269 1802 1416 1849 Proper.
1433 1802 1493 1839 lib.
1514 1814 1567 1839 ιν.
1586 1801 1690 1850 Eleg.
1713 1813 1744 1838 1.

1220 1851 1256 1889 Si
1273 1851 1371 1889 modo
1391 1851 1586 1889 Avernalis
1601 1850 1771 1888 tremulae
1788 1850 1921 1888 cortina
1942 1849 2091 1900 sibyllae

1270 1902 1377 1939 Dixit
1396 1902 1579 1939 Aventino
1596 1915 1682 1939 rura
1691 1901 1829 1951 pianda
1850 1908 1965 1939 Remo.

1168 1951 1216 1991 Et
1238 1953 1365 1991 Tibul.
1386 1964 1416 1991 1.
1435 1954 1537 2002 Eleg.
1554 1965 1615 1991 VI.
1632 1952 1677 1990 de
1700 1952 1873 1990 Bellonae
1891 1951 2108 1990 Sacerdote:

1218 2008 1264 2040 Et
1281 2003 1345 2040 tibi
1362 2003 1465 2053 neftio
1485 2017 1572 2054 quas
1588 2003 1682 2040 dixit
1700 2016 1777 2040 mea
1797 2002 1902 2039 Delia
1914 2012 2050 2052 poenas.

1166 2053 1237 2091 Pro
1259 2055 1453 2092 vaticinata
1473 2054 1533 2091 est.
1559 2054 1660 2091 idem
1678 2054 1740 2091 lib.
1759 2066 1802 2091 11.
1827 2053 1929 2102 Eleg.
1949 2066 2007 2090 vr.

1221 2104 1407 2154 Qudquid
1425 2104 1642 2149 Amalthea,
1670 2102 1844 2154 quidquid
1863 2102 2043 2153 Marpeffla
2061 2101 2176 2149 dixitg

1273 2154 1447 2203 Herophile
1464 2154 1592 2191 Phoebo
1610 2165 1715 2204 grata
1731 2154 1823 2205 quod
1838 2154 2034 2193 admonuit.

1168 2204 1217 2243 Et
1239 2204 1299 2242 lib.
1323 2217 1385 2242 111.
1405 2204 1507 2254 Eleg.
1526 2218 1580 2243 1v.

1221 2255 1285 2291 Sed
1295 2254 1405 2304 proles
1421 2255 1561 2292 Semeles
1582 2254 1736 2293 Bacchus
1753 2254 1934 2305 doHaeque
1942 2255 2069 2304 ftrores

1272 2306 1393 2342 Dicere
1408 2319 1476 2343 non
1493 2316 1643 2352 norunt,
1669 2305 1755 2356 quid
1763 2307 1864 2354 ferat
1883 2305 1966 2342 hora
1976 2305 2130 2355 fiequens.

1170 2356 1273 2396 Silius
1292 2356 1352 2395 lib.
1369 2369 1459 2395 xm.

1538 2414 1631 2444 Haec
1649 2420 1778 2457 quoque
1797 2406 1904 2454 castae

1217 2457 1375 2508 Auguria
1394 2456 1512 2495 valuit
1531 2458 1680 2504 mentis,
1708 2468 1926 2508 venturaque
1941 2455 2035 2493 dixit

1220 2515 1356 2558 Magna
1374 2508 1464 2547 viro.

1169 2560 1302 2597 Noster
1321 2559 1422 2596 Ibide
1443 2570 1480 2596 v³
1499 2570 1581 2607 245.
1608 2556 1789 2606 Praesagia
1810 2557 1927 2594 dicere.
1952 2558 2040 2595 hinc
2060 2553 2207 2603 fatidici

1169 2620 1280 2648 vates.
1298 2611 1336 2647 ὃ(
1354 2608 1455 2646 dictio
1472 2621 1539 2658 pro
1561 2608 1710 2646 oraculo
1731 2608 1913 2655 Apollinis
1932 2607 2028 2656 apud
2045 2607 2205 2644 Accium

1170 2662 1208 2698 &
1236 2662 1438 2698 Pacuvium
1461 2674 1471 2702 ;
1513 2660 1550 2696 &
1578 2659 1746 2697 Plautum
1768 2658 2044 2701 Menaechmis,
2071 2657 2204 2692 dictum

1169 2711 1356 2760 Apollinis.
1373 2710 1468 2759 apud
1493 2710 1671 2747 Solinum.
1695 2720 1771 2757 cap.
1791 2720 1843 2745 rx.
1870 2709 1908 2745 in
1933 2709 2083 2756 optimis
2102 2706 2206 2743 codi-

1171 2762 1269 2799 cibus
1288 2761 1333 2799 de
1355 2760 1577 2798 Macedonia
1598 2788 1608 2804 ,
1635 2758 1822 2808 responsum
1849 2758 1981 2795 dicrum
2006 2764 2100 2803 Deo,
2127 2768 2205 2794 non

1170 2812 1308 2849 datiam.
1336 2811 1468 2849 Noster
1489 2811 1556 2858 Ep.
1578 2810 1734 2847 Paridis:

1222 2864 1300 2910 Qo
1318 2862 1413 2899 ruis?
1440 2860 1624 2898 exclamat.
1651 2861 1769 2907 referes
1784 2859 1942 2896 incendia
1961 2869 2085 2896 tecum.

1276 2915 1424 2961 {Qanta
1436 2920 1496 2961 per
1514 2911 1577 2948 has
1594 2910 1697 2958 nescis
1705 2909 1859 2960 flamma
1868 2920 2010 2960 petatur
2025 2921 2147 2959 aquas.

1224 2968 1308 2999 Vera
1318 2962 1396 3009 ficit
1414 2971 1535 2998 vates:
1564 2961 1668 2997 dictos
1686 2961 1886 2998 invenimus
1902 2961 2001 3009 ignes.

1171 3014 1262 3051 Hoc
1279 3013 1351 3057 est,
1371 3012 1570 3061 praedictos.
1592 3012 1678 3049 Fast.
1704 3024 1734 3048 1.
1752 3010 1797 3049 de
1820 3012 2017 3048 Carmenta
2037 3016 2141 3046 vate:

1223 3062 1366 3100 Talibus
1386 3072 1426 3098 ut
1440 3062 1540 3099 dietis
1560 3061 1682 3110 nostros
1697 3061 1866 3110 descendit
1883 3062 1921 3098 in
1936 3074 2054 3097 annos.

1170 3113 1278 3151 Plura
1302 3113 1347 3151 de
1376 3113 1430 3150 his
1457 3112 1503 3151 ad
1520 3113 1652 3150 librum
1673 3113 1834 3160 primum
1856 3110 2047 3149 Claudiani
2068 3109 2104 3145 in
2126 3106 2203 3144 Eu—

1171 3165 1335 3213 tropium
1357 3164 1511 3200 memini
1531 3161 1682 3200 not-affe.
1704 3175 1739 3204 v,
1772 3163 1852 3200 160.
1881 3163 2087 3199 HE1N51US.
2115 3157 2204 3214 Vid.

1171 3214 1313 3252 Salmas.
1344 3213 1390 3252 ad
1421 3213 1534 3251 Solin.
1558 3222 1650 3254 tom.
1680 3225 1710 3251 1.
1738 3225 1773 3261 p.
1807 3224 1888 3251 110.
1914 3212 2049 3249 Douza
2076 3208 2206 3253 dame,

1172 3264 1320 3304 adduxit
1338 3291 1350 3311 ,
1384 3264 1532 3304 advexit
1547 3264 1855 3313 interpretabatur.

1668 3314 1707 3351 H
1735 3325 1757 3361 ι
2037 3320 2096 3360 35·
2124 3309 2210 3358 Q!
