2553 3676
318 225 418 274 524

802 192 872 263 P.
944 187 1361 247 ovinlr
1433 187 1955 248 NAsouis

588 283 687 339 Tu
715 281 991 336 dominam
1016 277 1174 332 fallis:
1213 294 1310 350 per
1337 288 1392 332 te
1414 275 1703 351 deprensus
1728 280 1945 336 inermis

665 354 864 410 Tristia
890 368 1015 405 cum
1041 367 1239 422 magno
1267 351 1459 406 damna
1484 353 1695 424 pudore
1724 353 1837 408 tuli.

595 428 758 484 Hanc
785 426 945 480 etiam
966 440 1079 478 non
1102 423 1177 479 est
1199 441 1320 479 mea
1343 423 1630 496 dedignata
1652 427 1823 498 puella

662 499 909 555 Molliter
934 496 1152 552 admota.
1178 496 1459 551 sollicitare
1483 513 1659 551 manu.

479 592 547 644 75
587 572 695 630 Sed
719 570 997 645 postquam
1021 570 1184 624 nullas
1210 568 1533 637 consurgere
1560 568 1706 638 poffe
1728 587 1825 642 per
1847 583 2011 637 αἴτεε,

661 645 1151 713 Immemoremque
1180 639 1255 693 sui
1278 639 1617 711 procubuisse
1644 641 1825 706 videt;

590 717 742 792 Quid
768 735 856 773 me
881 714 1046 776 ludis,
1084 712 1187 765 ait?
1229 712 1346 785 quis
1371 725 1454 774 te,
1491 713 1798 779 malesane,
1828 715 2046 786 jubebat

661 791 894 848 Invitum
925 785 1106 842 nostro
1130 802 1337 858 ponere
1361 785 1603 843 membra
1626 788 1782 842 toro?

293 1002 477 1044 italocus
495 1004 555 1045 ille
576 1004 792 1054 scribendus,
820 1005 978 1055 languere
1007 1003 1048 1041 ’δε
1073 1002 1177 1052 rigere
1196 1002 1290 1039 inter
1312 1001 1347 1058 se

292 1065 539 1104 ¹opponuntur
554 1085 565 1101 ,
585 1068 671 1094 cum
694 1058 875 1096 contraria
898 1056 978 1094 sint.
1006 1055 1156 1103 Vulgo,
1176 1065 1263 1089 num
1279 1065 1349 1089 mt-

296 1118 363 1142 nus
384 1107 486 1144 nervi
505 1108 641 1155 rigent?
669 1107 774 1156 quod
796 1108 835 1144 δε
855 1115 997 1145 veteres
1017 1104 1247 1143 membranas
1265 1115 1349 1151 per-

294 1167 423 1206 peram
445 1158 585 1196 insedit.
604 1158 739 1195 Plinius
757 1157 816 1195 lib.
837 1169 918 1196 xvi.
941 1169 1000 1206 34.
1027 1156 1089 1194 ubi
1116 1155 1190 1203 agit
1209 1153 1255 1192 de
1282 1153 1348 1192 he-

296 1207 390 1246 deris
413 1222 421 1246 :
459 1209 516 1256 Est
545 1219 588 1247 (φ’
611 1208 721 1256 rigens
739 1207 870 1244 hedera
890 1235 901 1253 ‚
937 1220 1028 1258 quae
1038 1204 1113 1254 sine
1132 1204 1347 1241 adminiculo

286 1257 375 1307 stat.
416 1260 503 1297 hinc
533 1260 596 1302 &,
624 1258 755 1306 rigidus
780 1258 876 1294 ,ruris
903 1258 1006 1305 custos
1035 1256 1172 1294 Nostro
1197 1255 1348 1304 Priapus

296 1308 414 1349 dictus
433 1309 493 1346 lib.
518 1320 550 1347 1.
571 1309 660 1346 Fast.
683 1320 765 1358 391.
790 1309 828 1346 ὃς
851 1307 982 1357 rigidus
1002 1312 1096 1344 Deus
1120 1308 1157 1344 in
1180 1306 1350 1354 Priapeis.

293 1357 490 1397 Petronius
513 1372 593 1408 cap.
613 1371 771 1397 cxxxiv.
799 1364 886 1395 Tam
907 1358 1060 1408 rigidum
1080 1356 1145 1394 tibi
1164 1355 1256 1393 illud
1271 1357 1350 1393 red-

295 1409 413 1446 didero
425 1423 555 1460 ,quam
573 1423 687 1447 cornu.
708 1408 888 1458 Appofite
903 1408 1121 1458 Apulej.lib.
1134 1420 1177 1444 11.
1190 1407 1351 1446 Metam.

293 1459 335 1496 in
362 1472 402 1498 re
432 1462 607 1499 obscaena
628 1473 637 1498 :
674 1465 813 1497 Arcum
835 1473 951 1498 meum
977 1470 1021 1499 <9⁹
1037 1459 1099 1508 ipse
1119 1458 1218 1507 vigor
1233 1468 1349 1495 atten-

294 1509 375 1554 dit,
404 1523 446 1550 ω’
475 1511 587 1561 oppido
604 1511 782 1558 formido,
809 1525 850 1548 ne
873 1524 1004 1548 nervus
1030 1508 1148 1558 rigoris
1168 1508 1350 1546 nimietate

293 1570 492 1610 rumpatur.
529 1574 573 1599 ex
603 1574 681 1611 quo
712 1562 801 1600 loco
832 1563 870 1599 &
903 1563 944 1599 τὶ
971 1561 1092 1609 vigent
1112 1559 1209 1608 apud
1232 1560 1349 1597 Naso-

293 1622 381 1647 nem
414 1610 534 1660 poffet
564 1612 726 1651 defendi.
755 1611 893 1650 Tibull.
916 1613 954 1651 in
979 1611 1178 1660 Priapejo:
1209 1610 1349 1658 Rigente

294 1661 424 1698 nervus
444 1663 575 1699 excitat
593 1663 748 1701 libidine.
779 1663 940 1700 Contra:
962 1668 1138 1711 Stuporem
1159 1675 1347 1697 nervorum

294 1712 447 1749 excitare
475 1713 568 1751 dixit
600 1713 746 1752 Solinus
775 1726 851 1763 cap.
880 1726 1003 1751 xxxix.
1040 1713 1083 1749 In
1108 1712 1195 1749 loco
1224 1712 1347 1749 Hora-

292 1762 397 1799 tiano
428 1763 634 1802 Franciscus
666 1765 823 1803 Guietus
855 1765 955 1802 scribi
986 1762 1162 1808 volebat,
1182 1763 1281 1801 notis
1300 1762 1345 1802 ad

296 1811 476 1851 Andriam
497 1815 680 1854 Terentii.
700 1815 786 1854 Aa.
807 1828 852 1853 11.
873 1816 928 1853 Sc.
953 1827 984 1853 1.

348 1862 529 1901 Illiteratis
548 1880 637 1902 num
657 1866 774 1902 minus
794 1866 895 1903 nervi
911 1866 1046 1915 rigent,

400 1917 563 1963 AIagisve
582 1917 722 1964 languet
735 1917 928 1965 fascinum.

293 1963 367 2002 Sed
386 1977 464 2002 non
482 1967 681 2014 persuadet.
701 1967 762 2003 alii
785 1968 852 2004 alia
874 1968 1081 2005 commenti
1095 1966 1186 2005 sunt.
1199 1968 1344 2008 Herus.

347 2017 406 2064 69.
436 2017 537 2064 Qun
563 2017 633 2053 itic
656 2017 863 2066 pudibunda
890 2019 1010 2068 jace]
1040 2019 1146 2063 Jaces
1173 2021 1347 2058 meliores

293 2066 419 2111 reete,
448 2067 522 2105 dixi
552 2067 653 2117 supra
683 2068 743 2105 lib.
777 2081 821 2106 11.
851 2069 953 2118 Eleg.
983 2081 1060 2106 xxx.
1089 2070 1207 2117 prima
1230 2071 1345 2108 editio

295 2118 336 2154 δί
359 2116 553 2155 Mediceus
577 2120 713 2167 primus
729 2147 738 2162 ,
761 2128 843 2167 pars
867 2119 1006 2167 pessima
1036 2133 1162 2155 rerum.
1191 2132 1269 2157 non
1290 2123 1345 2158 in-

294 2168 459 2206 venuste.
482 2169 696 2207 Hismsms.
724 2170 827 2207 Nihil
845 2179 1002 2207 mutem.
1025 2169 1111 2207 vide
1132 2170 1178 2208 ad
1197 2171 1347 2208 Petron.

294 2229 374 2268 cap.
395 2231 496 2256 cxix.
515 2221 553 2257 δε
577 2232 724 2258 cxxxii.

349 2280 407 2313 70.
435 2270 488 2306 sic
501 2270 614 2320 sum]
638 2271 791 2308 Rectius
810 2271 846 2307 in
872 2270 981 2308 MSS.
1003 2270 1270 2318 exemplaribus
1292 2271 1345 2309 le-

293 2321 413 2368 gitur,
440 2321 492 2357 sic
516 2319 607 2370 fim,
635 2332 675 2360 ut
704 2321 745 2359 fit
774 2321 912 2364 sensus;
942 2333 1040 2359 nunc
1061 2333 1213 2370 quoque
1235 2322 1347 2362 velles

295 2382 357 2407 me
376 2368 566 2420 decipere,
592 2381 631 2411 ut
653 2381 736 2410 ante
760 2372 952 2421 decepisti,
973 2374 1192 2420 promittens
1212 2381 1249 2410 te
1270 2374 1346 2410 for-

293 2421 380 2459 titer
399 2431 647 2471 pugnaturum
669 2435 843 2460 venereas
862 2434 1013 2471 pugnas.
1035 2423 1216 2461 MARws.
1244 2424 1347 2461 Libri

291 2473 370 2510 :fere
402 2485 534 2511 omnes
557 2502 566 2518 ,
606 2473 656 2523 stc
676 2475 771 2522 sum.
808 2474 846 2510 ὃ(
877 2474 1081 2510 Puteaneus
1104 2501 1114 2517 ‚
1161 2483 1278 2522 captus
1305 2488 1349 2512 es.

293 2523 414 2568 unde,
445 2534 561 2575 captus
589 2537 633 2564 <9⁴
660 2524 789 2562 refinxi
812 2523 968 2562 minima
988 2525 1208 2565 mutatione„
1236 2533 1346 2574 atque

295 2574 344 2610 ira
364 2587 457 2613 unus
481 2577 644 2614 Moreti:

349 2626 402 2660 Sic
422 2626 506 2673 sum
529 2626 689 2675 pollicitis
715 2636 833 2677 captus
857 2636 901 2666 (θ’
926 2636 1009 2662 ante
1036 2626 1116 2665 tuis.

298 2673 512 2714 Hrmsxus.

347 2735 408 2768 71.
438 2734 488 2763 Tu
518 2728 698 2765 dominum
719 2728 862 2778 fallis.]
891 2727 1023 2771 Malo,
1051 2728 1232 2765 dominam
1259 2741 1345 2767 cum

293 2784 455 2824 quatuor
472 2777 626 2825 scriptis,
656 2789 766 2828 atque
789 2781 824 2817 in
844 2781 884 2817 iis
905 2779 1169 2827 Neapolitano.
1198 2780 1345 2817 Herus.

349 2836 407 2871 71.
436 2832 624 2876 Deprensus
652 2830 836 2880 inermis]
869 2836 1034 2878 Deceptus
1062 2829 1230 2868 Francof.
1254 2830 1347 2868 Scri-

295 2877 387 2914 verii
418 2878 457 2914 &
484 2878 560 2914 duo
592 2879 662 2916 alii.
692 2881 794 2929 quod
823 2881 967 2917 admitti
998 2879 1115 2929 pofl'et
1145 2892 1191 2918 eo
1217 2881 1344 2925 sensu,

292 2938 372 2975 quo
401 2928 561 2965 vidimus
589 2929 648 2965 lib.
674 2942 718 2965 11.
746 2931 879 2968 Amor.
900 2944 934 2967 x.
957 2932 1016 2968 26.
1035 2932 1095 2968 sed
1114 2940 1204 2969 tunc
1224 2931 1346 2969 dillin—

292 2977 504 3026 guendum:
534 2984 598 3014 Per
618 2989 650 3015 te
667 2980 842 3029 deceptus:
872 2981 1013 3018 inermis
1034 2981 1157 3027 Tristia
1175 2994 1245 3021 effic.
1267 2982 1346 3022 tuli.

295 3031 333 3065 ὃς
354 3029 403 3066 ita
426 3030 569 3078 vulgata
590 3029 701 3067 leelio
723 3031 839 3068 videri
859 3029 975 3079 posset
996 3032 1152 3068 formata
1174 3044 1218 3072 ex
1239 3032 1344 3070 simili

290 3079 379 3116 loco
400 3092 446 3116 11.
466 3081 599 3117 Amor.
621 3092 654 3116 x.
680 3092 712 3129 3.
734 3081 994 3118 Bummuuus,

344 3141 402 3177 75.
431 3130 682 3181 Consurgere]
724 3132 872 3168 Recftius
902 3133 996 3168 forte
1028 3132 1064 3168 in
1096 3131 1344 3179 manuscriptis

289 3182 557 3228 exemplaribus
572 3182 716 3230 legitur,
730 3182 905 3230 assurgere,
918 3182 954 3219 id
972 3181 1019 3218 cst
1034 3182 1152 3230 arrigi.
1165 3183 1345 3220 Mimos.

288 3233 496 3280 <Consurgere
521 3233 704 3270 meliores.
736 3234 947 3270 Heinsius
976 3233 1163 3281 Exsurgere
1183 3234 1294 3279 Junii.

345 3293 405 3330 79.
430 3284 586 3335 Lenia]
620 3284 682 3322 Sic
716 3285 753 3322 in
785 3283 1001 3334 quibusdam
1024 3312 1042 3338 ,⁸
1064 3285 1102 3323 &
1129 3284 1166 3322 in
1197 3285 1346 3334 magicis

2334 863 2446 923 Aut

1402 1000 1558 1051 quidem
1582 1001 1685 1041 sacris
1717 1002 1809 1042 lanis
1842 1003 2047 1043 utebantur.
2083 1010 2125 1041 ut
2145 1002 2242 1053 apud
2270 1001 2451 1043 Theocri:

1403 1061 1515 1090 tum:
1560 1053 1705 1097 Στέψον
1745 1058 1814 1092 τᾶν
1848 1055 2008 1100 κελέβαν
2043 1053 2205 1103 φοινικέῳ
2244 1054 2308 1097 ὃιός
2338 1055 2452 1103 awa-5.
2523 1086 2526 1094 ,

1399 1103 1464 1141 sed
1487 1104 1525 1140 &
1546 1103 1642 1141 ranis
1661 1105 1906 1144 in.nonnullis
1926 1106 2097 1154 scriptum
2119 1106 2191 1152 est,
2219 1113 2259 1144 ut
2280 1105 2326 1143 de
2345 1106 2450 1144 rube-

1401 1154 1446 1191 tis
1466 1155 1709 1203 intelligatur,
1739 1168 1894 1205 quarum
1917 1157 2104 1195 maximus
2128 1157 2167 1194 in
2195 1156 2344 1205 magicis
2363 1156 2454 1197 usus.

1404 1205 1661 1244 NAUGERms.
1691 1212 1722 1243 T
1720 1207 1856 1257 rajeetis
1876 1236 1886 1252 ,
1922 1206 2098 1246 transfixis
2130 1219 2176 1244 ex
2201 1215 2277 1246 arte
2303 1207 2452 1257 magica.
2523 1240 2525 1242 ,

1404 1256 1559 1304 Legitur
1578 1258 1690 1295 etiam
1707 1258 1744 1295 in
1764 1258 2013 1308 manuscriptis
2030 1258 2297 1308 exemplaribus
2316 1258 2364 1296 ita
2379 1259 2453 1306 hoe
2523 1272 2525 1278 ·

1407 1318 1555 1344 carmen
1570 1321 1579 1344 ζ

1456 1362 1538 1395 Aut
1560 1367 1655 1395 terra
1677 1358 1771 1397 lectis
1790 1364 1908 1398 Aeaea
1928 1359 2080 1410 venefica
2097 1359 2206 1398 ramis

1508 1413 1684 1447 Devovet.

1405 1458 1461 1495 Ut
1489 1458 1832 1510 subintelligendum
1863 1461 1927 1506 sit,
1955 1470 2016 1501 te:
2046 1463 2085 1501 δε
2114 1474 2179 1512 per
2203 1473 2319 1501 ramos
2344 1462 2456 1501 cone:

1406 1508 1485 1565 §tos
1500 1537 1510 1553 ‚
1537 1511 1577 1548 in
1595 1518 1689 1549 terra
1710 1512 1868 1551 caducos
1886 1513 2065 1563 intelligas
2079 1541 2090 1558 ‚
2117 1512 2248 1563 quibus
2267 1513 2456 1553 veneficae
2522 1507 2525 1517 '
2549 1546 2553 1550 .

1404 1571 1443 1597 in
1465 1561 1566 1599 coitu
1587 1561 1760 1602 homines
1779 1564 1906 1615 ligant.
1934 1565 2054 1603 Ramis
2074 1566 2113 1602 in
2136 1563 2311 1613 impreffis
2332 1564 2456 1603 omni-
2470 1573 2485 1591 ²
2507 1583 2510 1586 ⁴
2552 1587 2553 1592 =

1401 1610 1467 1648 bus
1501 1613 1766 1661 exemplaribus
1798 1616 1838 1652 ὃς
1867 1615 2054 1653 nonnullis
2083 1614 2334 1663 manuscriptis
2361 1614 2454 1673 legi-

1401 1673 1484 1699 mus
1502 1675 1510 1699 :
1553 1662 1613 1700 sed
1631 1675 1679 1701 ex
1698 1665 1768 1701 hac
1783 1664 1948 1703 lectione
1970 1665 2088 1703 nullus
2109 1664 2226 1702 sensus
2240 1692 2251 1708 ,
2279 1665 2343 1714 qui
2360 1666 2456 1705 mihi
2524 1684 2527 1702 :

1402 1713 1545 1761 placeat
1559 1741 1569 1758 ,
1581 1714 1662 1752 elici
1678 1714 1808 1763 potest.
1828 1715 2166 1764 Manuscriptorum
2185 1722 2311 1752 autem
2328 1727 2452 1754 exem·
2523 1739 2525 1743 ι
2542 1744 2543 1747 ¹

1401 1763 1559 1811 plarium
1583 1765 1766 1814 quaedam
1796 1765 1967 1815 scriptum
1995 1766 2156 1811 habent,
2184 1765 2321 1803 Ranis:
2359 1778 2454 1815 quae
2522 1785 2550 1803 ,l

1401 1813 1515 1855 lectio
1533 1814 1559 1852 fi
1580 1816 1646 1853 tibi
1667 1816 1807 1865 placet,
1824 1816 1870 1855 de
1889 1818 1982 1854 ranis
2002 1817 2135 1856 rubetis
2152 1816 2315 1867 intellige
2331 1844 2341 1859 ,
2359 1828 2453 1866 quae
2522 1832 2538 1857 i·

1403 1865 1570 1904 maxime
1598 1866 1641 1904 ad
1673 1866 1852 1905 veneficia
1879 1868 2017 1904 faciunt
2041 1880 2049 1904 :
2084 1876 2123 1905 ut
2146 1867 2354 1914 JuvenaMs,
2381 1868 2451 1905 Pii-

1402 1917 1508 1961 nius,
1537 1928 1579 1954 ac
1607 1918 1738 1966 reliqui
1764 1917 1956 1969 scriptores
1977 1918 2214 1957 tradiderunt.
2241 1917 2340 1957 unde
2361 1918 2450 1965 Proff

1400 1976 1493 2016 pert.
1513 1967 1572 2005 lib.
1594 1980 1656 2004 111.
1676 1969 1789 2006 dixit:

1456 2017 1565 2055 Illum
1587 2019 1756 2067 turgentis
1772 2032 1880 2057 ranae
1895 2029 2055 2070 portenta
2074 2018 2214 2056 rubetae
2227 2047 2238 2064 ‚

1506 2073 1554 2105 Et
1572 2069 1657 2106 lecta
1679 2083 1721 2106 ex
1733 2070 1834 2118 ficiis
1854 2071 2024 2119 anguibus
2046 2070 2109 2120 offic
2129 2070 2292 2107 trahunt.

1402 2120 1460 2158 Ex
1479 2131 1588 2158 ranae
1608 2120 1758 2158 rubetae
1780 2122 1882 2158 enim
1910 2121 2102 2160 visceribus
2117 2149 2128 2165 ,
2155 2122 2277 2171 inquit
2300 2121 2391 2160 Plin.
2411 2121 2446 2161 id
2482 2140 2486 2145 ’

1404 2171 1453 2208 est
1471 2170 1617 2219 lingua,
1638 2171 1791 2210 officulo
1805 2200 1816 2217 ‚
1836 2172 1934 2209 liene
1947 2200 1956 2216 ‚
1973 2172 2102 2221 jecore
2115 2200 2126 2216 ,
2147 2173 2186 2209 ὅ(
2206 2172 2317 2209 corde
2331 2200 2341 2216 ,
2360 2172 2455 2212 mira-

1402 2220 1480 2257 fieri
1498 2220 1598 2268 poffe
1618 2222 1776 2260 constat:
1794 2223 1875 2260 sunt
1895 2224 1996 2259 enim
2016 2223 2178 2271 plurimis
2192 2223 2353 2261 'refertae
2370 2231 2448 2261 ine-'-
2520 2234 2523 2250 ³
2551 2241 2553 2248 ¹

1403 2271 1657 2310 dicaminibus.
1699 2273 1827 2311 Acron
1862 2273 1966 2321 super
2003 2273 2254 2312 Horatianum
2289 2273 2378 2313 illud
2410 2274 2445 2312 in
2520 2321 2521 2327 ἵ

1404 2321 1436 2359 E
1465 2321 1527 2359 od.

1437 2334 1460 2371 p
1601 2380 1603 2382 ’
1657 2378 1705 2411 Et
1726 2375 1832 2410 unffia
1852 2373 1961 2423 turpis
1977 2386 2045 2409 ova
2067 2386 2174 2410 ranae
2186 2373 2378 2423 sunguine.-

1404 2428 1505 2460 Rana
1519 2452 1529 2469 ,
1555 2425 1676 2474 inquit
1691 2453 1701 2469 ,
1722 2425 1901 2471 infernum
1921 2436 1964 2464 ey
1985 2425 2194 2475 venenosum
2211 2424 2351 2463 animal
2367 2423 2424 2473 est.

1404 2475 1517 2512 Unde
1534 2476 1741 2523 Juvenalis:
2410 2487 2421 2500 ⁸

1455 2530 1502 2562 Et
1520 2526 1630 2575 Stygio
1649 2539 1757 2563 ranas
1774 2526 1813 2562 in
1828 2525 1961 2575 gurgite
1977 2525 2104 2574 nigras.

1405 2577 1496 2614 Non
1516 2577 1624 2626 igitur
1642 2578 1777 2614 mirum
1791 2605 1801 2621 ‚
1830 2576 1856 2613 si
1874 2577 2022 2626 magicis
2043 2577 2144 2616 sacris
2163 2577 2201 2615 ὃς
2220 2587 2328 2614 ranae
2345 2575 2450 2614 adhi⁴

1404 2627 1546 2665 bentur.
1589 2628 1631 2665 In
1657 2628 1734 2666 aliis
1763 2635 1888 2665 autem
1917 2628 2184 2676 exemplaribus
2215 2627 2345 2665 reetius
2373 2628 2451 2666 for-,

1403 2676 1490 2716 taffe
1518 2679 1688 2727 scriptum
1715 2679 1871 2727 legitur,
1900 2678 2030 2722 Lanis,
2058 2677 2096 2715 id
2128 2678 2198 2722 est,
2223 2678 2327 2715 lanea
2356 2677 2446 2715 ima·-

1402 2729 1501 2777 gine.
1529 2730 1792 2766 Ere-amatores
1818 2730 1919 2766 enim
1949 2728 2037 2766 duas
2067 2729 2268 2777 imagines,
2295 2739 2340 2765 ex
2367 2728 2446 2766 lana

1402 2779 1551 2817 alteram
1565 2809 1575 2825 ,
1601 2781 1750 2818 alteram
1782 2792 1827 2818 ex
1849 2790 1929 2817 cera
1954 2778 2139 2827 fingebant
2159 2793 2167 2817 z
2206 2779 2309 2816 lanea
2328 2779 2444 2826 major

1403 2841 1547 2868 ceream
1576 2831 1725 2879 urgebat
1747 2859 1757 2874 ‚
1795 2841 1897 2867 cerea
1924 2837 2048 2866 autem
2079 2838 2156 2867 tota
2184 2829 2317 2866 acubus
2337 2828 2449 2881 infixa,

1402 2880 1447 2918 ad
1475 2882 1600 2930 ignem
1626 2881 1846 2930 liquescebat
1860 2909 1869 2925 ,
1898 2881 1936 2919 in
1964 2880 2040 2929 ejus
2058 2907 2069 2924 ‚
2088 2880 2153 2928 qui
2174 2879 2443 2922 devovebatur.

1402 2943 1577 2979 poenam.
1605 2941 1645 2970 ut
1666 2932 1762 2970 Flac.
1787 2931 1848 2969 lib.
1881 2942 1909 2968 1.
1941 2931 2055 2967 Serm.
2077 2929 2210 2975 docet,
2239 2930 2339 2979 cujus
2355 2930 2442 2970 haec

1401 2982 1482 3020 sunt
1501 2984 1611 3020 verba
1627 2996 1636 3019 :

1455 3039 1572 3069 Lanea
1594 3043 1638 3074 (γ’
1657 3032 1774 3081 effigies
1791 3041 1866 3068 erat
1880 3059 1890 3076 ,
1919 3031 2032 3067 altera
2052 3044 2142 3068 cerea
2154 3048 2164 3066 .·
2193 3032 2306 3079 major

1453 3088 1571 3118 Lanea
1585 3110 1595 3126 ,
1623 3096 1710 3132 quae
1727 3083 1839 3131 poenis
1858 3082 2067 3131 compesceret
2088 3081 2280 3129 inferiorem
2295 3097 2307 3119 .·

1454 3138 1560 3170 Cerea
1572 3132 1769 3181 suppliciter
1785 3133 1904 3179 stabat
1919 3160 1930 3178 ‚
1947 3131 2138 3183 servilibus
2154 3143 2260 3184 utque

1453 3183 1546 3229 Jam
1566 3184 1719 3232 peritura
1740 3184 1859 3222 modis.

1403 3234 1451 3273 Et
1470 3235 1582 3283 paulo
1604 3235 1776 3272 inferius:

1454 3290 1501 3324 Et
1519 3285 1668 3338 imagine
1689 3299 1780 3324 cerea
1799 3285 1925 3337 largior
1943 3285 2066 3336 arserit
2083 3284 2182 3336 ignis.

2336 3331 2454 3382 Quod
