2553 3676
253 241 281 289 &⁴7

292 218 318 270 00

719 206 782 262 P.
856 201 1267 262 OVIDII
1340 200 1881 258 NASONIS

546 300 722 372 Exige
746 298 879 356 laese
903 298 1082 373 pudor
1106 316 1334 372 poenas,
1371 297 1569 352 violate
1594 295 1849 351 Sichaeo:

623 373 716 428 Ad
743 391 906 447 quem
935 376 1057 443 (me
1083 373 1391 441 miseraml.)
1417 370 1574 443 plena
1594 369 1818 441 pudoris
1843 388 1928 426 60.

547 447 644 503 Est
666 447 798 500 mihi
823 464 1123 501 marmorea
1145 447 1375 502 sacratus
1402 444 1457 497 in
1481 441 1616 496 aede
1641 442 1920 498 Sichaeus:

403 539 508 580 {oo

621 518 918 592 Adpofitae
945 520 1166 575 frondes
1189 520 1492 589 velleraque
1519 514 1633 568 alba
1655 528 1865 586 tegunt.

549 592 703 649 Hinc
731 611 835 665 ego
861 612 948 648 me
973 593 1104 649 sensi
1126 605 1262 648 noto
1287 603 1477 663 quater
1502 605 1598 669 ore
1624 588 1776 643 citari
1798 607 1809 643 :

620 665 733 738 lpse
758 668 890 721 sono
917 668 1066 722 tenui
1093 665 1260 728 dixit,
1297 661 1455 717 Elissa
1478 678 1619 715 vem.
1717 733 1726 742 ·

550 739 711 794 Nulla
735 759 885 794 mora
911 741 1014 802 est;
1057 739 1252 800 veni03
1295 735 1457 792 venio
1483 733 1581 788 tibi
1605 732 1787 790 debita
1811 736 2037 807 conjux:

628 812 735 867 Sed
761 826 940 866 tamen
967 811 1176 867 admiffi
1201 810 1352 865 tarda
1373 807 1587 882 pudore
1610 807 1734 862 mei.

407 900 504 956 105
542 886 629 941 Da
653 886 865 939 veniam
888 886 1105 958 culpae3
1150 883 1368 957 decepit
1393 881 1621 936 idoneus
1644 878 1863 947 au<Pt0r3

624 958 886 1014 Invidiam
910 977 1086 1017 noxae
1112 958 1348 1016 detrahit
1370 956 1458 1013 ille
1483 972 1651 1011 meae.

256 1162 379 1213 Sponte
397 1162 535 1210 foribus
559 1163 744 1213 patffae‘iis
769 1162 938 1201 exaudita
966 1175 1038 1201 vox
1065 1161 1140 1210 est.
1177 1161 1316 1200 nomine

257 1228 336 1251 eum
364 1214 518 1253 citantis.
554 1215 639 1253 vide
669 1216 715 1253 de
741 1216 815 1252 hoc
842 1215 1014 1264 prodigio
1045 1213 1240 1264 Bulenger.
1268 1214 1315 1252 de

256 1265 405 1314 Prodig.
430 1278 483 1304 iv.
513 1278 570 1314 19.
594 1266 653 1305 sed
673 1268 710 1305 in
732 1266 815 1304 MS.
833 1278 987 1317 quoque
1006 1265 1111 1315 saepe
1133 1279 1230 1304 voces
1249 1276 1316 1304 oc-

258 1325 422 1355 currunt.
449 1317 573 1355 Valet.
592 1318 687 1356 Flac.
711 1331 776 1356 111.
796 1330 881 1368 4ος.

443 1373 491 1404 Et
502 1367 643 1418 subitae
654 1369 724 1419 post
746 1369 845 1418 longa
860 1367 1005 1420 silentia
1027 1381 1138 1407 voces.

255 1417 307 1457 Et
336 1418 400 1456 hic
430 1431 584 1469 quoque
614 1434 712 1457 voces
747 1421 896 1458 retineri
925 1418 1069 1470 possent
1090 1448 1102 1465 ,
1145 1420 1232 1471 quia
1266 1419 1315 1461 de

256 1469 447 1520 Nymphis
466 1470 640 1520 sequitur.
666 1472 934 1510 BuRMANNus.

309 1532 371 1569 97.
400 1520 529 1559 Violate
561 1521 738 1573 sichaei.]
778 1523 870 1562 Sunt
899 1523 965 1573 qui
996 1521 1133 1560 sichaeo
1168 1522 1313 1562 malint.

255 1570 487 1611 Eam-nus.
523 1572 669 1611 sichaeu
702 1583 843 1613 veteres
872 1586 1017 1613 omnes.
1050 1573 1155 1623 quod
1178 1583 1314 1613 notan·

258 1623 350 1661 dum
376 1637 384 1661 :
422 1635 494 1661 nec
523 1632 651 1662 tamen
681 1625 772 1675 quid
802 1625 866 1663 fibi
894 1625 985 1663 velit
1010 1624 1090 1662 satis
1121 1624 1317 1676 adsequor.

259 1673 369 1710 Thais
396 1675 601 1711 Alenandru
624 1687 692 1724 pro
714 1676 926 1721 Μενάνδρου.
947 1677 986 1714 in
1009 1676 1156 1714 vetustis
1177 1677 1318 1715 codici·

258 1724 326 1762 bus
355 1734 533 1763 exaratur.
560 1725 621 1764 sed
649 1727 709 1764 'nic
731 1726 876 1764 Sichaeu
894 1726 943 1765 est
964 1726 1061 1764 casus
1078 1728 1218 1766 tertius.
1244 1733 1319 1765 Ceu

260 1775 476 1820 simonidei,
513 1788 579 1824 pro
603 1777 663 1813 Cei
691 1778 833 1816 Auson.
858 1778 992 1816 Profes.
1020 1790 1101 1816 XIV.
1129 1790 1176 1815 ex
1201 1780 1321 1817 veteri

261 1825 405 1863 codice.
427 1825 608 1876 Melampu
630 1829 667 1864 in
686 1830 875 1866 vocativo.
897 1829 984 1866 Stat.
1004 1841 1069 1866 111.
1092 1828 1216 1866 Theb.
1238 1830 1320 1877 546.

262 1877 303 1914 &
325 1888 406 1926 573.
427 1886 612 1925 praeterea
627 1879 665 1915 in
687 1880 808 1928 Regio
830 1879 960 1918 codice
976 1880 1070 1918 haec
1086 1880 1136 1918 ita
1155 1880 1320 1919 auctiora

263 1929 304 1966 ὅ(
323 1928 542 1977 interpolata
558 1929 794 1978 legebantur:

314 1980 422 2028 Exige
441 1979 526 2029 laese
538 1980 648 2029 pudor
657 1990 783 2030 poenas
795 2011 806 2027 ‚
834 1981 1038 2034 violataque
1058 2002 1118 2012 ·--

366 2031 467 2076 Jura
481 2059 491 2075 ‚
521 2044 580 2067 nec
597 2031 645 2067 ad
663 2032 788 2069 cineres
798 2034 906 2080 fama
926 2044 1061 2071 retenta
1080 2048 1192 2072 meos:

312 2086 446 2133 Vosque
465 2082 534 2119 mei
551 2095 692 2126 manes,
720 2084 928 2135 animaeque
948 2085 1098 2135 cinifique
1120 2083 1275 2130 sichaei,

368 2133 434 2169 Ad
454 2147 560 2184 quas,
589 2148 643 2172 mc
664 2134 826 2185 miseram
839 2164 849 2182 ,
870 2135 978 2186 plena
991 2136 1134 2186 pudoris
1150 2150 1198 2175 e0.

266 2182 478 2222 Heinsius.

318 2236 380 2283 98.
407 2235 472 2272 Ad
502 2249 590 2286 quas
617 2250 670 2273 me
699 2237 861 2288 miseram
884 2237 987 2287 plena
1001 2237 1142 2286 pudoris
1160 2235 1232 2287 eo.]
1262 2236 1321 2275 Sic

263 2285 386 2336 scripti
409 2299 554 2325 omncs.
583 2288 794 2338 Occuparat
819 2290 897 2338 jam
923 2289 1106 2327 editiones
1126 2289 1322 2327 nonnullas

264 2337 332 2374 Ad
352 2350 465 2387 quem.
492 2350 562 2376 nec
584 2339 759 2378 auderem
781 2339 819 2378 id
839 2339 1037 2384 damnare,
1056 2339 1081 2377 fi
1104 2339 1322 2389 scriptorum

266 2388 444 2427 codicum
465 2390 684 2429 auctoritate
705 2392 933 2429 inniteretur.
957 2391 1010 2428 Ut
1027 2392 1119 2428 haec
1132 2404 1232 2435 ‚non
1252 2393 1325 2430 mi-

264 2451 334 2478 nus
357 2452 469 2489 quam
491 2441 679 2491 sequentia
694 2442 761 2487 ‚ad
775 2442 928 2480 statuam
946 2442 1151 2480 referantur
1167 2443 1324 2487 Sichaei,

266 2503 382 2539 quam
415 2491 556 2530 aditura
586 2492 629 2531 fit
658 2493 776 2532 Dido.
821 2494 1010 2531 Praeterea
1044 2493 1157 2531 scribe
1179 2522 1189 2538 ,
1217 2493 1325 2543 plena

268 2541 422 2585 ruboris,
450 2554 499 2580 ne
524 2545 635 2581 toties
655 2544 792 2582 eodem
821 2544 1007 2582 vocabulo
1039 2552 1162 2582 utatur
1183 2545 1324 2594 prorsus

272 2593 508 2632 inconcinne.
548 2606 635 2632 nam
675 2596 714 2632 δε
745 2594 858 2645 pudor
886 2597 1062 2644 proximo
1090 2594 1327 2643 praecesserat

269 2643 376 2680 ‘versu
397 2673 406 2687 ‚
436 2646 475 2682 ἃ
500 2657 592 2683 mox
616 2645 841 2695 subsequitur
861 2645 986 2685 denuo
1006 2675 1017 2693 ,
1054 2646 1193 2695 admiffi
1218 2648 1326 2685 tarda

265 2694 394 2742 pudore
415 2695 492 2731 mei.
522 2697 735 2735 Hssmsms.

330 2757 410 2782 roo.
440 2746 609 2795 oppositae
629 2747 813 2799 frondes.]
843 2748 1024 2800 Appofitae
1048 2757 1208 2800 quatuor
1232 2750 1328 2790 libri.

274 2794 313 2832 ἒ(
335 2796 465 2844 placet.
494 2797 541 2835 iic
567 2799 713 2849 appostta
740 2801 870 2838 humus
900 2801 1075 2851 superiori
1107 2802 1268 2850 Epistola
1290 2815 1327 2842 v.

272 2847 333 2883 26.
354 2859 398 2884 ex
422 2849 654 2887 membranis.
680 2853 758 2890 Art.
781 2853 867 2890 Am.
885 2852 947 2890 lib.
968 2866 1031 2890 111.
1054 2865 1099 2890 ex
1122 2852 1272 2893 iisdem:

326 2898 441 2946 Surgit
463 2911 506 2954 cy
524 2899 684 2950 appofitas
703 2903 834 2952 agitato
855 2913 984 2954 corpore
993 2903 1140 2953 frondes

380 2955 512 2987 Movtt.

275 2999 410 3039 Noster
430 3000 519 3038 Fuit.
538 3014 605 3040 111.
626 3014 712 3049 770.

945 3056 1124 3105 Nymphas

329 3109 432 3139 Hanc
440 3104 606 3150 frondem
627 3104 724 3142 cunis
742 3107 916 3157 aPP⁰fi¹¹ff⁶
929 3107 1068 3154 ferunt.

277 3152 331 3191 Ita
352 3154 479 3203 scripti.
504 3155 594 3193 Fast.
616 3169 666 3194 1v.
692 3170 771 3204 14¹·

331 3204 436 3254 Sensit
458 3217 501 3245 ω’
522 3206 669 3257 appofitci
686 3209 774 3244 texit
784 3208 851 3257 sua
869 3218 1002 3259 corpora
1022 3219 1147 3259 myrto.

278 3257 492 3304 Quomodo
513 3259 685 3296 meliores
704 3259 763 3296 lib.
788 3261 896 3297 Trist.
919 3274 985 3298 111.
1006 3262 1060 3299 ΕΙ.
1086 3274 1114 3299 1.
1137 3262 1200 3313 39.

331 3313 405 3345 Cur
422 3319 542 3349 tamen
559 3309 708 3363 appositu
727 3310 870 3351 velatur
880 3313 997 3363 janua
1018 3312 1128 3367 lauro.
1193 3307 1199 3315 ⁴

2280 1027 2423 1083 Diva

1370 1160 1493 1210 Quod
1523 1159 1563 1198 &
1592 1158 1643 1198 ibi
1670 1159 1818 1199 codices
1844 1158 2117 1199 emendatiores
2134 1155 2347 1207 agnoscunt.
2372 1156 2423 1195 fic

1369 1210 1516 1263 appofita
1525 1209 1697 1259 foliorum
1718 1224 1872 1262 quoque
1891 1211 2092 1261 legendum
2113 1218 2205 1258 puto
2227 1209 2325 1259 apud
2340 1209 2424 1254 Auf

1369 1264 1517 1304 sonium
1539 1263 1709 1302 Perioch.
1732 1261 1863 1314 Odyff.
1880 1275 1935 1302 VI.
1957 1262 2047 1300 Fast.
2069 1275 2124 1300 vi.
2147 1259 2233 1310 583.

1716 1325 1883 1375 crescebat
1901 1325 2051 1375 imagine
2068 1324 2181 1362 lanus
2192 1340 2204 1362 :

1421 1382 1540 1416 Donec
1561 1391 1639 1416 eam
1658 1376 1811 1428 appofitis
1828 1376 1998 1414 occuluere
2015 1376 2113 1425 togis.

1369 1442 1430 1532 {Dic
1476 1442 1710 1482 scribendum
1751 1442 1923 1491 opinor,
1966 1451 2046 1479 non
2081 1437 2212 1490 positis.
2262 1434 2431 1489 Epistola

1414 1506 1580 1533 enones:

1421 1566 1504 1598 Non
1513 1558 1564 1610 fic
1580 1558 1735 1612 appositis
1751 1558 1912 1598 vincitur
1932 1556 2069 1596 vitibus
2089 1557 2219 1596 ulmus.

1368 1624 1531 1662 Metam.
1548 1637 1602 1662 1v.
1620 1625 1708 1663 600.
1728 1623 1916 1673 appofitum
1938 1636 2069 1661 nemus.
2088 1625 2167 1673 pari
2186 1623 2306 1663 modo
2327 1623 2429 1675 apud

1370 1674 1541 1723 Juvenal.
1560 1675 1631 1712 Sat.
1655 1687 1709 1712 xx.
1730 1674 1984 1712 scribendum:

1425 1725 1546 1775 Craffa
1565 1739 1624 1764 nec
1642 1723 1783 1776 appofito
1799 1725 1957 1775 pavidus
1978 1734 2072 1762 tenet
2090 1723 2238 1775 inguina
2255 1733 2367 1775 gutto.

1375 1775 1465 1814 Stat.
1494 1789 1549 1814 v1.

1428 1827 1608 1878 Appofitas
1628 1827 1772 1878 impasta
1788 1826 1968 1864 avertitur
1983 1825 2118 1864 herbas.

1376 1877 1436 1917 Sic
1456 1877 1602 1928 appofita
1619 1879 1760 1915 lucerna
1780 1877 1877 1925 apud
1891 1877 2126 1926 Propertium
2145 1877 2239 1916 libro
2258 1890 2304 1917 11.
2324 1877 2432 1928 meg.

1376 1942 1439 1967 xv.
1466 1929 1648 1978 Apulejus
1667 1928 1876 1976 Apologia:
1905 1932 1981 1964 Cur
2008 1941 2100 1965 cava
2118 1928 2258 1978 specula
2277 1957 2288 1974 ‚
2314 1927 2351 1978 fi
2369 1943 2432 1966 ex-

1376 1978 1566 2029 adversum
1575 1978 1642 2028 fhli
1660 1979 1901 2023 retineantur,
1924 1977 2110 2029 appositum
2126 1980 2292 2027 fomitem
2311 1993 2432 2017 accen-

1376 2031 1495 2068 dunt?
1524 2030 1585 2068 ubi
1613 2042 1805 2079 perperam
1835 2042 1990 2080 magnus
2022 2030 2284 2076 Casaubonus,
2313 2029 2432 2082 opposi-

1375 2091 1455 2118 tum
1476 2081 1891 2130 reponit,applaudente
1911 2082 2064 2119 Pricaeo
2087 2082 2433 2128 &Elmenhorstio‚

1378 2140 1507 2171 contra
1522 2131 1635 2170 fidem
1657 2139 1826 2170 veterum
1845 2132 2038 2170 librorum.
2066 2133 2170 2182 plura
2197 2134 2358 2183 Epistola
2377 2146 2432 2174 1x.

1376 2183 1418 2227 ᾧ.
1437 2184 1498 2221 60.
1524 2185 1563 2221 δε
1583 2185 1717 2221 Amor.
1736 2196 1798 2221 111.
1817 2183 1871 2221 El.
1892 2196 1944 2221 VI.
1973 2184 2187 2223 Hnmsius.

1434 2247 1518 2272 100.
1546 2234 1741 2286 Velleraque
1754 2233 1878 2284 alha.]
1909 2236 2054 2274 Lanam
2082 2237 2234 2274 niveam
2257 2234 2357 2273 reete
2385 2245 2433 2273 ex

1378 2286 1539 2336 Virgilio
1563 2286 1776 2335 interpretes
1804 2284 1874 2324 esse
1900 2286 2051 2325 docent.
2077 2286 2316 2325 Baudelotius
2338 2297 2432 2324 vero

1379 2337 1426 2376 de
1453 2338 1611 2376 utilitate
1633 2338 1978 2387 Peregrinationum
2004 2346 2099 2376 tom.
2125 2351 2155 2376 1.
2174 2350 2256 2387 pag.
2279 2349 2363 2387 275.
2385 2337 2433 2375 de

1371 2389 1461 2440 pelle
1481 2389 1576 2426 canis
1603 2390 1780 2439 explicam
1805 2389 1897 2427 nihil
1916 2388 1992 2426 vidi
2014 2390 2183 2438 ineptius.
2211 2391 2342 2427 BunM.

1437 2452 1518 2491 103.
1557 2440 1671 2477 Nulla
1699 2453 1798 2478 mera
1829 2439 1882 2487 est.
1903 2439 1919 2490 ]
1958 2440 2137 2478 Sollemni
2173 2452 2218 2478 ex
2258 2439 2435 2478 formula.

1381 2493 1510 2541 Nepos
1542 2493 1694 2530 Conon.
1716 2504 1748 2540 3.
1780 2491 1872 2528 Huic
1899 2490 1959 2528 ille
1982 2491 2122 2544 inquit,
2139 2490 2242 2529 nullu
2259 2504 2358 2530 mora
2375 2490 2434 2540 cst.

1379 2543 1485 2592 saepe
1507 2544 1672 2582 Comici.
1701 2543 1971 2581 BURMANNus.

1438 2607 1520 2645 103.
1550 2595 1651 2632 Venio
1664 2624 1673 2640 ‚
1697 2594 1828 2644 venia]
1850 2594 2143 2643 Quidam‚veni0
2164 2593 2241 2632 dixi
2261 2592 2338 2631 tibi.
2359 2593 2436 2630 Pu-⁴

1381 2655 1533 2685 teaneus
1556 2659 1645 2684 vero
1669 2647 1708 2684 &
1729 2658 1871 2684 novem
1886 2646 1961 2691 alii,
1974 2646 2094 2682 dedita
2113 2647 2250 2694 conjux.
2267 2644 2315 2680 fic
2335 2642 2435 2691 apud

1381 2698 1530 2747 Apulej.
1558 2699 1719 2736 NIetam.
1747 2711 1782 2734 v.
1809 2701 1856 2733 Et
1874 2710 1933 2732 nos
1950 2696 2113 2746 quidem,
2141 2708 2230 2745 quae
2249 2704 2337 2730 natu
2355 2706 2435 2730 ma-
2469 2717 2471 2719 -

1375 2750 1464 2799 jores
1475 2749 1600 2798 sumus
1612 2777 1621 2793 ,
1648 2748 1789 2786 maritis
1808 2747 1956 2784 advenis
1968 2775 1977 2791 ,
1999 2746 2150 2784 ancillae
2166 2746 2303 2783 deditae
2322 2755 2438 2793 extorff

1383 2814 1434 2838 res
1445 2800 1569 2850 patria
1587 2799 1749 2849 degimus.
1776 2799 1910 2845 Juven.
1935 2798 2008 2835 Sat.
2031 2810 2083 2835 111.

1690 2850 1791 2900 {Quid
1812 2849 1849 2886 ni
1868 2847 1933 2886 tibi
1955 2848 2094 2886 deditus
2110 2847 2203 2899 effim
2217 2877 2229 2895 ,

1436 2909 1660 2954 Devotusque
1678 2902 1793 2939 cliens.

1386 2954 1522 2994 Amor.
1546 2967 1591 2991 11.
1611 2967 1646 2999 4.

1439 3013 1511 3042 Nos
1527 3015 1590 3041 tua
1600 3004 1793 3053 sentimus,
1808 3005 1952 3056 populus
1971 3003 2036 3041 tibi
2054 3003 2193 3042 deditus
2205 3031 2216 3050 ‚
2235 3014 2352 3042 arma.

1388 3056 1491 3094 Ibide
1516 3056 1594 3093 182.
1614 3068 1658 3092 ex
1682 3057 1917 3105 conjeetura:

1443 3108 1639 3158 Visceraque
1658 3106 1807 3155 affiduae
1829 3109 1947 3146 dedita
1958 3106 2100 3158 praebet
2119 3107 2198 3147 avi.

1389 3156 1478 3194 Fast.
1506 3171 1534 3194 Ι.
1560 3169 1645 3206 359.

1444 3216 1565 3245 Noxae
1584 3209 1648 3246 tibi
1664 3210 1800 3248 deditus
1817 3211 1929 3259 hostis.

1384 3259 1590 3308 Vulgarum
1609 3270 1734 3302 tamen
1743 3261 1861 3303 debita
1873 3263 1985 3303 etiam
1996 3261 2144 3303 retineri
2160 3258 2289 3312 potest.
2302 3260 2434 3300 Claud.

1357 3312 1359 3315 ’
1388 3321 1421 3351 1.
1441 3312 1543 3352 Eutr.
1562 3323 1625 3362 43.

2312 3369 2436 3413 Cum&
