2553 3676
827 196 889 253 P.
964 190 1385 250 OVIDII
1458 188 1996 247 NASONIS

447 302 541 354 175
581 283 819 358 Adspice
843 294 1093 339 curvatos
1117 297 1410 354 pomorum
1430 279 1675 352 pondere
1702 297 1911 344 ramos;

661 359 739 413 Ut
765 359 882 417 sua,
923 354 1074 429 quod
1099 354 1339 428 peperit,
1375 355 1468 408 vix
1493 354 1629 409 ferat
1654 352 1813 410 arbor
1839 371 1992 411 onus„

595 432 832 504 Adspice
866 428 1111 501 jucundo
1136 428 1373 484 labentes
1397 445 1674 483 murmure
1699 428 1872 484 rivos:

667 504 904 577 Adspice
929 503 1219 559 tondentes
1243 501 1419 556 fertile
1447 518 1668 571 gramen
1693 520 1842 559 oves.

596 577 745 634 Ecce
772 592 966 651 petunt
991 594 1150 650 rupes
1171 616 1187 640 ‚
1224 588 1617 647 praeruptaque
1643 574 1788 642 saxa,
1827 576 2074 651 capellae.

453 651 553 706 180

667 652 782 722 Jam
805 651 1044 707 referent
1069 648 1252 704 haedis
1277 647 1442 702 ubera
1466 647 1621 719 plena
1643 647 1763 702 suis,

597 726 781 782 Pastor
804 723 1063 798 inaequali
1086 721 1396 777 modulatur
1422 719 1682 776 arundine
1706 740 1953 779 carmen:

669 800 787 854 Nec
815 798 1006 852 desunt
1030 796 1288 858 comiteS,
1326 793 1506 849 sedula
1530 794 1714 859 turba,
1749 814 1923 851 canes,

556 922 558 925 .
593 873 755 929 Parte
778 873 969 927 sonant
993 871 1092 925 alia
1116 869 1271 925 silvae
1295 866 1590 939 mugitibus
1615 868 1783 932 altae;

672 946 744 1001 Et
768 945 1015 1021 queritur
1036 945 1267 999 vitulum
1297 955 1466 996 mater
1490 939 1662 995 abeffe
1685 943 1854 997 suum.

456 1018 554 1090 185
594 1020 780 1094 Quid?
812 1037 938 1074 curn
959 1017 1248 1091 suppofitas
1272 1015 1485 1086 fugiunt
1513 1015 1755 1070 examina
1780 1030 1963 1081 taxos3

671 1093 749 1148 Ut
777 1095 1016 1150 relevent
1042 1091 1214 1147 demti
1237 1089 1437 1148 vimina
1461 1100 1602 1144 torta
1625 1088 1762 1144 favi?

300 1284 479 1335 pondere,
501 1282 630 1329 fallere
665 1283 703 1321 ὃς
733 1281 864 1320 similia
893 1283 1021 1332 paffim
1050 1290 1262 1321 occurrunt.
1303 1282 1353 1320 ita

300 1347 423 1385 gratus
441 1349 520 1384 ager
543 1347 599 1372 11.
618 1334 707 1372 Am.
727 1346 809 1371 xvi.
838 1333 871 1371 8.
907 1334 1053 1383 Justum
1081 1335 1190 1383 igitur
1207 1335 1354 1381 foenus,

303 1388 364 1425 vel
383 1387 486 1437 quod
503 1387 587 1435 jure
607 1386 716 1424 debet
736 1385 866 1423 cultori
893 1385 970 1423 suo.
998 1385 1059 1423 vel
1087 1385 1239 1434 plenum
1256 1414 1266 1429 ‚
1295 1386 1355 1423 cui

301 1438 396 1476 nihii
417 1437 535 1481 deest,
563 1446 603 1475 ut
629 1438 679 1475 ita
691 1436 784 1486 justa
809 1449 912 1474 arma
939 1447 1012 1476 (νε.
1038 1437 1125 1475 vide
1153 1435 1355 1475 Broukhus.

304 1488 351 1528 ad
370 1489 403 1527 d.
424 1490 447 1527 l.
467 1489 621 1526 Tibulli.
674 1488 806 1526 Euam.

363 1551 445 1586 177.
474 1539 620 1589 Adspice
642 1538 829 1590 labentes]
860 1538 1026 1590 Liquaces
1046 1550 1113 1588 pro
1142 1537 1284 1577 divers-31
1305 1538 1358 1576 le-

307 1591 432 1629 <stione
464 1592 627 1640 optimus
654 1592 874 1630 Puteaneus.
900 1591 1096 1641 eleganter.
1126 1588 1147 1628 a
1178 1589 1360 1640 liquando.

304 1642 355 1680 sic
374 1643 507 1680 Noster
526 1643 563 1680 in
584 1642 692 1680 Fastis
714 1654 767 1680 ιν.
792 1654 874 1690 152.

561 1693 723 1744 Expreffis
741 1693 846 1731 mella
863 1693 1002 1743 liquata
1013 1694 1131 1742 favis.

302 1745 347 1784 ld
370 1746 623 1789 inverterunt,
659 1747 723 1795 qui
752 1747 912 1794 primam
941 1745 1114 1795 syllabam
1144 1756 1224 1784 non
1256 1743 1358 1795 posse

302 1796 461 1846 produci
482 1796 726 1835 crediderunt.
754 1797 849 1835 Met.
864 1809 1050 1846 vlu-457·

542 1859 764 1908 flagrantem
785 1869 899 1896 mater
921 1859 966 1896 ab
985 1860 1062 1909 igne

357 1910 496 1960 Eripuit
516 1923 680 1955 ramum,
700 1909 891 1961 sparfitque
912 1911 1107 1962 liquacibus
1125 1911 1244 1950 undis.

306 1974 365 2014 Ita
385 1975 458 2012 illic
479 1976 590 2012 etiam
611 1983 713 2012 vetus
738 1974 869 2013 codex.
890 1977 985 2014 Met.
1006 1989 1069 2014 111.
1089 1976 1175 2023 486.
1250 1973 1257 1979 ”

359 2028 462 2075 Qae
473 2024 582 2074 fimul
603 2027 734 2074 aspexit
754 2026 884 2076 liquaci
902 2029 1019 2077 rursus
1038 2028 1077 2065 in
1096 2028 1206 2065 unda.

306 2077 364 2115 Ita
391 2077 522 2115 censeo
550 2077 778 2116 scribendum
794 2106 804 2122 ‚
836 2079 896 2116 vel
915 2079 1075 2128 liquenti.
1113 2080 1213 2116 Nam
1233 2077 1360 2127 vulga·

306 2137 390 2167 turn
421 2129 609 2178 liquefaffia
636 2129 733 2165 unda
765 2131 924 2167 omnino
949 2132 1118 2179 ineptum
1149 2130 1209 2168 est.
1247 2130 1359 2167 etiam

305 2179 405 2228 apud
425 2180 664 2217 Prudentium
684 2181 1255 2231 Cathemer.Hymnov.paru1n
1267 2180 1361 2223 abest

306 2232 399 2281 quin
418 2231 678 2279 reponendum
700 2232 864 2269 censeam
883 2245 891 2270 z

359 2291 431 2328 Cui
446 2292 571 2340 jejuna
589 2292 718 2329 heremi
731 2293 826 2341 saxa
845 2293 1039 2344 liquaeibus

356 2343 559 2380 Exundant
569 2343 759 2391 scatebris,
789 2357 832 2388 ξφ
853 2345 972 2383 latices
992 2359 1098 2384 novos

359 2394 602 2444 Funditsciffa
634 2395 716 2433 ilex.

306 2458 538 2505 Quanquam
558 2468 637 2494 non
656 2458 790 2506 ignoro
812 2458 965 2509 loquaces
989 2460 1101 2497 etiam
1114 2459 1290 2505 scatebras
1308 2459 1363 2497 di-

305 2509 339 2545 ci
362 2505 474 2555 poffe.
500 2506 561 2545 sed
579 2508 661 2545 sane
686 2510 788 2558 quod
811 2511 850 2548 in
880 2511 1068 2549 nonnullis
1096 2511 1363 2559 exemplaribus

304 2558 522 2607 illiclegitur
537 2587 546 2600 ‚
557 2559 781 2597 madentibus
791 2561 960 2609 scatebris
974 2591 983 2606 ,
993 2561 1169 2610 glossema
1184 2562 1233 2599 est
1247 2564 1309 2597 τοῦ
1320 2562 1364 2599 li-

307 2609 484 2658 quacibus.
513 2610 574 2647 De
595 2611 779 2659 ejusmodi
800 2613 953 2651 vocibus
971 2613 1364 2652 nonnihildixiAmo-

307 2671 391 2697 rum
411 2661 470 2698 lib.
495 2674 540 2699 11.
571 2662 673 2711 Eleg.
696 2663 833 2706 Πᾶς.
861 2676 920 2713 23.
948 2665 1164 2702 Hemsms.
1194 2664 1269 2701 Vix
1300 2677 1365 2704 au·

309 2710 381 2747 deo
405 2721 555 2750 mutare.
580 2713 654 2751 vid.
677 2714 723 2752 ad
756 2726 811 2752 11.
832 2717 967 2753 Amor.
991 2728 1068 2753 xvi,
1091 2728 1122 2764 ς.
1168 2714 1228 2752 ubi
1252 2716 1364 2754 etiam

308 2761 479 2799 Francos.
508 2764 736 2814 liquantibus.
775 2766 814 2803 &
843 2766 918 2804 ibid
938 2778 1019 2803 vers
1047 2778 1084 2815 9.
1105 2765 1313 2802 labentibus.
1340 2767 1366 2805 fi

307 2812 400 2861 quid
421 2824 598 2851 novarent
613 2844 622 2859 ‚
651 2819 852 2865 reciperem
875 2829 920 2855 ex
939 2829 1016 2855 uno
1037 2817 1168 2855 codice
1197 2817 1367 2856 Heinfia-

308 2875 362 2902 no
377 2892 387 2908 ,
417 2862 572 2900 ludentes
588 2879 680 2902 rivos
694 2896 704 2911 ,
718 2868 763 2905 de
775 2869 906 2917 quibus
918 2870 1060 2917 egimus
1076 2869 1178 2917 supra
1192 2868 1298 2916 Epist.
1313 2882 1368 2908 tx.

308 2926 370 2965 53.
400 2914 532 2952 eadem
554 2917 705 2954 varietas
728 2932 761 2955 v.
783 2921 877 2957 Met.
901 2921 984 2969 387.
1038 2920 1303 2958 Buammsrus.

368 2977 449 3012 179.
460 2970 488 3001 E
492 2979 542 3001 cce
554 2975 678 3014 petunt
689 2980 784 3017 rupes
798 2998 808 3013 ,
811 2979 1065 3021 praeruptaque
1078 2973 1169 3021 saxa
1188 2971 1363 3022 capellam]

312 3016 521 3054 Concursus
550 3018 609 3054 ille
639 3018 737 3056 idem
772 3021 848 3057 fere
872 3021 1083 3059 sonantium
1122 3022 1363 3070 syllabarum,

309 3077 406 3117 rupes
423 3077 694 3116 praeruptaque,
723 3070 831 3107 scabri
850 3073 940 3120 quid
957 3073 1091 3109 tinnire
1110 3073 1265 3110 videtur.
1287 3086 1366 3111 cer-

310 3128 349 3156 te
369 3119 469 3156 idem
489 3119 634 3156 Heinsii
651 3132 753 3158 aures
772 3121 929 3159 offendit
950 3123 1010 3159 lib.
1037 3135 1067 3159 1.
1089 3123 1184 3159 Met.
1204 3126 1363 3173 719.qui

310 3182 380 3219 pro
401 3179 626 3219 praeruptam
656 3180 774 3220 rupem
802 3183 846 3209 ex
877 3173 984 3210 MSS.
1013 3172 1186 3222 rescripsit
1213 3184 1362 3213 cautem.

311 3230 499 3269 praeterea
518 3230 613 3270 rupes
632 3233 674 3261 ω’
687 3222 780 3271 saxa
796 3232 983 3273 praerupta
1003 3224 1079 3261 fere
1100 3224 1199 3262 idem
1220 3234 1365 3265 notant.

309 3273 349 3311 in
364 3272 545 3310 Voffiano
560 3282 648 3317 erat,
662 3284 794 3310 montes
808 3284 1061 3326 praeruptaque
1067 3275 1173 3324 saxa.
1183 3277 1286 3328 quod
1299 3278 1364 3320 de-

312 3322 415 3362 fendi
431 3322 556 3377 ¹posset
575 3336 621 3365 ex.
633 3325 786 3377 Catonis
807 3326 904 3367 Diris
930 3338 1020 3380 yers.
1044 3338 1127 3379 134.
1350 3323 1364 3328 ”

1406 1443 1563 1483 pererras
1595 1446 1604 1471 t

2351 1160 2460 1217 Po-

1462 1279 1662 1317 Haedorum
1674 1288 1774 1330 pater
1795 1279 1811 1316 ὂ
1823 1279 1917 1327 felix
1931 1309 1941 1326 ,
1961 1279 2157 1329 semperque
2168 1279 2286 1323 beatej

1463 1332 1544 1368 sive
1559 1332 1646 1380 petis
1668 1342 1799 1368 montes
1808 1341 2007 1382 praeruptos
2020 1359 2029 1375 ‚
2049 1330 2142 1379 saxa
2158 1340 2349 1381 pererrans.

1412 1382 1488 1420 Ubi
1509 1383 1681 1428 mallem,
1701 1381 1779 1433 five
1799 1393 1915 1432 petens
1947 1393 2078 1420 montes
2099 1391 2352 1432 praeruptaque
2372 1381 2468 1430 saxa

1658 1446 1745 1472 nam
1773 1444 1929 1484 pererras
1954 1436 2003 1472 *in
2034 1433 2162 1472 codice
2209 1434 2326 1471 veteri
2361 1434 2467 1470 inve-

1414 1486 1468 1523 nit
1497 1484 1681 1524 Heinfius.
1718 1488 1756 1523 ἃ
1779 1497 1911 1523 montes
1934 1487 1973 1523 δε
2009 1493 2103 1533 rupes
2131 1485 2255 1534 passim
2291 1495 2466 1522 commu-

1412 1544 1546 1574 tantur.
1576 1538 1625 1574 ita
1657 1549 1710 1574 1v.
1735 1537 1825 1574 Fast.
1864 1550 1947 1587 511.
1984 1535 2167 1584 Redigebat
2205 1546 2285 1585 rupe
2311 1535 2468 1585 capellas.

1414 1588 1476 1626 ubi
1493 1587 1574 1632 alii,
1593 1599 1717 1626 monte.
1730 1587 1882 1635 scopulos
1895 1598 2149 1638 praeruptaque
2160 1587 2253 1635 saxa
2273 1587 2468 1637 conjungit
2541 1584 2544 1588 ’

1417 1639 1522 1677 Silius
1542 1640 1602 1676 lib.
1624 1651 1668 1676 11.
1689 1651 1746 1688 33.
1775 1640 1813 1676 in
1832 1640 1905 1676 alio
1928 1639 2058 1677 codice
2088 1646 2187 1680 erat,
2214 1651 2341 1676 ramos.
2367 1637 2467 1676 unde

1416 1689 1605 1734 Heinsius,
1618 1691 1856 1739 camponlatet
1868 1690 2016 1740 aliquid.
2044 1690 2140 1727 forte
2153 1717 2163 1734 ‚
2177 1688 2467 1738 dumospraerup-

1414 1742 1645 1832 {tguelfhxd
1682 1742 1730 1780 fic
1757 1741 1900 1791 dumosa
1917 1743 2012 1792 saxa
2039 1754 2075 1778 x.
2104 1741 2200 1778 Met.
2229 1752 2312 1790 535.
2338 1738 2469 1789 Virgilq

1466 1854 1623 1904 Dumosa
1643 1856 1684 1893 de
1706 1865 1786 1907 rupe
1797 1855 1916 1908 procul
1927 1855 2072 1907 pendere
2089 1853 2224 1894 videbo-s

1415 1933 1481 1960 111.
1494 1921 1734 1972 Georg.315.

1519 1977 1566 2009 Et
1583 1985 1745 2013 amantes
1762 1974 1877 2011 ardua
1898 1973 2029 2012 dumos.

1416 2023 1629 2062 Columella
1649 2026 1710 2063 lib.
1731 2038 1803 2063 vu.
1824 2038 1901 2074 cap.
1923 2027 1957 2063 6.
1979 2026 2025 2063 de
2045 2025 2210 2074 Caprino
2233 2035 2369 2074 pecore
2383 2051 2394 2068 ‚
2432 2023 2470 2060 ia

1413 2089 1518 2124 genus
1538 2076 1682 2112 dumeta
1700 2076 1814 2126 potius
1836 2091 1945 2126 quam
1975 2077 2189 2126 campestrem
2205 2075 2317 2126 situm
2347 2073 2471 2127 desidet

1417 2136 1487 2164 rat.
1514 2139 1586 2166 eye.
1615 2129 1783 2166 Avienus
1803 2129 1841 2166 in
1866 2129 1944 2166 Ora
1965 2129 2141 2166 Maritina
2158 2127 2216 2171 iss.
2240 2139 2325 2175 217.

1469 2191 1596 2228 Hirtae
1618 2192 1674 2229 hie
1694 2193 1839 2242 capellae
1851 2223 1861 2238 ‚
1890 2205 1933 2233 θ’
1950 2192 2085 2230 multus
2103 2191 2223 2229 ineolis
2241 2200 2337 2242 caper

1471 2243 1628 2292 ‚Durnosa
1640 2243 1773 2294 semper
1790 2245 2002 2282 intererrant
2020 2243 2192 2294 cespitum.

1419 2307 1535 2344 Dumi
1564 2319 1654 2345 vero
1684 2311 1848 2348 maxime
1877 2311 1914 2347 in
1946 2310 2093 2359 rupibus
2123 2311 2162 2347 ὅ(
2196 2309 2398 2348 montibus.
2424 2308 2472 2348 fic

1421 2359 1614 2396 Ammian.
1626 2371 1712 2396 xxv.
1725 2373 1759 2398 2.
1785 2361 1972 2409 Coae‘lique
1983 2361 2030 2396 ad
2042 2374 2096 2396 eas
2107 2360 2356 2410 perfi’quendas
2368 2361 2473 2410 scan-

1421 2409 1498 2446 clere
1518 2409 1625 2446 clivos
1635 2410 1823 2458 sublimes,
1837 2410 1972 2460 etiamst
1990 2411 2204 2461 lapsantibus
2218 2411 2352 2459 plantis
2365 2441 2374 2457 ,
2389 2415 2474 2458 fra.-

1420 2461 1523 2497 tieeta
1542 2462 1735 2510 prensando
1765 2463 1824 2499 vel
1855 2463 1977 2499 dumos
2003 2490 2013 2507 ‚
2060 2462 2109 2498 ad
2138 2462 2283 2498 vertices
2312 2463 2475 2501 venerint

1411 2513 1579 2561 surnmos.
1593 2512 1686 2560 saxa
1705 2514 1883 2553 &dumos
1910 2513 2105 2564 conjungit
2126 2512 2232 2551 Silius
2248 2513 2310 2552 lib.
2329 2527 2365 2552 v.
2384 2526 2470 2563 459.

1419 2563 1685 2602 Boni-rannus.

1476 2615 1665 2661 180.Jam
1684 2614 1876 2666 referunt]
1905 2622 1949 2653 Ut
1967 2618 2120 2664 refierant
2138 2616 2244 2654 multi
2265 2628 2310 2654 ex
2327 2615 2474 2665 scriptis.

1422 2665 1483 2703 sed
1504 2667 1639 2715 Regius
1663 2668 1701 2704 ὃς
1720 2668 1779 2705 sex
1800 2668 1884 2712 alii,
1913 2669 2006 2713 Jam
2024 2670 2181 2715 referent.
2201 2668 2306 2706 bene.
2327 2667 2474 2707 HEINS.

1422 2717 1594 2755 Francius
1616 2719 1841 2767 corrigebat,
1869 2724 1952 2755 Eece
1962 2721 2100 2765 ferunt.

1479 2768 1560 2806 181.
1590 2769 1801 2807 Modulatur
1837 2770 2012 2806 arundine
2039 2769 2222 2820 carmem]
2271 2770 2476 2808 Moderatur

1421 2819 1538 2866 Jureti
1559 2830 1752 2870 excerpta,
1781 2821 1819 2858 ὃς
1840 2822 1948 2859 multi
1966 2821 2035 2859 alii.
2065 2822 2258 2859 meditatur
2279 2833 2372 2859 unus
2390 2823 2474 2859 Me-

1423 2870 1559 2908 diceus.
1596 2872 1699 2921 quod
1730 2871 1859 2920 placet.
1896 2881 1936 2910 ut
1964 2873 2072 2910 initio
2114 2873 2241 2920 Tityri
2269 2871 2474 2923 Virgiliani.

1424 2921 1649 2961 Hfimsms.
1677 2924 1794 2961 Libro
1815 2932 1941 2962 tamen
1964 2937 1990 2961 1.
2013 2925 2144 2961 Amor.
2168 2924 2271 2973 Eleg.
2287 2935 2318 2962 1.

1475 2974 1580 3024 Musa
1596 2983 1656 3024 per
1677 2975 1830 3011 undenos
1848 2975 2082 3012 emodulanda
2097 2975 2208 3024 pedes.

1421 3024 1470 3062 Et
1499 3025 1723 3062 modulatum
1751 3039 1892 3062 carmen
1921 3027 2091 3074 proprie,
2137 3027 2241 3076 quod
2268 3026 2314 3064 ad
2339 3026 2472 3065 modos

1421 3076 1580 3114 musicos
1600 3077 1648 3114 est
1675 3075 1860 3114 exactum.
1888 3077 2084 3114 Suetonius
2112 3079 2208 3126 Aug.
2238 3089 2315 3126 cap.
2347 3091 2404 3127 57.
2434 3079 2472 3115 δε

1421 3126 1564 3164 Neron.
1586 3139 1648 3174 42.
1683 3127 1810 3164 Florus
1841 3129 1880 3165 δε
1912 3128 1983 3166 alii.
2012 3128 2097 3166 vide
2126 3137 2254 3166 tamen
2277 3130 2315 3166 &
2345 3129 2390 3167 ad
2420 3140 2473 3166 XI.
2515 3135 2519 3148 ¹

1420 3176 1516 3215 Met.
1544 3190 1622 3226 154.
1674 3177 1940 3218 BuRMANNus.

1476 3228 1556 3277 185.
1585 3228 1686 3277 Qtid
1704 3229 1967 3280 ctmzsuppofites
1975 3231 2126 3280 fugiunt
2146 3231 2311 3268 examina
2319 3228 2469 3279 sumen]

1419 3278 1601 3329 suppositos
1618 3290 1719 3317 taxos
1737 3281 1852 3328 Jureti
1872 3290 2053 3331 excerpta.
2082 3281 2270 3332 compositos
2289 3291 2386 3318 taxos
2398 3280 2469 3317 Pu-

1417 3338 1580 3385 teaneus3
1608 3332 1745 3383 Regius
1758 3360 1770 3382 ‚
1792 3331 1979 3383 compofitos
1988 3338 2121 3387 fumos.
2174 3335 2282 3382 Lego
2293 3360 2304 3378 ‚
2323 3327 2470 3381 sttppffi-

2415 3390 2473 3419 tas
