2553 3676
658 186 1184 252 AMORUM
1255 191 1430 246 LIB}

1502 195 1571 249 ΙΙ.
1653 209 1736 264 13.‘
2103 216 2201 269 441

250 304 274 340 t
283 305 310 356 5
350 286 482 344 Huc
507 283 696 340 adhibe
718 280 923 339 vultus;
957 277 1012 332 &
1035 277 1090 331 in
1116 279 1221 331 unit
1243 296 1402 351 parce
1427 281 1664 339 duobus:

426 359 563 412 Nam
585 353 748 407 vitam
774 350 1024 404 dominae
1052 362 1111 403 tu
1135 349 1311 412 dabis;
1352 353 1436 406 illa
1459 355 1606 409 mihi.

354 430 521 498 Saepe
545 424 641 478 tibi
662 423 797 477 sedit
822 422 980 476 certis
1010 436 1225 493 operata
1249 422 1463 487 diebu8‚

421 498 544 568 Qua
570 497 736 566 cingit
760 495 931 549 lauros
957 493 1161 549 Gallica
1184 506 1358 549 turma
1380 508 1510 550 tuas.

345 571 546 641 Tuque
569 568 864 622 laborantes
887 581 1044 622 utero
1069 567 1309 621 miserata
1333 569 1555 640 puellam,

239 661 309 696 20

54 841 151 887 ’tius;
178 841 217 880 &
236 840 472 880 Bersmannus
489 842 765 881 illustraverunt.
791 841 922 880 eadem
942 842 1094 880 varietas

61 891 111 931 cst
128 893 224 941 apud
240 893 327 930 Stat.
350 905 419 930 ΧΠ.
443 893 527 931 618.

106 944 227 980 Mittit
244 943 283 979 in
303 955 405 980 arma
423 957 550 981 manus
564 943 756 993 genialibus
776 943 904 992 hospita
926 942 1042 988 divis,

107 994 210 1030 Icarii
227 994 383 1044 Celeique
398 994 518 1031 domas
532 1024 542 1039 ‚
569 995 767 1043 viridesque
786 993 974 1030 Melaenae.

55 1043 134 1083 Ubi
148 1044 230 1082 MS.
247 1043 444 1093 gentilibus.
464 1045 549 1083 vide
570 1046 609 1082 &
634 1058 662 1083 1.
683 1047 764 1082 Art.
784 1057 863 1092 ης.
883 1043 1070 1082 BURMAN.

105 1107 140 1144 9.
169 1102 211 1132 In
228 1095 358 1145 alveo.]
384 1097 500 1134 Vetus
520 1098 558 1134 δε
581 1096 661 1134 sana
681 1095 792 1132 leffio
813 1095 861 1132 est
875 1123 885 1139 ‚
905 1094 965 1131 Ab
985 1094 1096 1133 alveo.

55 1138 258 1196 Synaerefis
283 1154 406 1183 autem
429 1147 501 1191 est,
528 1146 637 1183 alveo.
666 1146 723 1183 Sic
750 1145 876 1183 Tibul.
896 1158 960 1182 111.
987 1157 1016 1182 1.
1035 1158 1096 1194 49.

103 1202 194 1233 Rure
216 1196 303 1233 levis
319 1211 424 1233 verno
433 1196 536 1247 flores
557 1197 628 1246 apis
650 1195 771 1245 ingerit
793 1196 903 1233 alveo.
918 1196 1095 1234 MARms.

51 1244 115 1285 'Ab
139 1247 237 1284 alveo
255 1247 466 1296 legendum.
490 1248 707 1285 Cioffluus.
736 1253 779 1282 In
794 1246 894 1282 alveo
912 1247 1095 1285 meliores.

51 1296 264 1336 H1-21Ns1us.
294 1302 347 1336 lta
372 1311 523 1348 quoque
552 1298 751 1347 legendum
781 1297 900 1334 censet
924 1297 1096 1335 Celeber-

53 1348 167 1386 rimus
188 1348 372 1396 Bentlejus
395 1349 440 1386 ad
462 1350 594 1387 Horat.
616 1349 675 1386 lib.
694 1361 758 1386 111.
777 1348 852 1385 Od.
874 1359 933 1395 29.
953 1359 1009 1396 34.
1036 1348 1095 1386 sed

53 1397 202 1447 dilapsus
227 1399 271 1435 ab
297 1399 396 1435 alveo
424 1400 514 1437 mihi
541 1398 821 1448 praeferendum
843 1398 929 1436 ideo
952 1397 1096 1437 videtur

53 1449 138 1496 quia
156 1449 256 1498 supra
277 1450 426 1487 Deltam
446 1450 551 1488 Nilus
567 1462 642 1487 uno
662 1450 770 1487 alveo
785 1478 794 1494 ‚
810 1450 848 1486 &
869 1449 944 1486 lato
964 1449 1094 1495 fluens,

52 1499 186 1537 deinde
212 1500 250 1537 in
278 1500 416 1549 septem
449 1513 512 1538 ora
542 1501 577 1538 se
605 1501 767 1538 scindens
792 1528 802 1544 ‚
842 1511 953 1548 vagus
983 1508 1093 1548 atque

51 1548 222 1598 dispersus
249 1562 313 1599 per
340 1563 495 1588 omnem
528 1553 742 1600 Aegyptum
763 1552 823 1593 it;
860 1558 901 1587 ut
928 1549 1092 1588 describit

50 1598 155 1638 Mela
181 1600 241 1638 lib.
272 1613 302 1638 1.
331 1612 408 1649 cap.
438 1614 474 1649 9.
509 1601 675 1639 dilabitur
709 1613 795 1650 ergo
824 1612 845 1637 a
878 1599 952 1637 lato
983 1601 1090 1638 alveo

0 1659 1 1669 ¹
51 1649 91 1688 in
118 1650 256 1699 septem
282 1651 432 1694 fluvios,
461 1653 499 1688 &
530 1663 593 1699 per
618 1651 756 1699 septem
784 1658 909 1699 portus
933 1652 969 1688 in
990 1663 1091 1689 mare

52 1701 251 1738 evolvitur.
277 1712 399 1749 neque
426 1702 485 1739 hic
504 1702 632 1750 septem
653 1710 795 1750 portas,
822 1700 925 1750 quod
950 1701 988 1738 in
1018 1702 1092 1739 Re-

48 1750 114 1798 gio
144 1751 183 1788 &
209 1751 500 1788 Francosuttenfi
521 1751 654 1795 exstat,
684 1763 768 1789 cum
792 1751 927 1788 eodem
948 1750 1094 1789 Bentle-

43 1800 91 1849 jo
112 1826 124 1844 ‚
159 1800 220 1838 sed
241 1809 360 1850 portus
387 1802 550 1849 legerim.
577 1803 663 1850 quia
689 1802 825 1851 singula
853 1801 939 1838 ostia
966 1811 1092 1849 portus

49 1858 282 1898 opportunos
320 1852 467 1888 faciunt.
503 1850 577 1888 vid.
608 1852 719 1899 Epist.
750 1865 828 1888 xiv.
861 1861 940 1897 107.
968 1853 1089 1890 immo

49 1902 178 1938 omnia
195 1900 283 1938 ostia
303 1900 500 1939 fluviorum
521 1912 587 1949 pro
606 1902 782 1949 portubus
799 1901 878 1938 sunt
891 1929 900 1944 ‚
917 1902 1001 1949 quia
1020 1904 1090 1941 tuti

49 1950 100 1989 ibi
116 1951 309 1989 creduntur
321 1951 745 2001 navigantes‚postquam
759 1951 885 2001 jactati
904 1951 1003 1989 fuere
1021 1965 1090 1990 un-

51 2000 106 2040 dis
132 2003 171 2040 ὃς
198 2003 326 2040 ventis.
354 2001 403 2040 sic
431 2011 528 2040 cette
558 2002 702 2040 Servius
724 2004 769 2040 ad
787 2002 844 2040 illa
866 2002 1011 2051 Virgilii
1029 2003 1089 2042 lib.

49 2062 125 2097 svn.
147 2053 303 2090 Aeneid.
321 2065 405 2091 201.

104 2101 276 2140 Fluminis
294 2103 447 2152 intrastis
467 2103 577 2153 ripas,
601 2111 770 2152 portuque
777 2102 917 2151 sedetis.

48 2151 151 2192 ‘cante
192 2154 282 2190 enim
322 2162 380 2202 pro
416 2163 518 2204 portu
555 2163 630 2190 erat
665 2153 737 2189 illic
773 2154 887 2190 exitus
918 2152 1091 2202 fluminis.

6 2199 8 2205 ’
50 2203 295 2253 Rythmicum
325 2214 508 2253 praeterea
533 2204 676 2242 versum
702 2202 868 2242 redderet
888 2215 987 2250 vox,
1010 2215 1091 2255 por-

49 2263 115 2293 tas.
143 2255 406 2293 BURMANNUS.

105 2317 163 2344 10.
183 2311 249 2342 Per
255 2306 382 2355 fiptem
397 2315 516 2356 portus
531 2306 569 2342 in
585 2305 693 2344 maris
712 2305 784 2342 exit
801 2305 943 2357 aquas]
964 2307 1091 2345 Ostio-

49 2367 132 2444 Eum
160 2357 237 2395 Nili
262 2357 418 2395 nomina
444 2358 573 2395 notavi
601 2358 638 2395 in
666 2356 841 2395 observat.
867 2358 905 2395 in
931 2358 1090 2398 Metam.

87 2419 266 2446 onANus.

107 2470 163 2496 11.
188 2465 252 2495 Per
276 2457 454 2495 Anubidis
479 2458 579 2508 ora.]
607 2457 792 2495 Arnobius
808 2457 869 2495 lib.
890 2469 942 2495 vx.
959 2458 1087 2497 adver-

12 2533 13 2543 *
44 2506 259 2604 ={usgelntes
286 2509 334 2548 fic
365 2509 410 2547 de
443 2508 646 2547 Anubide:
684 2508 822 2545 Anubis
851 2508 978 2545 canina
1008 2523 1087 2547 cum

12 2583 14 2602 2
68 2570 146 2597 acte.
196 2572 289 2598 DEM.

107 2620 160 2647 η.
185 2609 327 2660 Ofiris.]
356 2610 416 2648 De
447 2609 591 2648 Osiride
610 2637 621 2655 ‚
656 2609 741 2648 vide
770 2619 864 2659 quae
893 2611 1023 2648 notavi
1047 2611 1086 2648 iri

13 2649 15 2654 Α
51 2658 206 2703 Metam.
224 2661 283 2698 lib.
304 2674 356 2698 tx.
386 2661 500 2699 IDEM.

105 2722 162 2760 13.
188 2711 368 2763 Circum]
398 2712 506 2759 circa,
520 2711 702 2750 meliores.
728 2710 941 2749 Hnmsxus.

104 2772 163 2808 14.
191 2767 232 2798 In
255 2763 415 2813 pompa]
447 2769 488 2799 In
510 2771 669 2811 pompam
700 2769 769 2799 tres
798 2762 926 2811 scripti.
962 2761 1083 2809 reste,

51 2814 93 2849 'ut
111 2819 213 2859 puto.
233 2812 342 2861 Epist.
363 2825 476 2852 xvin.
495 2818 555 2850 60.

105 2866 149 2896 Ut
173 2874 274 2897 comes
300 2863 338 2900 in
366 2863 492 2911 nostras
518 2862 656 2913 officiosa
684 2862 776 2902 vias.

18 2904 19 2907 ¹
49 2908 310 2949 Buttmmus.

51 3011 55 3015 ‚
107 2972 162 3006 17.
191 2966 286 3010 Saepe
311 2962 374 2999 tibi
396 2964 521 3000 meruit
543 2965 640 3002 certis
657 2974 792 3015 operata
809 2964 962 3016 diebus.]
995 2967 1086 3004 Sunt

53 3011 271 3059 exemplaria
288 3023 400 3060 ,quae
417 3013 583 3061 scriptum
606 3017 740 3054 habent
755 3045 764 3061 ‚
770 3016 865 3065 saepe
884 3017 947 3053 tibi
959 3018 1085 3065 servit.

53 3062 187 3098 Meruit
207 3064 359 3109 exponit
381 3061 663 3103 Commentatot
677 3094 687 3110 ,
709 3079 775 3116 pro
796 3069 1010 3116 promeruit.
1037 3068 1086 3105 Et

53 3110 103 3150 iic
132 3112 307 3160 ellipticos
335 3112 611 3159 accipiendum,
637 3127 703 3162 pro
734 3118 865 3153 Meruit
890 3119 1002 3154 enim.-
1032 3119 1087 3166 ip-

55 3158 208 3211 fiitnque
233 3162 386 3199 verbum
418 3160 437 3197 ἐι
474 3164 600 3199 ceteris
636 3164 937 3213 distinguendum.
981 3168 1034 3206 At
1061 3167 1087 3205 sl

58 3220 125 3298 fro
143 3212 287 3250 servivit
308 3212 480 3260 acci-pias,
506 3211 578 3249 sive
599 3213 787 3259 militavit,
806 3215 826 3253 ὲ,
849 3231 977 3255 mereo:
998 3223 1088 3267 qua-

74 3271 94 3310 ς
120 3261 159 3300 ὃς
183 3261 272 3303 illud
301 3262 440 3301 dietum
471 3262 519 3300 est
538 3289 548 3308 ‚
587 3265 678 3300 Aere
704 3275 833 3301 merem
857 3274 991 3315 parvo,
1019 3281 1093 3321 (γῆς,

420 641 666 713 Quarum
688 640 837 694 tarda
859 640 1023 696 latens
1048 657 1275 712 corpora
1300 640 1475 695 tendit
1499 657 1664 703 onus;

2028 717 2194 772 Lenis

1148 850 1230 880 turn
1260 843 1350 881 nihil
1387 854 1510 892 neque
1546 840 1839 890 distinguendum
1878 851 2000 890 neque
2028 840 2193 888 supplen-

1149 893 1238 931 dum
1260 895 1337 931 erit.
1365 894 1413 931 Et
1433 895 1471 930 in
1496 892 1711 941 quibusdam
1734 894 1846 930 etiam
1868 891 1979 928 Seruit
1993 919 2002 935 ‚
2029 901 2094 937 pro
2117 896 2195 926 Me-

1148 944 1222 980 ruit
1237 944 1380 993 legitur.
1398 944 1578 980 MARms.
1607 942 1682 978 Tibi
1702 943 1796 979 dedit
1815 943 2031 979 Puteaneus.
2056 940 2191 983 Scribe,

1142 994 1247 1041 sedit.
1279 995 1367 1032 alter
1397 993 1569 1030 Mentelii
1591 1021 1602 1037 ,
1636 993 1732 1028 dedit
1760 991 1910 1029 incertis.
1945 1002 2037 1029 unus
2067 1001 2192 1035 meus,

1152 1045 1354 1092 ceditfestis.
1373 1044 1452 1081 Art.
1471 1044 1560 1080 Am.
1583 1055 1644 1080 111.
1662 1043 1746 1091 635.

1202 1101 1293 1132 Cum
1306 1095 1423 1145 sedeat
1443 1093 1593 1131 Phariae
1606 1092 1714 1143 sistris
1733 1102 1867 1143 operata
1882 1094 2066 1142 J'uvencae.

1151 1145 1262 1183 Trist.
1284 1159 1330 1184 11.
1351 1158 1436 1193 297.

1202 1195 1299 1245 Jfidis
1318 1197 1398 1233 aede
1407 1196 1529 1245 sedens
1552 1209 1611 1233 cur
1628 1195 1719 1232 hanc
1740 1195 1907 1233 Saturnia
1928 1203 2068 1245 quaeret

1250 1248 1366 1296 Egerit
1388 1247 1478 1284 Ionio
1496 1247 1710 1296 Bosporioque
1730 1247 1834 1285 mari.

1149 1297 1258 1334 Pont.
1279 1311 1309 1335 1.
1328 1298 1430 1347 Eleg.
1454 1310 1484 1335 1.
1508 1310 1567 1346 52.

1201 1347 1280 1384 Vidi
1298 1362 1350 1396 ego
1367 1377 1377 1394 ,
1405 1347 1565 1398 linigerae
1583 1362 1713 1385 numen
1724 1347 1863 1398 peccasse
1872 1349 2049 1394 fatentem

1255 1397 1350 1446 Isidis
1363 1428 1372 1443 ‚
1403 1398 1520 1448 Jfiacos
1536 1409 1619 1436 ante
1629 1400 1746 1448 fi’dere
1756 1400 1860 1446 fhcos.

1150 1448 1292 1487 Tibull.
1317 1462 1348 1489 1.
1366 1450 1468 1499 Eleg.
1490 1463 1553 1488 111.

1200 1506 1244 1536 Ut
1261 1514 1338 1536 mea
1356 1501 1498 1538 votivas
1511 1501 1704 1551 persolvens
1724 1499 1826 1537 Delia
1847 1501 1956 1536 nolles

1252 1554 1351 1588 Ante
1361 1551 1480 1600 fizcras
1502 1552 1571 1588 lino
1593 1555 1682 1589 tella
1694 1554 1786 1598 fores
1795 1551 1925 1599 sedeat.

1147 1599 1274 1649 Atque
1301 1602 1391 1640 haec
1419 1602 1464 1640 de
1490 1602 1592 1639 sacris
1620 1602 1730 1640 Isidis.
1760 1601 1830 1639 Sed
1858 1602 1895 1638 ὅ(
1916 1598 2194 1650 quibuscunque

1146 1650 1185 1687 in
1205 1652 1348 1700 templis
1368 1652 1537 1690 sedebant
1554 1661 1737 1701 operatae.
1763 1652 1891 1700 Virgil.
1910 1651 1968 1687 lib.
1990 1663 2031 1688 11.
2057 1663 2138 1699 515.

1199 1702 1265 1738 Hic
1282 1702 1419 1739 Hecuba
1440 1715 1482 1742 cy
1495 1713 1623 1752 gnatae
1646 1702 1874 1752 nequicquam
1891 1700 2023 1737 altaria
2038 1701 2166 1739 circum
2176 1704 2192 1748 ,'

1199 1752 1399 1802 Praecipites
1418 1754 1501 1790 atra
1521 1767 1578 1790 ceu
1597 1754 1787 1803 tempestate
1803 1751 1977 1789 columbae
1989 1779 2000 1794 ,

1198 1803 1406 1853 condensae,
1417 1817 1460 1843 ω’
1473 1804 1601 1841 divum
1619 1805 1797 1853 amplexae
1803 1802 2009 1852 simulacra,
2014 1800 2191 1849 sedebant.

1147 1851 1205 1888 Sic
1224 1855 1439 1893 veterrimus
1461 1853 1664 1892 Mediceus.
1692 1866 1782 1891 mox
1801 1853 1919 1890 dicet:

1196 1903 1394 1941 Abdiderat
1405 1904 1475 1954 sese
1494 1915 1599 1956 atque
1616 1905 1686 1942 aris
1704 1903 1820 1951 invisa
1832 1901 1984 1952 sedebat.

1144 1952 1258 1999 Julius
1289 1956 1503 2004 Obsequens
1532 1968 1608 2005 cap.
1640 1967 1698 2002 71.
1727 1956 1930 1991 Terracinae
1950 1954 1987 1990 in
2010 1953 2091 1990 aede
2112 1953 2188 1990 Mi-

1145 2016 1273 2041 nervae
1301 2005 1460 2042 mulieres
1484 2017 1573 2050 tres,
1602 2019 1689 2055 quae
1715 2014 1866 2054 operatae
1885 2003 2052 2052 sedebant
2071 2033 2081 2048 ,
2108 2005 2188 2051 ful-

1145 2053 1240 2090 mine
1267 2056 1500 2093 exanimatae.
1536 2057 1575 2093 &
1611 2068 1687 2104 cap.
1716 2067 1776 2098 72.
1809 2055 2014 2110 Pestilentia·
2020 2056 2188 2102 fameque
2252 2099 2259 2105 ρ

1145 2103 1198 2139 ita
1228 2104 1424 2144 laboratum
1446 2136 1458 2153 ,
1495 2116 1534 2143 ut
1562 2120 1602 2143 ex
1628 2105 1805 2155 Sibyllinis
1825 2105 1965 2155 populus
1986 2118 2073 2141 clrca
2097 2119 2187 2141 com-

1140 2154 1217 2201 pita
1247 2156 1443 2207 sacellaque
1478 2167 1675 2207 operaturus
1698 2155 1838 2205 fiderit.
1880 2156 2074 2193 Foeminns
2106 2155 2183 2203 Opi

1146 2205 1250 2242 Deae
1278 2207 1442 2245 sedentes
1468 2207 1570 2246 fuiffe
1597 2208 1740 2256 operari
1766 2207 1883 2244 solitas
1911 2219 1956 2244 ex
1988 2206 2183 2243 Macrobio

1147 2257 1401 2304 cognoscimus
1424 2258 1516 2297 libro
1551 2271 1581 2296 1.
1610 2259 1725 2306 capite
1751 2271 1786 2295 x.
1815 2258 1852 2294 ὃς
1872 2257 1959 2305 Jovi
1978 2256 2184 2305 Propertius

1145 2305 1207 2343 lib.
1228 2321 1271 2344 11.
1289 2309 1392 2358 Eleg.
1410 2321 1505 2347 xxix.
1525 2309 1569 2346 ad
1585 2309 1743 2356 Jovem:

1196 2363 1294 2395 Ante
1315 2370 1455 2411 tuosque
1469 2360 1567 2410 pedes
1585 2359 1648 2396 illa
1670 2359 1738 2409 ipsa
1755 2359 1915 2408 adoperta
1926 2357 2077 2407 sedebat.

1144 2408 1220 2446 Ubi
1259 2418 1393 2458 operata
1431 2410 1548 2448 codex
1586 2410 1852 2458 Neapolitanus
1885 2410 1961 2446 satis
1998 2405 2187 2452 vetustus}

1143 2471 1220 2508 quo
1243 2459 1320 2497 sum
1343 2461 1422 2499 usus
1437 2489 1447 2505 ‚
1470 2470 1510 2499 ut
1529 2461 1590 2498 hic
1618 2460 1713 2508 apud
1734 2460 1917 2496 Nasonem
1933 2487 1943 2501 ‚
1971 2458 2112 2495 &loco
2135 2469 2183 2494 ex

1143 2512 1234 2547 Arte
1269 2507 1462 2550 Amatoria
1493 2513 1571 2561 Jain
1605 2509 1798 2558 producto.
1835 2509 2001 2545 Tibullus
2028 2507 2091 2546 lib.
2123 2519 2182 2547 xv.

1141 2559 1337 2598 subfinem
1356 2575 1365 2599 :

1194 2611 1257 2646 Sed
1278 2611 1411 2648 Veneris
1420 2611 1564 2660 sanl‘iae
1585 2609 1752 2659 confidam
1774 2609 1913 2645 vinetus
1931 2609 1980 2645 ad
1997 2621 2111 2646 aram.

1143 2660 1302 2709 Capitol.
1330 2663 1368 2700 in
1394 2663 1580 2700 Pertinace
1596 2691 1605 2706 ‚
1633 2663 1670 2698 in
1697 2660 1816 2709 templo
1838 2660 2030 2696 concordiae
2048 2658 2185 2708 reseditss

1140 2712 1213 2750 huc
1249 2712 1384 2761 spestat
1413 2713 1502 2751 illud
1538 2712 1822 2761 Pythagoricum
1845 2738 1855 2754 ‚
1893 2709 2180 2755 προσκυνήσαντα

1141 2761 1378 2803 ἐπικαθῆσθαι.
1413 2763 1487 2801 vid.
1522 2760 1687 2800 Pass'erat.
1717 2760 1763 2799 ad
1791 2761 1955 2809 Propert.
1984 2772 2064 2809 pag.
2098 2761 2179 2809 366,

1140 2814 1350 2852 Hismsius.

1195 2875 1250 2910 17.
1279 2863 1443 2914 Certis.]
1490 2863 1654 2913 Quidam
1686 2862 1830 2900 codices
1850 2889 1859 2907 ‚
1893 2860 1998 2909 festis.
2036 2861 2176 2899 frustra:

1139 2915 1222 2952 certi
1243 2914 1318 2952 dies
1336 2915 1415 2953 sunt
1435 2914 1535 2959 stati,
1561 2915 1737 2952 solennes.
1758 2913 1846 2950 Fast.
1867 2925 1913 2950 11.
1935 2925 2018 2961 5¹2·

1190 2970 1236 3001 Et
1256 2966 1409 3013 reserant
1428 2966 1509 3002 certi
1519 2965 1622 3014 fizcra
1633 2974 1780 3013 paterna
1799 2963 1880 3001 dies.

1141 3016 1189 3054 Et
1209 3017 1247 3054 in
1271 3015 1361 3054 Ibid.
1380 3016 1461 3063 467⁴
1481 3016 1543 3053 ubi
1564 3015 1725 3052 similiter
1741 3023 1932 3062 peccatum
1952 3021 2047 3050 etat:

1190 3072 1271 3104 Aut
1288 3077 1320 3103 te
1342 3067 1512 3104 devoveat
1530 3066 1627 3103 certis
1650 3065 1792 3102 Abdera
1810 3064 1936 3100 diebus.

1142 3119 1223 3156 Lex
1245 3130 1318 3155 ΧΠ.
1340 3117 1477 3155 Tabul.
1504 3123 1691 3166 Certasque
1703 3116 1841 3163 fruges,
1869 3124 2038 3161 certasque
2058 3111 2177 3165 baccas

1142 3169 1332 3205 Sacerdotes
1344 3167 1477 3217 publice
1492 3166 1623 3203 libanto
1637 3194 1647 3210 ,
1676 3166 1774 3201 certis
1782 3163 1959 3212 fizcrtficiis
1983 3175 2023 3196 ac
2047 3160 2176 3216 dtebus.

1142 3219 1213 3266 Jul.
1227 3218 1376 3256 FirmiC.
1385 3218 1430 3256 de
1445 3218 1575 3255 Errore
1596 3217 1711 3264 Relig.
1732 3220 1777 3251 Et
1796 3227 1870 3250 cum
1892 3213 1971 3246 baec
1991 3222 2085 3246 ccrtts
2104 3211 2177 3247 dte-

1147 3269 1208 3308 bm
1232 3268 1392 3325 set-grint,
1422 3268 1632 3308 HmNSius,
1656 3264 1834 3352 ἒΊΙΞΕΙΓΟῙ).
1866 3273 1927 3303 111.
1954 3261 2093 3299 Saturn.
2123 3273 2185 3360 IEzst

1760 3325 1774 3351 ἶ
2174 3352 2186 3360 i
