2553 3676
717 163 1634 242 HAL‘IEUT'ICON.

2181 209 2274 262 779
2300 259 2302 261 .

348 293 350 295 '
418 277 664 350 ‘Vimque
687 274 1020 345 modumque
1044 273 1120 326 sui
1146 291 1159 326 ε
1200 273 1269 329 fic
1298 274 1354 329 &
1377 274 1563 331 Scarus
1588 286 1699 330 arte
1722 274 1814 329 sub
1838 278 2022 344 undiS,

316 366 386 403 110
422 348 641 412 Incidit,
680 348 1115 417 adsumptamque
1138 345 1267 397 dolo
1293 347 1511 401 tandem
1536 360 1689 418 pavet
1715 346 1901 405 escam.

418 422 547 476 Non
571 420 730 475 audet
753 416 911 470 radiis
937 415 1134 470 obnixu
1158 433 1444 470 occurrere
1467 420 1675 484 fronte,

410 491 652 546 —Aversus
676 488 867 542 crebro
893 489 1074 542 vimen
1097 487 1188 542 sed
1214 487 1436 542 verbere
1461 489 1663 545 caudae

423 564 632 617 Laxans
655 560 987 634 subsequitur
1012 599 1027 624 ,
1077 572 1362 632 tutumque
1387 559 1565 613 evadit
1590 562 1645 614 in
1668 582 1882 637 aequor.

335 670 339 675 .
409 633 571 705 Quin
595 633 755 688 etiam
781 633 819 687 fi
846 633 988 688 forte
1015 632 1226 706 aliquiS,
1264 633 1395 687 dum
1419 649 1561 704 pone
1586 645 1819 697 nataret,

126 850 250 881 tamen
271 842 361 882 dixit
379 842 439 881 lib.
461 854 518 881 11.
546 842 628 881 Art.
652 855 680 881 1.
705 841 766 880 sed
787 841 836 880 ibi
855 842 900 881 ad
921 854 1006 881 aves
1027 843 1172 893 respici-

124 901 205 938 tur,
232 894 294 943 qui
317 894 479 930 decidunt
496 895 640 943 proprie
661 893 706 930 de
729 892 848 930 coelo.
903 892 1035 931 Bunm.

125 955 236 1029 νΙΟ.
262 944 595 995 Affumptamque.]
639 943 784 998 Forte,
818 944 1044 993 >astutamque
1086 944 1172 983 dolo.

166 1005 316 1032 unus,

177 1055 233 1080 12.
261 1044 419 1093 Aversus
442 1043 552 1081 crebro
565 1043 633 1093 fieb
663 1042 800 1080 verbere
820 1044 950 1080 caudae
972 1072 982 1088 ‚
1021 1049 1165 1080 Laxans

114 1092 358 1144 subsequitur,
395 1105 580 1145 tutumque
604 1094 726 1131 evadit
754 1094 792 1130 in
811 1093 974 1144 aequom]
1004 1095 1165 1133 Achilles

122 1143 256 1183 Statius
276 1157 322 1182 ex
340 1145 462 1183 Plinio
484 1144 744 1195 corrigendum
763 1152 886 1194 putat:

172 1224 274 1235 -—
300 1208 364 1245 Sed
382 1208 520 1253 verbere
540 1209 681 1246 caudae.

117 1268 254 1307 Probo.
285 1270 393 1308 Plinii
410 1278 534 1308 autem
553 1272 644 1308 haec
660 1269 769 1306 verba
789 1268 869 1306 sunt
894 1267 954 1306 lib.
974 1280 1062 1306 xxx.
1088 1280 1165 1317 cap.

126 1331 182 1357 11.
210 1326 352 1357 Scarum
372 1320 542 1367 inclusum
561 1318 660 1368 naffis
679 1332 746 1355 non
756 1320 875 1365 fronte
892 1328 1062 1368 erumpere
1075 1347 1085 1364 ,
1108 1332 1166 1355 nec

120 1368 250 1415 infestis
270 1369 463 1406 viminibus
484 1379 583 1419 caput
601 1369 742 1418 infierere
754 1396 764 1412 ,
784 1368 847 1416 fied
855 1369 1016 1417 aversum
1037 1369 1167 1405 caudae

119 1419 244 1456 ifft'ibus
255 1419 378 1456 crebris
396 1420 518 1456 laxare
528 1421 619 1467 fores
633 1430 758 1468 ,atque
774 1419 826 1456 ita
845 1422 1030 1468 retrorsum
1045 1433 1160 1456 erum-

112 1476 201 1517 pere.
252 1472 366 1518 Qem
393 1469 566 1506 luctatum
596 1471 666 1519 ejus
677 1469 812 1519 sisbrte
842 1469 933 1506 alius
956 1475 1078 1506 Scarus
1101 1483 1161 1506 ex-

118 1518 284 1567 trinsecus
310 1519 431 1556 videat
454 1548 465 1564 ,
501 1521 705 1570 apprehensa
725 1519 896 1557 mordicus
918 1520 1029 1556 cauda
1057 1520 1161 1569 adju-

119 1581 207 1605 vare
234 1569 336 1606 nixus
366 1571 582 1619 erumpentis.
636 1573 726 1618 Quo
753 1571 841 1607 loco
864 1598 875 1614 ,
912 1582 1026 1618 quem
1053 1571 1159 1608 nullis

115 1619 392 1667 propemodum
410 1621 613 1658 immutatis
632 1621 747 1658 verbis
765 1620 808 1658 ab
838 1621 981 1658 Ovidio
1013 1629 1160 1658 mutua-

110 1676 175 1706 tus
196 1670 245 1707 est
263 1670 422 1714 Plinius,
449 1672 560 1708 amici
586 1671 748 1708 hominis
779 1670 990 1718 conjeecura
1019 1672 1158 1708 nititur.

117 1723 241 1756 Scarus
275 1728 399 1758 autem
439 1722 599 1759 marinus
639 1722 678 1758 &
719 1721 869 1758 saxatilis
902 1721 951 1758 est
973 1749 984 1766 ,
1041 1721 1157 1759 dietus

114 1766 192 1805 ἀπὸ
222 1770 288 1806 τοῦ
310 1771 486 1816 σκαίρειν,
521 1771 623 1821 quod
646 1771 746 1808 salire
769 1770 844 1814 est3
890 1771 974 1815 vel,
1002 1779 1043 1808 ut
1074 1772 1157 1815 alii,

113 1818 284 1867 pascere:
313 1823 481 1869 quamvis
498 1823 536 1859 in
554 1834 601 1859 eo
619 1820 820 1870 significatu
844 1821 906 1858 vix
935 1822 1156 1869 reperiatur:

115 1867 242 1907 dentes
259 1869 407 1909 serratos
425 1883 502 1920 non
528 1872 637 1909 habet
659 1871 947 1921 pefflnatimque
966 1875 1158 1916 coeuntes,

114 1927 158 1956 ut
176 1921 288 1958 ceteri
308 1922 442 1969 pisces,
469 1921 528 1959 sed
548 1922 675 1970 planos
688 1949 699 1965 ,
727 1922 765 1958 δε
786 1922 900 1967 latos,
926 1921 1091 1970 solusque
1104 1923 1160 1960 in-

108 1975 170 2006 ·ter
187 1970 298 2018 pisces
318 1973 499 2017 ruminat,
527 1979 568 2009 ut
594 1972 687 2009 infra
704 1971 864 2009 dicturus
896 1972 945 2009 est
977 1972 1156 2010 Ovidius:

115 2018 193 2066 alga
216 2047 226 2064 ‚
262 2021 449 2071 herbisque
476 2021 632 2069 vescitur
654 2035 662 2058 :
703 2021 908 2059 Coriandro
935 2021 1158 2066 deleemtur,

113 2076 155 2105 ut
172 2069 316 2107 Aristot.
328 2071 387 2108 lib.
405 2084 417 2108 1
430 2084 458 2109 1.
470 2072 529 2109 De
540 2072 617 2109 hist.
635 2072 842 2119 Animcap.
862 2084 952 2111 xm.
969 2073 1029 2110 ait.
1044 2073 1158 2110 Hunc

113 2127 240 2156 autem
261 2121 394 2168 piscem
422 2122 471 2159 ob
491 2123 667 2159 eximiam
686 2121 818 2170 saporis
835 2123 988 2170 gratiam
1011 2134 1052 2160 ac
1077 2123 1155 2161 sua-

109 2169 267 2207 vitatem
300 2171 439 2209 Ennius
468 2173 567 2216 Iovis
604 2183 720 2220 paene
755 2173 944 2210 cerebrum
972 2181 1082 2211 vocat
1102 2174 1156 2212 his

113 2218 253 2275 verbis,
281 2232 442 2269 quorum
459 2223 521 2260 hic
539 2234 617 2260 non
635 2222 834 2272 injucunda
855 2224 922 2261 erit
950 2223 1158 2272 repraesen-

110 2275 228 2307 tatto:

165 2329 336 2369 Omnibus
356 2343 395 2370 at
416 2333 562 2383 Clupeae
576 2334 727 2383 praestat
748 2335 907 2382 Mustella
925 2336 1079 2375 marina.

166 2386 288 2416 Mures
297 2382 385 2428 sunt
405 2385 521 2428 Aeni,
546 2385 594 2430 ast
612 2390 710 2433 aspra
731 2386 1007 2434 Ostreaplurima
1021 2388 1153 2436 Abydi.

162 2430 313 2479 Mitylus
323 2459 333 2475 ,
346 2443 389 2470 (φ’
405 2435 527 2469 Ρεὲἶεη
539 2460 550 2477 ,
564 2434 833 2485 Charadruscjue
843 2437 936 2485 apud
945 2437 1156 2476 Ambraciae

285 2494 416 2519 amne&

164 2531 339 2580 Brundufi
353 2538 476 2580 sargus
493 2531 598 2569 bonus
616 2533 658 2580 est
670 2550 680 2570 .·
709 2534 824 2579 hunc,
845 2548 989 2585 magnus
999 2538 1063 2574 erit
1075 2536 1128 2586 si,

167 2586 278 2618 Sume.
305 2583 489 2631 Apriclum
502 2584 625 2632 piscem
639 2584 725 2631 scito
738 2586 892 2634 primum
912 2587 968 2634 esse
991 2588 1152 2631 Tarenti,

165 2633 318 2668 Surrenti
339 2633 514 2681 Lopadas,
536 2633 710 2671 Glaucum
730 2641 862 2672 Cumas
881 2638 987 2685 apud.
1007 2648 1046 2673 at
1067 2638 1153 2687 quid

164 2685 307 2717 scarum
323 2684 482 2732 praeterii
499 2683 669 2720 cerebrum
690 2685 798 2729 Jovis
812 2694 916 2732 paene
928 2688 1103 2737 supremi?

169 2729 315 2778 Nestoris
334 2733 381 2769 ad
393 2733 550 2782 patriam
570 2733 626 2770 hic
647 2735 781 2784 capitur
799 2748 1010 2785 magnusque
1033 2737 1155 2776 bonus-

318 2795 357 2818 ue
370 2799 381 2819 :

169 2796 398 2889 Menalitrum
411 2861 421 2877 ,
446 2833 600 2870 Turdum
613 2861 625 2878 ,
646 2834 890 2887 Merulamque
901 2865 910 2882 ,
925 2837 1157 2888 Umbramque

294 2895 470 2919 marinam
482 2892 498 2920 ἒ

168 2929 313 2978 Polypus
332 2938 497 2980 Corcyrae
509 2962 518 2977 ‚
547 2934 721 2970 calvaria
733 2935 877 2984 pinguia
897 2942 1070 2976 Atarnae.

171 2987 328 3029 Purpura
341 3009 350 3026 ‚
380 2983 550 3020 Muriculi
562 3012 571 3028 ,
598 2991 737 3028 Mures,
752 2986 864 3026 dulces
876 3001 1005 3036 quoque
1016 2989 1151 3028 Echini.

119 3044 183 3083 De
210 3045 318 3082 Scato
346 3046 456 3082 etiam
482 3046 656 3085 Aelianus
687 3061 771 3087 cum
792 3051 897 3096 alibi,
926 3060 1006 3091 tum
1030 3054 1091 3092 lib.
1121 3067 1153 3093 1.

118 3106 198 3142 cap.
226 3107 262 3131 v.
315 3096 482 3132 C10FAN.

177 3156 231 3181 12.
258 3146 414 3192 Aversus
426 3145 533 3182 crebro
545 3147 790 3199 venienssub.]
816 3152 1153 3197 Pliniuslib.x7<XI1.

121 3206 198 3242 cap.
221 3206 254 3231 2.
283 3196 378 3231 Mihi
395 3196 560 3233 videntur
574 3198 687 3239 mira,
714 3212 800 3246 quae
817 3203 967 3240 Ovidius
977 3206 1149 3253 prodidit,

118 3244 261 3294 piscium
284 3245 443 3295 ingenia,
477 3246 517 3284 in
543 3260 577 3285 eo
602 3247 801 3297 volumine,
828 3253 917 3301 quod
937 3254 1154 3297 Halieuticon

2111 720 2263 778 Mitis

1226 840 1426 890 inscribitur
1438 869 1448 885 ‚
1468 841 1610 890 scarum
1628 841 1797 891 inclusum
1816 842 1914 892 naffis
1932 856 1998 881 non
2006 846 2124 891 fronte
2150 853 2266 886 erum&

1221 900 1318 941 pere,
1346 905 1404 928 nec
1422 891 1547 939 infestis
1567 892 1760 929 viminibus
1779 903 1879 943 caput
1895 895 2036 944 inserere
2050 925 2059 940 ,
2078 898 2140 945 sed
2160 913 2265 935 aver-

1218 943 1301 990 sum
1323 942 1450 979 caudae
1466 941 1589 979 iv‘libus
1609 941 1730 978 crebris
1749 942 1869 980 laxare
1880 946 1974 990 fhres
1988 973 1997 989 ,
2015 956 2120 996 atque
2142 948 2265 985 ita-n..

1224 995 1372 1041 trorsum
1391 1001 1571 1042 erumpere.
1600 1005 1701 1042 quem
1730 991 1903 1029 luctatum
1928 997 1998 1044 ejus
2008 994 2146 1044 siforte
2173 998 2268 1036 alius

1223 1048 1344 1080 Scarus
1357 1043 1562 1092 extrinsecus
1571 1043 1712 1086 videat,
1732 1042 1935 1093 apprehensa
1956 1046 2124 1084 mordicus
2151 1050 2263 1086 cauda

1219 1094 1392 1142 adjuvare
1413 1093 1516 1131 nixus
1535 1093 1750 1142 erumpentis.
1778 1094 1884 1131 GESN
1893 1107 1939 1132 ER
1948 1108 2005 1132 us.
2032 1096 2100 1132 Pro
2121 1100 2262 1136 veniens

1221 1144 1304 1181 cod.
1324 1144 1473 1182 Thuan.
1503 1145 1542 1181 δε
1566 1143 1796 1182 Ambrosian.
1833 1144 1964 1182 vimen.
1999 1148 2194 1194 quomodo
2223 1151 2263 1187 &

1221 1193 1396 1231 Eehotius
1423 1195 1461 1231 in
1487 1195 1682 1242 Apophor.
1715 1207 1747 1232 1.
1776 1206 1808 1243 3.
1830 1195 2071 1243 conjectabat.
2097 1197 2135 1234 in
2150 1197 2263 1236 >Plinii

1220 1244 1307 1281 loco
1324 1244 1425 1293 lege,
1452 1249 1636 1292 retrorsum
1663 1253 1808 1293 erepere,
1835 1256 1883 1282 ne
1911 1246 1960 1283 bis
1989 1246 2124 1284 eodem
2147 1247 2260 1285 verbo

1219 1302 1351 1332 utatur.
1390 1294 1622 1332 Cassiodorus
1642 1295 1730 1332 Var.
1756 1307 1807 1331 xx.
1836 1306 1912 1343 cap.
1942 1308 2003 1333 η.
2039 1302 2161 1333 Scarus
2189 1299 2262 1345 esca

1215 1344 1372 1393 pelleffus
1389 1357 1466 1381 cum
1481 1345 1648 1392 junceum
1668 1357 1833 1381 carcerem
1852 1346 1988 1395 coeperit
1999 1346 2160 1391 introire,
2179 1360 2261 1384 mox

1219 1405 1260 1431 ut
1268 1396 1306 1443 se
1325 1395 1372 1431 ad
1391 1395 1540 1431 exitium
1560 1395 1668 1443 suum
1694 1394 1892 1431 invitatum
1911 1396 2013 1444 fuisse
2045 1398 2259 1444 cognoverit,

1214 1445 1253 1481 in
1276 1445 1422 1482 caudam
1444 1444 1577 1482 labitur
1598 1471 1610 1488 ,
1635 1444 1823 1494 paullatim
1840 1446 1877 1493 se
1904 1446 1948 1481 ab
1970 1447 2106 1495 angusto
2127 1446 2261 1494 subdu-⁷

1215 1508 1302 1534 cens.
1329 1508 1395 1544 pro
1407 1495 1476 1545 sub
1497 1507 1625 1545 margo
1646 1495 1816 1533 editionis
1840 1495 2012 1540 Gesneri,
2025 1497 2100 1544 fied.
2127 1497 2257 1547 Legoz

1264 1560 1422 1607 Averfite
1440 1558 1549 1596 crebro
1566 1560 1688 1596 vimen
1704 1559 1767 1609 sed
1786 1558 1922 1597 verbere
1944 1560 2073 1597 caudae

1264 1614 1408 1646 Laxans
1420 1610 1653 1659 subsequitur.

1214 1670 1354 1716 Vimen,
1382 1671 1516 1710 naffam
1535 1684 1580 1708 ex
1600 1671 1946 1710 viminibustextam
1959 1680 2079 1711 vocat.
2103 1671 2253 1712 Ham„

1266 1733 1321 1759 12.
1351 1723 1490 1759 Veniens
1507 1722 1608 1772 sed.]
1636 1722 1685 1759 A.
1706 1723 1847 1758 veniens
1860 1722 1938 1771 sub.
1962 1724 2043 1760 MS.
2066 1724 2103 1760 δέ
2133 1724 2171 1761 P.
2197 1726 2256 1761 vi-

1213 1785 1292 1809 men
1302 1772 1380 1822 sub.
1410 1774 1462 1811 lta
1478 1772 1689 1822 legendum.
1715 1772 1849 1810 Plinius
1875 1774 1975 1811 enim
1997 1773 2044 1811 fic
2065 1775 2254 1822 expressit:

1213 1828 1356 1860 Scarum
1374 1823 1544 1870 inclusum
1567 1822 1664 1870 naffis
1685 1835 1752 1858 non
1761 1824 1883 1868 fronte
1905 1833 2094 1872 erumpere,
2123 1837 2181 1860 nec
2200 1825 2257 1860 in-

1204 1872 1301 1919 festis
1325 1872 1518 1920 viminibus
1542 1882 1639 1922 caput
1657 1872 1821 1920 inserere,
1849 1873 1910 1920 sed
1935 1875 2097 1920 aversum
2127 1875 2256 1912 caudae

1213 1922 1336 1960 ictibus
1358 1923 1480 1960 crebris
1498 1923 1618 1959 laxare
1626 1924 1739 1969 fores,
1767 1932 1871 1973 atque
1880 1923 1932 1958 ita
1945 1924 2127 1971 retrorsum
2140 1938 2255 1962 erum-

1207 1980 1296 2021 pere.
1350 1975 1458 2022 Quae
1492 1974 1709 2010 verbotenus
1745 1972 1923 2021 exscripsit
1962 1973 2115 2011 Ifidorus
2139 1985 2149 2012 x
2193 1975 2252 2013 scd

1212 2034 1401 2071 perperam
1423 2023 1562 2061 editum
1577 2051 1586 2067 ‚
1608 2022 1821 2068 luminibus,
1849 2035 1916 2071 pro
1945 2023 2135 2060 viminibus
2147 2039 2157 2067 ;
2187 2025 2251 2060 ad—

1211 2086 1273 2109 ver
1291 2087 1351 2109 um
1380 2102 1390 2118 ,
1428 2086 1495 2124 pro
1526 2076 1686 2122 aversum
1705 2101 1715 2118 ,
1752 2085 1796 2113 (9¹
1823 2073 1934 2110 redire
1963 2086 2030 2123 pro
2070 2083 2252 2124 erumpere.

1212 2122 1401 2161 Vtri-rus.

1264 2187 1317 2220 14.
1346 2174 1446 2223 Qin
1468 2174 1574 2211 etiam
1588 2172 1721 2224 sifhrte
1739 2174 1868 2224 aliquis
1894 2174 2037 2223 dampus
2069 2175 2246 2225 nataret.]

1209 2223 1350 2273 Silegas
1366 2253 1374 2268 ,
1387 2226 1561 2274 dumpone
1571 2234 1724 2268 nataret,
1737 2225 1912 2262 constabit
1926 2224 2052 2261 versus.
2068 2225 2250 2263 Cusum.

1212 2274 1390 2312 Offivius
1419 2276 1683 2325 Pantagathus,
1711 2276 1767 2312 vir
1787 2276 1979 2318 omnium,
2014 2273 2102 2311 dum
2133 2276 2248 2320 vixit,

1209 2325 1484 2374 ingenioffimus
1508 2354 1517 2367 ,
1547 2327 1585 2363 &
1606 2326 1644 2363 in
1663 2325 1881 2374 conjeffruris
1901 2324 2072 2362 faciendis
2093 2324 2251 2372 admira.-¹

1208 2375 1286 2413 bilis
1299 2404 1310 2420 ,
1337 2377 1386 2414 ita
1405 2377 1504 2414 hunc
1522 2376 1649 2414 locum
1671 2374 1877 2414 emendasse
1895 2375 2045 2413 diciturz

1440 2438 1583 2488 Aliquis
1601 2438 1685 2473 dum
1699 2446 1782 2486 pone
1804 2447 1954 2474 nataret.
2005 2436 2172 2473 C10FAN.

1209 2506 1308 2539 Dum
1325 2511 1409 2551 pone
1426 2512 1564 2539 nataret
1579 2530 1588 2545 ,
1617 2502 1860 2549 Pantagathus
1881 2502 1919 2538 δε
1949 2500 2127 2538 Gesnerus
2146 2499 2243 2538 resti—

1209 2559 1357 2589 tuerunt
1375 2565 1418 2589 ex
1441 2561 1513 2589 vet.
1529 2552 1612 2589 lest.
1631 2563 1724 2600 quae
1749 2552 1796 2588 est
1814 2553 1850 2589 in
1874 2552 1933 2588 Al.
1953 2552 2114 2599 damptus
2141 2560 2247 2587 nata-

1207 2612 1269 2638 ret.
1297 2603 1402 2651 Pyth.
1423 2602 1562 2651 dampro
1581 2612 1654 2638 nat.
1675 2614 1718 2638 ex
1738 2602 1819 2639 MS.
1837 2603 1907 2650 qui.
1926 2603 1993 2639 ita:
2024 2602 2106 2637 dam
2119 2610 2248 2650 prona—

1207 2661 1326 2689 taretc).
1355 2654 1378 2689 s.
1400 2652 1483 2689 dum
1502 2661 1666 2701 pronatat
1683 2661 1794 2688 extra.
1831 2653 1988 2689 Plinius:
2016 2664 2116 2701 quem
2135 2651 2248 2687 lueta-

1210 2711 1287 2737 tum
1307 2703 1377 2750 ejus
1388 2701 1522 2752 siferte
1539 2702 1628 2738 alius
1649 2707 1770 2738 Scarus
1789 2702 1995 2750 extrinsecus
2015 2701 2158 2745 videat,
2185 2710 2246 2750 ap-

1204 2752 1368 2801 prehensa
1388 2753 1556 2789 mordicus
1587 2752 1721 2794 cauda,
1749 2753 1921 2801 adjuvare
1945 2752 2048 2789 nixus
2069 2761 2247 2800 erumpen-

1211 2802 1268 2838 tis.
1320 2805 1401 2840 Nec
1419 2804 1531 2840 verbo
1557 2804 1677 2840 minus
1696 2802 1849 2840 Isidorus
1865 2815 1873 2839 :
1901 2802 1966 2839 nisi
1985 2802 2089 2851 quod
2108 2803 2243 2838 iterum

1211 2852 1375 2900 Escarum
1394 2853 1532 2901 posuit,
1561 2865 1628 2901 pro
1648 2859 1757 2899 Scaro.
1793 2861 1833 2890 ut
1859 2854 1898 2890 ὃ(
1917 2853 1997 2889 MS.
2025 2852 2106 2889 hic:
2145 2854 2245 2896 Esca-

1211 2916 1291 2938 rum
1333 2902 1436 2940 bima.
1469 2905 1656 2941 VL1T1u8.
1693 2903 1837 2953 Aliquis
1868 2903 1950 2939 dam
1980 2912 2128 2951 pronum
2156 2910 2244 2936 retro

1208 2952 1357 2990 Thuan.
1392 2953 1621 2991 Ambrosian.
1650 2953 1733 2990 dam
1767 2962 1827 3002 pro
1855 2963 1941 2990 nata
1968 2963 2044 2989 rete.
2101 2950 2242 2994 Scribe,

1199 3002 1234 3052 fi
1251 3005 1344 3049 forte
1368 3003 1459 3040 alius
1477 3032 1487 3048 ‚
1525 3004 1609 3040 dum
1636 3014 1822 3053 prae-natat
1841 3031 1850 3046 ,
1886 3014 1972 3039 arto.
2007 3011 2082 3037 arto
2117 3000 2161 3036 sc.
2186 3000 2243 3036 vi·-

1208 3055 1310 3091 mine
1332 3082 1342 3098 ‚
1386 3054 1488 3104 quod
1517 3055 1686 3104 sequitur.
1714 3063 1900 3103 praenatat
1934 3063 1997 3098 pro
2033 3056 2240 3104 praeterna-

1208 3112 1272 3142 tat.
1309 3104 1374 3142 nifi
1416 3105 1519 3142 malis
1547 3132 1556 3147 ‚
1596 3114 1690 3154 prope
1710 3132 1720 3148 ‚
1765 3105 1849 3140 dum
1883 3110 1993 3137 natat.
2041 3099 2156 3148 pollet
2202 3100 2242 3137 &

1209 3155 1292 3190 dum
1326 3163 1410 3202 pona
1446 3165 1584 3193 nataret
1620 3167 1705 3193 cum
1734 3152 1955 3200 Pantagatho
1985 3151 2023 3188 δε
2064 3148 2241 3197 Gesnero.

1211 3205 1423 3245 Hrmsms.

1616 3302 1745 3340 fffff
1766 3313 1785 3340 2,
2037 3301 2094 3341 1⁴6.
2121 3298 2256 3353 Averfi
