2553 3676
158 262 183 284 C
158 231 182 255 0

195 232 222 283 ΟΧ

232 250 257 281 [⁴

795 218 1162 278 PARis
1238 218 1781 295 οΕΝο-ΝΑΕ.

453 315 565 391 Ipse
592 326 745 388 pater
770 312 990 369 Cebren
1006 354 1021 378 ‚
1060 324 1213 368 natae
1238 312 1375 367 male
1400 325 1546 371 tutus
1569 316 1633 371 ab
1666 335 1791 384 ore,

343 410 415 463 90

214 583 276 633 89.
306 585 373 633 Ipse
396 591 497 632 pater
510 582 572 631 sea
593 594 666 618 rem
685 591 792 619 natae
811 581 905 620 male
921 590 1018 620 tutus
1037 576 1216 626 haberet]

161 634 242 675 Diu
261 647 323 672 me
344 635 509 672 exercuit
526 634 586 671 hic
604 633 708 672 locus
722 663 732 679 ,
762 636 801 672 ὅ(
819 633 971 684 quidem
993 629 1129 686 srullra.
1149 638 1220 665 nec

161 695 290 726 tamen
309 686 427 724 defuit
447 683 621 723 successus
642 685 721 734 post
737 686 888 735 longam
908 681 1195 736 meditationem
1210 707 1221 724 ,

160 738 255 777 dum
282 738 349 776 alia
374 751 418 775 ex
444 739 544 780 aliis,
576 746 614 774 ut
645 736 707 784 fit,
734 736 805 774 sese
832 733 1008 771 offerunt.
1037 732 1224 779 Scriptum

159 790 282 828 fuerat
299 791 421 839 primo
450 789 470 826 a
502 789 676 833 librariis,
716 788 784 836 Ipse
799 795 901 840 parer
921 796 979 820 ceu
1002 796 1086 838 rem.
1121 782 1222 839 untie

166 840 222 877 fea
247 854 320 877 rem
348 840 471 888 postea
501 840 664 883 factum,
704 848 789 874 cum
820 835 871 872 nil
893 843 1026 872 mutari
1046 834 1226 890 debuerit.

156 875 372 942 'promiscue
403 893 502 929 enim
531 891 625 928 duae
658 889 742 926 istae
765 887 893 925 literae
921 899 946 922 u
975 886 1013 922 ὅ(
1031 884 1051 921 b
1070 895 1165 923 inter
1192 885 1228 923 se

162 943 457 981 confunduntur.
486 955 542 978 ceu
562 954 623 977 ren
645 941 753 989 igitur
774 950 840 987 pro
855 935 997 974 Cebren.
1026 936 1227 993 quomodo

167 995 362 1032 OEnones
392 1004 494 1043 pater
529 992 657 1030 dietus.
699 990 843 1027 Deinde
865 1001 932 1037 pro
953 986 1092 1024 haberet
1120 988 1229 1044 suspi-

162 1056 253 1091 cor,
292 1046 438 1089 habore,
477 1045 536 1083 vel
568 1043 708 1080 haboret
728 1047 916 1077 exaratum
946 1038 1049 1076 fuisse
1067 1067 1076 1084 ‚
1105 1039 1228 1077 addita

165 1104 310 1136 temere
330 1097 562 1146 aspiratione.
610 1097 735 1141 Quare
759 1093 887 1129 omnia
904 1092 985 1141 jam
1007 1089 1076 1129 sint
1093 1090 1229 1141 perspi—

166 1160 236 1195 cua
249 1180 259 1196 ,
290 1148 317 1187 fi
337 1148 489 1197 refingas
511 1145 651 1183 versum
674 1144 748 1181 hoc
765 1144 908 1181 modo:

221 1203 290 1252 Ipse
300 1210 402 1250 pater
431 1199 699 1240 Cebren‚natae
720 1194 811 1231 male
832 1205 931 1231 tutus
948 1193 993 1230 ab
1015 1207 1070 1232 ore
1087 1223 1097 1240 ‚

272 1258 448 1289 Cantatus
466 1249 594 1297 quoties
613 1245 736 1293 restitit
755 1247 1009 1302 inter’aquas!
1200 1289 1211 1305 Ι

164 1303 384 1344 Parthenius
403 1313 438 1338 in
464 1298 621 1337 Eroticis
641 1309 718 1345 cap.
740 1309 795 1334 iv.
823 1302 852 1332 A
867 1294 1062 1353 λ’έξεινδρος
1080 1296 1095 1333 ὁ
1116 1300 1229 1343 Πρια-

165 1363 233 1399 μου
248 1380 257 1394 ,
286 1352 462 1394 βουκολῶν
484 1353 585 1386 κατὰ
608 1357 670 1389 τήν
685 1345 802 1392 ΓἚᾏν,
839 1348 963 1391 {paeon
997 1349 1062 1389 τῆς
1092 1349 1229 1394 Κεβρῆ-

164 1416 217 1445 νος
242 1403 415 1448 bizyae-poe
441 1400 598 1444 Οἰνώνης.
628 1400 883 1449 Apollodorus
912 1399 974 1437 lib.
993 1412 1059 1437 111.
1085 1401 1228 1448 Αλέξ-

164 1453 285 1499 ανδρος
309 1453 351 1490 δὲ
375 1453 524 1492 Οἰνώνην
546 1451 798 1498 wv1{e[3p·15voc;
829 1452 893 1487 τοῦ
920 1454 1087 1494 ποταμοῦ
1118 1452 1229 1498 Θυγα-

163 1509 257 1549 τέρκ
278 1507 402 1550 «γαμεῖ.
433 1505 694 1554 Lycophronis
708 1502 946 1541 Scholiastes:
977 1499 1230 1550 Οἰνώνῆθυγοὶ-

165 1569 232 1602 τηρ
253 1553 288 1596 ἦν
311 1555 502 1600 Κεβρῆνος,
533 1551 553 1595 ἢ
577 1554 716 1599 οἰνέως.
772 1555 828 1592 Est
851 1556 890 1593 δε
914 1554 1051 1598 Κέβρκν
1073 1557 1228 1595 Aeoliae

163 1609 291 1648 clvitas
311 1607 408 1656 apud
432 1607 638 1656 Scylacem.
694 1607 860 1645 Adeatur
888 1607 1000 1645 etiam
1024 1607 1229 1657 Stephanus

165 1660 393 1710 Byzantinus
417 1658 461 1695 de
483 1659 643 1696 Urbibus
664 1659 700 1697 in
727 1658 894 1704 Κεβρηῐκ.
922 1659 1089 1696 Oenone
1118 1661 1229 1709 igitur

165 1711 344 1749 Cebrenis
366 1709 450 1747 filia.
478 1711 563 1748 hinc
576 1711 666 1747 Nais
687 1711 846 1748 Lucano
867 1709 976 1747 dic'ta.
1002 1710 1062 1748 lib.
1077 1723 1129 1748 rx.
1142 1724 1229 1759 972.

170 1764 253 1811 {Qto
281 1761 408 1798 vertice
436 1761 525 1799 Nais
555 1762 687 1811 Luserit
718 1768 863 1799 Oenone.
927 1762 966 1798 In
996 1762 1154 1801 Nasonis
1184 1764 1234 1801 E-

166 1812 297 1862 pistola
325 1812 487 1851 fluminis
521 1811 634 1851 filiam
656 1814 692 1851 se
724 1814 814 1852 dicit
842 1813 1067 1852 diffimulato
1103 1822 1234 1854 tamen

196 1873 290 1902 atre:

167 1875 192 1913 P
221 1916 331 1952 Edita
354 1915 396 1952 de
418 1929 541 1965 magno
555 1916 707 1968 flumine
729 1917 897 1967 Nympha
911 1920 985 1966 fui.

171 1965 277 2005 Hinc
296 1967 421 2005 lucem
446 1976 635 2007 mutuatur
657 1971 760 2007 locus
780 1970 1035 2010 Statianuslib.
1058 1971 1236 2012 1.Silv.v.

176 2030 240 2058 20.
269 2031 289 2057 a
309 2019 462 2056 nemine
479 2020 720 2069 interpretum
743 2021 974 2060 intellectus:

522 2072 645 2108 Procul
664 2072 745 2109 hinc
765 2085 808 2112 ω·
829 2077 925 2115 fonte
949 2074 1058 2124 dolofh

223 2121 395 2159 Salmacis
415 2151 426 2167 ‚
454 2134 498 2161 &⁶
513 2122 644 2160 viduae
662 2124 867 2161 Cebrenidos
886 2125 988 2162 arida
1014 2128 1113 2165 luffa

222 2173 392 2210 Flumina
405 2201 415 2217 ‚
444 2185 489 2213 (φ’
507 2174 665 2211 Herculei
680 2175 864 2224 praedator
886 2178 1005 2214 credar
1025 2179 1178 2216 alumni.

170 2224 233 2263 De
254 2225 421 2262 Oenone
442 2225 616 2263 videlicet
636 2227 917 2276 intelligendum
939 2230 1136 2278 praelatam
1168 2228 1231 2268 fibi

170 2276 361 2314 Helenam
382 2276 534 2325 lugente
549 2306 560 2322 ,
588 2289 675 2315 cuin
696 2279 740 2315 ad
765 2279 968 2328 Hesperien
987 2281 1147 2319 referant
1177 2283 1230 2319 in·

173 2336 349 2376 terpretes
364 2355 373 2371 ‚
420 2330 463 2365 ab
492 2328 635 2366 Aesaco
656 2330 792 2367 Priami
816 2331 891 2369 filio
914 2341 1074 2370 amatam
1089 2362 1098 2375 ‚
1128 2333 1235 2383 quod

174 2391 258 2417 eam
282 2378 444 2421 Ovidius
464 2380 559 2416 Met.
574 2392 628 2418 xt.
648 2381 732 2427 769.
760 2382 967 2421 Cebrenida
990 2397 1146 2434 quoque
1169 2397 1234 2434 ap-

172 2431 296 2479 pellat.
336 2431 439 2479 atqui
461 2431 517 2468 illa
535 2431 603 2479 qui
625 2431 736 2469 vidua
749 2432 858 2480 poffit
880 2434 973 2477 dici,
1002 2448 1079 2473 non
1094 2436 1231 2482 video,

174 2493 262 2519 cuin
289 2481 338 2519 illi
365 2482 520 2521 Aesacus
545 2482 797 2532 supervixerit.
834 2493 997 2522 ceterum
1033 2499 1145 2535 quam
1180 2489 1235 2525 fa-

177 2533 327 2570 miliaris
347 2545 446 2571 error
466 2534 507 2571 sit
524 2535 651 2572 literae
673 2534 699 2572 Β
723 2536 761 2572 in
784 2535 817 2571 V
849 2544 1014 2573 mutatae
1039 2539 1232 2576 nerninem

175 2583 288 2621 latere
319 2587 435 2633 potest
458 2614 470 2630 ‚
506 2589 569 2635 qui
605 2586 836 2624 membranas
869 2588 1037 2636 antiquas
1070 2589 1237 2628 versavit.

179 2635 330 2685 ejusque
362 2639 470 2674 naevi
501 2638 718 2686 exemplum
752 2638 857 2676 versu
887 2640 1064 2687 proximo
1110 2641 1237 2678 denuo

176 2689 352 2727 occurrit.
385 2688 493 2737 Apud
514 2689 748 2727 Marcianum
766 2690 957 2739 Capellam
974 2691 1035 2728 lib.
1066 2704 1122 2730 ix.
1150 2704 1236 2731 cuin

180 2740 298 2772 fovea
331 2749 397 2786 pro
426 2740 580 2776 phaebaea
601 2751 793 2779 exaratum
813 2741 1049 2780 offendiffent
1072 2772 1082 2788 ‚
1122 2743 1238 2782 insciti

182 2786 318 2825 librarii
332 2790 483 2834 foveant
507 2820 517 2836 ,
545 2791 571 2829 fi
602 2792 666 2830 diis
696 2793 814 2843 placet
835 2822 844 2837 ,
890 2794 996 2832 nobis
1027 2794 1240 2834 exhibuere.

179 2838 288 2877 locus
310 2838 358 2875 est
378 2840 524 2888 insignis
546 2855 627 2892 pag.
649 2857 732 2894 309.
787 2845 1002 2884 Hizmsxus.

236 2902 297 2937 91.
327 2895 431 2927 Nunc
449 2892 540 2928 locus
565 2900 713 2933 OEnone
730 2896 798 2944 est:
828 2911 922 2934 nanc
940 2898 1023 2935 illas
1048 2899 1244 2951 tende,pa-

189 2939 326 2990 ravin]
360 2942 419 2979 Ne
448 2942 656 2991 suspensum
685 2956 721 2984 te
743 2958 918 2991 teneam,
951 2949 1113 2996 Βῖθυν,
1141 2955 1245 2992 locus

187 2992 482 3031 meimofissimus
500 2995 577 3032 hoc
597 2995 715 3033 modo
736 2999 783 3034 est
807 3000 1103 3039 constituendus:

241 3057 349 3108 Nunc
360 3051 449 3090 locus
463 3059 634 3093 OEnonae
645 3059 688 3105 est
698 3075 708 3095 .-
724 3074 817 3097 nunc
828 3062 929 3098 illam
943 3063 1074 3110 ostende
1087 3067 1246 3113 :parabis

296 3108 376 3140 Sive
398 3115 472 3142 taos
494 3107 587 3155 ignes
602 3110 726 3157 pellere
740 3140 750 3156 ,
772 3110 850 3161 five
872 3126 972 3151 meos.

190 3168 306 3208 Nunc
323 3171 387 3209 tibi
409 3172 512 3211 locus
526 3174 574 3212 est
589 3205 597 3218 ,
609 3189 710 3216 nunc
728 3179 878 3218 ostende
890 3181 988 3218 illam
1005 3183 1221 3222 OEnonem
1233 3213 1244 3230 ,

192 3232 306 3269 quam
328 3223 446 3261 modo
467 3225 552 3263 dixi.
581 3227 684 3265 illam
713 3229 869 3277 ostende,
900 3242 939 3270 ut
970 3233 1068 3281 apud
1103 3236 1246 3273 Auem-

194 3282 270 3309 1em
296 3275 462 3324 Hei-gulis
500 3277 647 3316 Olu‘taei
679 3281 765 3319 All.
799 3295 854 3320 η.
904 3286 1092 3332 conjugem
1119 3287 1249 3333 ostende

193 3328 219 3355 k
249 3338 279 3383 ἵ
310 3321 450 3367 *4⁷2er
473 3328 673 3378 tende‚pro
695 3332 798 3370 illam
821 3334 960 3381 ostende.
989 3335 1035 3371 sic
1047 3335 1145 3384 supra
1172 3340 1250 3385 epi-

194 3367 289 3424 qua
303 3370 441 3428 Ulyffis
461 3391 561 3419 curas
577 3393 644 3431 pto
669 3397 772 3437 curae
791 3385 847 3436 est.
870 3385 1034 3436 Epistola
1045 3386 1166 3433 Didiis
1178 3390 1248 3438 ini:

523 390 776 445 Cantatas
801 390 1015 463 quoties
1040 387 1232 443 restitit
1258 387 1398 442 inter
1423 406 1607 461 aquas:

2174 463 2340 527 Nune

1276 580 1332 616 tio
1353 578 1644 625 meritaefamam
1659 589 1748 628 ,pro
1769 580 1896 619 merita
1914 582 2126 630 &famam
2146 582 2251 631 saepe
2273 590 2339 630 pet

1278 629 1383 667 hasce
1406 629 1589 667 editiones
1607 628 1628 666 a
1647 629 1797 668 librariis
1817 644 2009 680 peccatum
2024 663 2034 679 ,
2064 633 2167 685 quod
2177 642 2340 684 quatuor

1279 691 1342 719 aut
1363 682 1532 731 quinque
1544 693 1646 719 nunc
1669 682 1849 730 exemplis
1867 685 2098 724 confirmabo
2113 715 2122 730 ‚
2154 697 2239 724 cum
2258 685 2339 736 pluz

1279 734 1375 772 ribus
1393 733 1539 783 poffim.
1567 733 1736 771 Valerius
1762 733 1910 772 Flaccus
1929 736 1989 773 lib.
2011 752 2035 775 1.
2055 738 2111 781 ylss.
2136 749 2196 783 70.

1465 791 1570 821 Nunc
1587 784 1675 821 a'e‘rii
1689 785 1874 834 plantaria
1897 786 2002 823 vellet

1332 840 1464 885 Perseos
1478 864 1489 881 ‚
1517 848 1581 872 aut
1605 849 1711 873 curru
1724 837 1849 885 saevos
1861 839 2013 886 frenaffe
2033 839 2202 880 dracones.

1337 887 1502 925 Creditae
1521 898 1562 924 ut
1578 888 1718 937 ignaras
1741 890 1874 925 Cereris
1895 891 1956 939 qui
1977 903 2114 926 vomere
2131 904 2241 931 terras

1340 939 1473 976 Imbuit
1486 968 1496 984 ‚
1524 951 1569 980 (φ
1587 939 1692 987 flava
1714 954 1878 989 quercum
1898 941 2091 977 damnavit
2111 945 2229 990 arista.

1284 990 1340 1029 Ita
1360 991 1465 1028 locus
1486 992 1735 1029 vexatiffimus
1755 993 2030 1030 constituendus
2044 1022 2054 1037 ‚
2084 995 2145 1043 qui
2168 997 2212 1031 de
2231 995 2346 1045 Trip-v

1284 1044 1431 1081 tolemo
1463 1043 1551 1092 agit.
1585 1055 1653 1092 pro
1685 1044 1850 1080 Creditae
1879 1057 1919 1080 at
1950 1045 2132 1093 scripserat
2157 1045 2342 1093 librarius,

1285 1094 1462 1132 Creditat.
1492 1094 1588 1132 unde
1611 1095 1775 1131 Creditus
1797 1096 1931 1134 deinde
1950 1097 2103 1135 factum.
2140 1096 2286 1135 Notum
2304 1098 2350 1145 ΗΞ

1285 1146 1350 1184 lud
1372 1146 1516 1190 Nostri,
1548 1147 1647 1184 Artis
1668 1146 1730 1184 lib.
1754 1161 1784 1185 1.
1803 1161 1905 1195 401..¹

1340 1216 1413 1246 Nec
1424 1211 1559 1259 semper
1578 1209 1749 1246 credenda
1769 1215 1870 1248 Ceres
1881 1211 2078 1258 fallacibus
2098 1213 2212 1251 arvis.

1285 1274 1326 1312 &
1349 1273 1450 1311 Artis
1472 1287 1517 1311 11.
1543 1286 1628 1324 5¹3·

1337 1326 1483 1363 Cradita
1503 1339 1561 1362 nec
1574 1332 1706 1375 semper
1719 1326 1809 1374 salci
1828 1341 1906 1365 cum
1918 1330 2058 1377 foenore
2078 1329 2244 1369 reddant.

1284 1376 1390 1413 Hinc
1412 1379 1527 1414 etiam
1543 1379 1686 1426 semina
1707 1379 1841 1417 credere
1868 1392 1981 1418 terrae
2003 1390 2065 1419 aut
2080 1381 2205 1429 sulcis,
2245 1383 2284 1420 &
2306 1381 2351 1428 fii

1285 1428 1386 1465 milia
1406 1428 1533 1477 paffim
1551 1430 1649 1479 apud
1672 1436 1812 1480 poetas.
1836 1433 2008 1471 Tibullus
2022 1446 2067 1471 11.
2095 1446 2128 1480 7.

1546 1488 1621 1531 Spes
1629 1482 1738 1531 salcis
1759 1484 1867 1521 credit
1889 1485 2002 1522 aratis

1338 1533 1479 1570 Semina
1493 1562 1504 1578 ,
1533 1547 1621 1582 quae
1647 1534 1759 1571 multo
1774 1538 1912 1582 foenore
1931 1536 2059 1573 reddat
2081 1549 2171 1585 ager.

1284 1584 1406 1622 Variis
1437 1584 1661 1631 coniedturis
1688 1590 1792 1625 locus
1819 1589 1880 1625 hic
1919 1589 2058 1626 Valerii
2088 1596 2247 1628 tentatus
2280 1585 2354 1636 est}

1284 1634 1346 1673 sed
1371 1647 1466 1686 quae
1494 1648 1628 1674 omnes
1656 1636 1677 1676 a
1705 1640 1851 1688 vulgata
1884 1639 2055 1688 scriptura
2083 1640 2231 1691 longius
2251 1652 2353 1687 rece:

1286 1686 1387 1726 dunt.
1418 1688 1515 1738 apud
1536 1687 1699 1727 eundem
1721 1690 1914 1729 Valerium
1939 1692 2000 1728 lib.
2028 1691 2224 1738 1v.)&s.41.

1344 1741 1379 1774 si
1400 1753 1467 1775 non
1484 1741 1540 1775 ira
1562 1746 1677 1775 Deam
1693 1740 1784 1774 -coelo
1803 1741 2036 1787 implacabilis
2054 1754 2174 1791 urget,

1291 1789 1525 1829 scribendum
1545 1788 1615 1828 effe
1639 1790 1746 1827 Notis
1764 1789 1808 1827 ad
1830 1790 1890 1828 lib.
1918 1806 1950 1830 x.
1973 1794 2067 1830 Met.
2086 1795 2142 1837 fis.
2165 1808 2248 1845 399.
2267 1797 2349 1846 plu:

1294 1842 1391 1880 ribus
1411 1841 1652 1880 adstruximus
1667 1871 1677 1886 ‚
1694 1853 1778 1879 cum
1800 1841 1875 1880 fine
1898 1844 1973 1882 ullo
1992 1845 2093 1883 sensu
2108 1875 2118 1891 ,
2147 1849 2202 1884 vel
2223 1846 2258 1898 fi
2279 1849 2358 1897 pla-f

1293 1893 1415 1932 cabilis
1436 1906 1533 1943 urget
1562 1905 1663 1932 nunc
1703 1893 1855 1943 legatur.
1892 1896 1990 1945 apud
2019 1897 2183 1938 eundem
2211 1899 2271 1939 lib.
2302 1910 2358 1952 νζ.

1294 1958 1387 1985 vers.
1408 1958 1493 1997 353.

1476 2004 1609 2048 Magno
1630 1997 1745 2036 velati
1767 2012 1845 2036 cam
1875 1997 2015 2036 turbine
2033 1997 2097 2047 βψς

1347 2048 1450 2101 Ipsius
1474 2051 1618 2088 Aeoliae
1627 2052 1805 2100 frangant
1826 2052 1865 2088 in
1883 2050 2007 2088 limine
2024 2050 2137 2090 venti.

1294 2102 1354 2141 Sic
1381 2115 1427 2140 ex
1457 2102 1602 2141 vetusto
1631 2102 1818 2140 Carrionis
1849 2104 1979 2141 codice
2009 2115 2110 2142 nunc
2142 2103 2359 2143 circumfer-”-

1292 2162 1373 2196 tur,
1404 2166 1488 2193 cum
1515 2163 1622 2192 antea
1641 2154 1849 2203 legeretur,
1881 2153 1981 2204 Ipsius
2001 2154 2162 2194 Euboiae.
2191 2157 2359 2195 Scriben-

1292 2203 1382 2242 dum
1405 2213 1532 2241 autem
1547 2232 1558 2248 ,
1573 2205 1676 2253 Rapis
1698 2205 1757 2243 ubi
1767 2206 1921 2244 Aeoliae.
1950 2206 2054 2256 quod
2080 2206 2268 2255 juvenalis
2290 2207 2361 2246 ini-

1290 2257 1347 2294 tio
1367 2257 1517 2305 Satyrae
1539 2270 1565 2294 1.
1593 2255 1727 2293 Aeoliis
1749 2257 1924 2307 inclusam
1937 2258 2080 2308 rupibus
2091 2269 2239 2298 antrum
2253 2258 2359 2297 dixit.

1293 2309 1468 2346 Lucanus
1495 2307 1557 2346 lib.
1586 2319 1624 2346 v.
1663 2308 1748 2357 609.
1778 2309 1912 2358 saxum
1942 2310 2121 2349 Aeoliam.
2176 2312 2287 2347 Nunc
2309 2308 2356 2348 de

1292 2360 1436 2398 duobus
1459 2359 1533 2397 Silii
1557 2358 1673 2397 Italici
1695 2360 1786 2398 locis
1814 2362 2008 2400 videamus
2031 2388 2042 2403 ,
2078 2370 2240 2407 quorum
2269 2360 2356 2400 alter

1293 2412 1405 2450 exstat
1421 2412 1481 2448 lib.
1502 2421 1566 2446 111.
1594 2421 1673 2446 non
1695 2411 1809 2454 longe
1835 2412 1879 2443 ab
1901 2412 2009 2445 initio
2023 2435 2036 2453 ‚
2063 2410 2124 2447 ubi
2154 2410 2200 2448 de
2222 2411 2360 2460 labori-3

1290 2463 1356 2501 bus
1386 2461 1555 2499 Herculis
1577 2461 1715 2508 agitur:

1345 2540 1418 2570 Nec
1441 2531 1552 2568 levior
1571 2531 1671 2567 vinci
1694 2529 1838 2580 Libycae
1857 2531 1999 2571 telluris
2017 2532 2188 2573 alumnus

1347 2591 1468 2622 Matre
1487 2588 1582 2632 [aper
1596 2583 1785 2634 ‚stratique
1801 2597 1907 2631 genas
1927 2584 2078 2631 deforme
2100 2586 2305 2624 bimembres

1346 2635 1518 2674 Centauri
1534 2664 1542 2677 ‚
1544 2636 1772 2684 frontemque
1790 2634 1892 2670 timet
1913 2636 2028 2673 minor
2047 2639 2159 2675 omnis
2168 2641 2358 2678 Acarnan:

1292 2702 1503 2741 Postremus
1523 2703 1642 2741 versus
1655 2704 1892 2743 subobscurus
1915 2706 1972 2742 est.
2002 2705 2101 2743 Nam
2122 2705 2226 2754 quod
2239 2706 2358 2745 Daus-

1295 2757 1426 2805 quejus
1447 2755 1492 2792 de
1527 2755 1727 2794 Abantibus
1748 2756 1841 2794 olim
1866 2757 2019 2793 comatis
2034 2785 2044 2801 ,
2073 2758 2197 2806 postea
2217 2759 2360 2797 crinem

1296 2819 1375 2844 non
1395 2808 1572 2844 alentibus
1593 2835 1603 2850 ‚
1633 2821 1679 2845 ex
1705 2807 1892 2845 Eustathio
1913 2810 2196 2856 interpretatur,
2230 2810 2276 2848 ad
2303 2810 2357 2849 la-

1300 2858 1406 2896 bores
1435 2858 1627 2903 Herculis,
1656 2859 1718 2908 qui
1737 2857 1757 2896 a
1782 2858 2138 2905 Silioreccnsentur‚
2167 2862 2356 2900 nonfacit.

1303 2909 1344 2947 In
1366 2910 1479 2947 veteri
1503 2910 1751 2948 Puteanorum
1771 2911 1921 2948 fratrum
1948 2912 2079 2948 codice
2098 2940 2109 2957 ,
2136 2913 2364 2964 frontemque

1303 2962 1403 2998 timet
1428 2975 1520 2998 nunc
1539 2963 1651 2998 omnis
1676 2970 1856 3000 Acarnan.
1870 2963 1912 3000 In
1940 2962 2148 3000 oxoniensi
2163 2992 2174 3008 ‚
2188 2966 2226 3002 ὃς
2242 2965 2362 3009 Colo·¹

1303 3013 1418 3050 niensi
1439 3014 1551 3061 longe
1570 3013 1871 3061 praest-antistimo
1888 3015 2126 3063 ‚frontemque
2136 3014 2250 3051 minor
2261 3028 2354 3053 nunc

1304 3065 1415 3101 omnis
1435 3069 1624 3103 Acarnan.
1654 3066 1776 3102 Scribe
1789 3093 1798 3108 ,
1803 3066 2029 3116 frontemque
2054 3068 2169 3103 minor
2191 3079 2356 3105 truncam

1303 3116 1420 3151 amnis
1440 3121 1627 3153 Acarnan.
1655 3125 1758 3152 trane
1775 3126 1963 3154 exaratum
1990 3119 2112 3165 primo
2132 3119 2250 3156 fuerat
2263 3147 2273 3163 ‚
2295 3128 2359 3166 pro

1302 3176 1478 3205 truncam.
1508 3179 1592 3204 cum
1618 3168 1659 3202 τὸ
1678 3180 1738 3204 am
1759 3169 2117 3216 geininarelibrarius
2138 3168 2365 3218 neglexisset.

1304 3219 1390 3255 inde
1409 3231 1501 3254 nit-nc
1522 3218 1643 3266 postea
1669 3219 1818 3256 saelum.
1858 3220 2142 3269 Intelligendum
2163 3230 2286 3258 autem
2312 3221 2360 3260 de

1305 3270 1479 3307 Acheloo
1505 3270 1728 3308 Acarnaniae
1748 3270 1864 3308 fluvio
1879 3300 1889 3315 ‚
1917 3273 2077 3321 quicum
2094 3273 2254 3310 Hercule
2269 3285 2360 3311 con-2

1306 3319 1438 3370 gressus
1457 3319 1624 3368 singulari
1647 3330 1847 3359 certamine
1861 3351 1869 3365 ,
1899 3323 1942 3360 ab
1963 3335 2009 3360 eo
2029 3323 2194 3361 devictus
2210 3354 2219 3368 ,
2251 3327 2288 3362 ὃς
2308 3323 2359 3361 al-

1305 3382 1387 3412 tero
1421 3382 1538 3411 cornu
1566 3370 1588 3410 a
1613 3372 1738 3413 fronte
1765 3374 1910 3414 revulso
1930 3382 2116 3414 truncatus
2136 3376 2196 3415 est.
2251 3374 2356 3409 idem

2252 3439 2360 3488 §ilius
