2553 3676
727 142 1562 226 HEROIDESQEpg
1635 163 1718 230 v1‘.

399 267 503 324 Per
526 259 759 324 lacrimas
782 255 992 329 specim
1033 255 1621 329 cupidaequefaventia
1644 262 1812 314 menti

471 331 713 402 Longius
739 330 958 383 adsueto
983 330 1182 384 lumina
1205 328 1378 384 nostra
1402 329 1604 383 vident.

396 405 564 463 Addo
586 420 773 475 preces
797 401 981 466 castaS‚
1015 402 1366 474 immixtaque
1391 417 1516 455 vota
1539 403 1749 465 timori,

467 477 626 530 Nunc
650 493 867 548 quoque
894 490 947 529 te
968 476 1107 529 salvo
1134 473 1483 546 persoliienda
1506 474 1652 527 mihi.

292 571 354 623 75
390 549 538 605 Vota
563 566 666 619 ego
690 548 1015 620 persolvam?
1056 548 1195 602 votis
1220 546 1424 601 Medea
1448 545 1689 600 fruetur?

467 620 582 675 Cor
607 621 783 682 dolet;
826 634 986 693 atque
1010 621 1086 674 ira
1108 620 1305 674 mixtus
1327 618 1560 673 abundat
1582 635 1746 671 amor.

394 694 554 748 Dona
578 693 745 748 feram
769 693 977 764 templis
993 732 1009 756 ‚
1044 693 1227 746 vivum
1253 692 1402 766 quod
1425 691 1606 745 lasona
1628 689 1832 762 perdo?

465 766 658 820 Hostia
679 784 778 837 pro
805 765 1006 820 damnis
1031 765 1282 818 concidat
1307 764 1408 819 icia
1431 764 1598 818 meis?

395 839 524 895 Non
551 838 805 911 equidem
829 838 1009 893 secura
1030 837 1136 899 fui;
1176 837 1490 910 semperque
1515 834 1768 899 verebar,

288 910 356 965 80

464 912 550 966 Ne
574 924 723 983 pater
746 912 1002 982 Argolica
1024 911 1255 963 sumeret
1279 910 1411 964 urbe
1434 925 1645 963 nurum.

394 984 681 1056 Argolidas
704 983 884 1038 timui:
922 983 1108 1037 nocuit
1133 982 1263 1036 mihi
1290 982 1505 1037 barbara
1526 982 1717 1054 pellex.

465 1058 593 1110 Non
617 1056 893 1129 expectata
916 1057 1103 1111 vulnus
1130 1054 1192 1109 ab
1216 1054 1364 1109 hoste
1391 1055 1517 1116 tuli;

393 1129 511 1185 Nec
538 1129 672 1183 facie
697 1129 968 1184 meritisve
990 1130 1194 1201 placet3
1232 1127 1324 1182 sed
1349 1127 1583 1182 carmine
1607 1124 1805 1182 movit:

467 1201 705 1276 Diraque
729 1204 935 1258 cantata
959 1201 1148 1275 pabula
1169 1200 1300 1256 falce
1327 1201 1500 1257 metit.

154 1423 211 1472 76.
240 1431 314 1463 Irae
335 1421 508 1476 mixtus]
539 1432 597 1464 Ira
622 1424 705 1466 libri
731 1427 806 1465 fere
828 1434 972 1464 omnes.
997 1422 1144 1463 Hzms.

100 1477 180 1513 vid.
199 1477 244 1513 ad
261 1478 322 1514 lib.
338 1490 392 1514 vi.
409 1478 498 1514 Fast.
520 1489 601 1524 170.

155 1536 213 1572 77.
241 1532 344 1564 Dona
366 1529 495 1575 firam.
517 1527 532 1577 ]
567 1532 666 1564 ‘Tura
693 1526 908 1566 Gronovius
931 1555 941 1572 ‚
978 1539 1073 1577 quae
1096 1524 1146 1563 est

102 1575 214 1624 gloffa
241 1579 303 1612 τοῦ
333 1578 422 1613 dona
442 1606 452 1620 ‚
488 1590 582 1625 quae
611 1590 688 1614 vox
720 1579 758 1614 ὃς
787 1587 866 1615 tura
890 1606 900 1622 ,
939 1579 978 1615 ὃ(
996 1578 1145 1620 omnia,

104 1638 200 1676 quae
223 1626 301 1663 Diis
329 1626 555 1670 offertmtur,
583 1634 699 1663 notat.
723 1627 858 1675 Obseq.
886 1639 916 1663 c.
935 1639 1013 1663 x1.1.
1039 1626 1148 1674 Virgi-

104 1688 163 1710 nes
190 1675 319 1723 viginti
329 1677 456 1725 septem
477 1677 565 1712 dona
595 1686 752 1712 canentes
773 1676 941 1713 tulerunt.
978 1688 1009 1712 c.
1035 1688 1143 1713 xuv.

106 1731 293 1761 Matronae
322 1726 522 1773 thesaurum
563 1738 607 1765 ω’
635 1726 785 1772 virgines
821 1726 911 1761 dona
950 1726 1065 1761 Cereri
1101 1737 1146 1765 <9¹

102 1775 320 1822 Proserpinae
331 1775 498 1812 tulerant.
525 1782 627 1812 Dona
640 1774 842 1824 templorum
855 1776 1009 1814 Tacitus
1019 1777 1145 1825 Agric-

103 1823 138 1860 6.
166 1824 266 1861 dixit.
294 1824 551 1862 BURMANNus.

156 1885 215 1920 77.
244 1874 371 1910 Vivum
398 1876 488 1924 quod
507 1874 644 1922 Jasona
659 1875 813 1923 perdam.
834 1874 850 1924 ]
879 1876 986 1912 Perdo
1012 1877 1144 1915 Putea-

102 1936 192 1964 neus
221 1936 307 1961 cum
336 1926 467 1973 Regio.
495 1926 534 1961 δε
562 1924 727 1974 sequenti
757 1926 860 1963 versu
891 1926 1049 1963 concidat
1076 1940 1144 1976 pro

104 1975 262 2012 concidet.
299 1976 412 2024 probe
440 1984 650 2024 utrumque.
688 1976 727 2012 ὅς
754 1985 834 2013 tum
856 1976 1008 2023 fruatur
1034 1978 1144 2026 paulo

104 2034 190 2064 ante
204 2025 412 2074 legendum.
442 2027 525 2064 Fuit
546 2038 631 2064 cum
653 2026 913 2065 emendarem:

158 2094 261 2127 Dona
269 2090 387 2137 feram
403 2089 555 2140 templis;
570 2090 767 2140 vivumque
782 2102 822 2128 ut
835 2092 972 2140 Jafima
982 2092 1143 2142 perdam,

209 2140 324 2188 Hostia
336 2150 398 2191 pro
412 2141 553 2178 damnis
573 2141 723 2178 concidet
739 2142 809 2178 iola
827 2143 936 2181 meis?
998 2143 1143 2181 Hfims.

107 2203 355 2254 Zinzerlingus
376 2217 450 2255 cap.
471 2219 576 2243 xxiv.
604 2206 840 2245 Promulfidis
865 2208 1023 2245 Criticae
1046 2207 1146 2256 lege-

109 2254 170 2292 bat
183 2283 192 2300 ,
222 2255 349 2292 Vivum
367 2270 431 2306 quo
452 2258 589 2305 Jafhrza
604 2257 758 2303 perdam.
787 2270 865 2296 non
887 2267 984 2296 certe
1005 2258 1100 2296 male
1119 2257 1146 2295 fi

107 2305 197 2344 illud
215 2319 279 2354 quo
294 2319 372 2344 non
391 2306 637 2356 explicuisset,
656 2309 710 2345 cui
723 2308 814 2356 fini,
839 2310 933 2358 cujus
952 2309 1000 2345 rei
1011 2310 1146 2358 gratia,

108 2356 171 2394 sed
196 2368 262 2404 pro
301 2367 341 2393 ut
377 2358 536 2406 politum
567 2358 876 2397 animadvertisset
898 2387 909 2404 ,
943 2368 983 2397 ut
1018 2361 1148 2398 millies

109 2407 242 2444 Cicero
254 2408 292 2444 &
307 2408 378 2445 alii.
397 2409 537 2446 accedit
553 2409 598 2447 ad
614 2411 709 2447 hanc
723 2411 925 2448 lectionem
938 2411 1150 2448 Gronovia-

109 2468 176 2496 nus
192 2485 201 2501 ‚
214 2459 278 2507 qui
297 2459 404 2496 habet
423 2459 551 2495 vivum
571 2474 701 2510 quoque
722 2462 870 2510 Jasona.
890 2461 1149 2498 ssuRMANNus.

162 2508 221 2545 81.
248 2509 426 2557 Argolicas
452 2509 567 2546 timui.
590 2510 604 2559 ]
645 2511 832 2558 Argolidas
858 2512 1076 2549 Puteaneus.
1102 2512 1151 2549 fic

106 2555 249 2607 'Argolis
269 2559 436 2596 Alcmene
454 2561 548 2597 Met.
577 2573 627 2597 lx.
655 2563 738 2607 276.
766 2563 806 2599 δί
830 2562 1011 2610 Argolides
1029 2570 1151 2612 puppes

111 2607 296 2647 Remedio
314 2611 465 2648 Amoris
490 2623 572 2659 535.
601 2611 732 2649 Statius
754 2612 877 2649 Theb.
902 2624 954 2650 ιν.

161 2692 222 2702 ·-
249 2674 499 2724 Argolidasquc
514 2674 639 2713 habitu
651 2674 824 2724 praestabo
841 2676 1002 2713 maritas.

114 2736 182 2825 ξῑιῗι
196 2740 294 2826 τὲγεύο
316 2766 327 2783 ,
362 2750 474 2788 quam
511 2751 596 2778 cum
632 2738 786 2788 vulgatis
822 2739 1014 2789 Argolicas.
1049 2739 1151 2780 idem

184 2801 202 2825 e
229 2818 236 2826 .
259 2803 314 2828 11.

165 2856 227 2865 —
253 2839 353 2886 Casta
371 2850 498 2877 matres
519 2841 650 2878 cinxere
667 2852 788 2878 corona

170 2889 356 2936 Argolides.

114 2936 167 2977 Et
185 2937 243 2974 lib.
263 2952 315 2976 vi.

169 3007 230 3014 —
256 2989 462 3036 Argolidum
479 3003 569 3030 coetu
589 2993 804 3032 circumdata
822 3003 994 3033 matrum.

121 3037 206 3077 Lib.
226 3050 278 3074 1v.
299 3050 380 3086 752.
500 3081 505 3086 ¹

168 3109 231 3117 ..-
260 3095 377 3137 Neque
395 3089 482 3126 enim
502 3092 563 3141 ipse
581 3099 731 3132 Deorum

170 3138 318 3175 Arbiter
340 3140 543 3186 ,fryolidam
564 3143 731 3182 thalamis
748 3160 870 3184 novus.

117 3188 341 3278 'plaudimus
368 3189 457 3230 Bell.
490 3191 608 3232 Getie.
644 3195 729 3244 629.
766 3209 811 3237 ex
849 3197 998 3248 optimis
1031 3208 1154 3240 mem-

143 3251 234 3278 r'dsslS
248 3253 257 3277 2

2154 1265 2244 1324 Illa

1251 1422 1382 1463 Scilicet
1401 1423 1589 1475 Argolidas
1608 1420 1908 1473 Ephyreiadasque
1920 1416 2054 1468 puellas

1253 1480 1434 1525 Coeperat,
1462 1489 1505 1515 (φ
1516 1475 1682 1526 pulchras
1692 1475 1772 1523 jam
1781 1471 1942 1520 fastidire
1962 1475 2150 1504 Lacaenas.

1201 1524 1300 1562 Vide
1321 1538 1415 1575 quae
1433 1535 1527 1564 noto
1548 1525 1708 1574 Epistola
1727 1537 1778 1561 1x.
1796 1535 1831 1560 v.
1855 1533 1914 1571 73.
1943 1521 2156 1556 HEiNans.

1254 1576 1314 1613 81.
1339 1576 1539 1626 Barbara]
1569 1577 1628 1614 Sic
1649 1574 1782 1612 Noster
1802 1574 1906 1621 saepe
1924 1569 2102 1608 Medeam
2124 1572 2248 1605 vocat.

1202 1626 1313 1674 Epist.
1336 1639 1404 1664 xxx.
1428 1640 1509 1674 105.

1253 1675 1319 1712 Illa
1337 1689 1502 1727 ego,qaae
1520 1674 1585 1712 tibi
1595 1675 1677 1725 fitm
1696 1687 1788 1711 nunc
1807 1671 1953 1724 denique
1972 1668 2123 1708 barbara
2132 1668 2248 1715 fabia.

1200 1738 1274 1763 vn.
1296 1727 1452 1764 Metam.
1477 1727 1562 1769 276.

1253 1775 1459 1825 Proposttum
1476 1775 1641 1824 instruxit
1658 1772 1806 1811 mortari
1824 1770 1976 1808 barbara
1994 1782 2136 1807 munus.

1201 1825 1413 1864 mesxus.

1253 1876 1311 1914 82.
1348 1877 1559 1927 Exspeffato.
1584 1875 1600 1926 ]
1648 1875 1839 1924 Expeffata
1874 1873 2094 1911 Puteaneus.
2136 1868 2251 1908 reete.

1200 1927 1412 1966 HEINsms.
1440 1928 1499 1965 Sic
1516 1926 1660 1976 egregie
1683 1926 1796 1962 Livio
1814 1924 1875 1962 lib.
1895 1936 1982 1960 xxx.
2014 1934 2069 1968 14.
2097 1920 2249 1959 restituit

1201 1979 1372 2016 Gronov.
1393 1981 1471 2027 Qo
1489 1978 1544 2014 die
1562 1987 1697 2026 captam
1717 1975 1841 2022 hostem
1862 1973 2019 2023 vidisset,
2042 1973 2081 2010 δί
2103 1984 2148 2010 ex
2170 1971 2250 2009 Pri-

1200 2028 1321 2066 seiano
1344 2029 1541 2066 illustravit.
1568 2029 1834 2065 BURMANNUS.

1253 2079 1312 2128 83.
1340 2079 1507 2116 Carmine
1522 2077 1674 2126 movit]
1703 2077 1878 2125 Junianus
1891 2104 1901 2120 ‚
1923 2072 2164 2112 Lovanienfis
2177 2101 2186 2117 ,
2206 2072 2245 2109 &

1198 2138 1269 2168 tres
1289 2131 1348 2167 alii
1370 2130 1527 2165 carmina
1546 2129 1657 2165 novit.
1678 2139 1755 2163 non
1775 2126 1882 2163 male.
1907 2138 1936 2162 1.
1955 2126 2190 2162 Amor.vm.
2214 2134 2249 2170 ς.

1253 2180 1320 2217 Illa
1341 2193 1460 2229 magas
1476 2189 1568 2216 artes
1586 2182 1770 2227 Aeaeaque
1791 2176 1949 2213 carmina
1968 2175 2081 2212 novit.

1199 2231 1363 2280 Propert.

1254 2287 1284 2318 E
1287 2292 1303 2319 t
1319 2283 1433 2319 Circes
1449 2280 1607 2318 carmina
1628 2278 1741 2316 novit.
1922 2277 2132 2314 Hfiiusms.

1202 2333 1361 2371 Accedit
1390 2329 1702 2370 Francofurtenfis
1735 2329 1867 2367 codex.
1908 2328 2031 2365 Valer.
2069 2326 2184 2363 Flacc.
2216 2333 2248 2366 1.

1203 2384 1288 2431 416.
2088 2425 2094 2431 ·

1256 2434 1333 2483 Qi
1352 2432 1462 2471 maris
1482 2431 1624 2482 insidias
1637 2459 1648 2478 ,
1671 2430 1784 2468 clarae
1801 2428 1862 2479 qui
1873 2425 1989 2479 fidera
2005 2428 2111 2464 nonas

1258 2486 1375 2523 Norit.

1206 2536 1317 2585 Epist.
1337 2548 1397 2573 xv.
1415 2537 1474 2572 26.

1260 2593 1332 2623 Nec
1348 2596 1450 2622 norat
1470 2584 1605 2633 Lyricos
1625 2583 1711 2627 illa,
1740 2580 1798 2618 vel
1818 2580 1904 2626 illa,
1932 2578 2058 2616 modos,

1206 2638 1371 2686 Propert.
1395 2649 1426 2674 1.
1449 2649 1479 2674 1.
1499 2648 1557 2682 24.

1259 2700 1347 2750 Poffie
1364 2700 1543 2749 Cytaeaeis
1561 2699 1679 2736 ducere
1701 2695 1922 2735 carminibus.

1207 2766 1285 2803 Ubi
1307 2767 1345 2802 ὃς
1365 2765 1447 2814 nosse
1464 2776 1555 2801 unus
1575 2761 1790 2800 Broukhufii
1811 2758 1929 2797 codex
1942 2788 1951 2804 ,
1965 2756 2120 2808 Quinc't.
2143 2756 2253 2796 Decl-

1208 2828 1288 2853 xiv.
1317 2817 1350 2852 6.
1378 2814 1562 2863 Excusatio
1587 2813 1682 2865 esset,
1703 2811 1736 2862 si
1757 2810 1823 2848 illa
1843 2810 1965 2859 nosset,
1993 2823 2080 2859 quae
2093 2809 2250 2857 gratiam

1210 2866 1264 2901 tui
1297 2864 1564 2915 dcfideriumque
1600 2865 1746 2913 ingerere
1776 2859 1892 2910 possint
1931 2859 2134 2898 nolentibus.
2179 2859 2253 2896 Ubi

1209 2916 1283 2954 vid.
1306 2917 1353 2954 ita
1373 2915 1470 2964 apud
1491 2915 1682 2952 Claudian.
1706 2926 1736 2951 1.
1754 2912 1792 2949 in
1811 2914 1963 2960 eutrop.
1981 2924 2066 2957 274.

1261 2984 1313 3016 Tu
1330 2979 1436 3023 telas,
1465 2992 1534 3015 non
1553 2978 1623 3015 tela
1635 2977 1737 3028 pati,
1764 2987 1806 3013 tu
1815 2976 1971 3024 stamina
1991 2972 2084 3023 noſje.

1209 3043 1285 3081 Ubi
1314 3043 1486 3082 Heinsius
1514 3043 1661 3092 reponit
1681 3041 1755 3080 fine
1770 3042 1866 3079 libris
1890 3039 1981 3088 neffe.
2007 3037 2161 3092 minime
2186 3046 2254 3071 ne-

1207 3093 1407 3132 cestarium.
1426 3094 1473 3132 sic
1492 3095 1530 3131 &
1553 3094 1694 3143 Hygin.
1718 3105 1800 3130 101.
1821 3098 1946 3129 Artem
1973 3088 2139 3126 medicam
2159 3084 2254 3141 noffe.

1206 3146 1269 3182 ubi
1288 3146 1348 3183 alii
1363 3144 1457 3195 poffe.
1482 3146 1543 3182 hic
1562 3153 1687 3182 tamen
1708 3144 1793 3192 quia
1816 3140 1998 3191 praecedit
2013 3138 2144 3186 placet,
2165 3144 2253 3172 reti-

1207 3208 1283 3234 neo
1306 3197 1430 3232 movit.
1459 3195 1589 3237 eadem
1610 3195 1764 3236 varietas
1788 3191 1886 3242 apud
1912 3191 2052 3229 Silium.
2070 3198 2149 3224 xiv,
2174 3197 2256 3232 141.

1209 3247 1472 3287 Bunmunus.
1732 3293 1770 3333 K
1798 3303 1818 3342 3
2057 3287 2116 3339 85·
2144 3284 2262 3336 Cursu
