2553 3676
636 188 1163 264 AMORUM
1238 209 1407 246 LIB.
1484 194 1555 247 ΙΙ.

358 284 411 338 Si
436 301 538 357 qua
561 284 668 338 mei
692 294 870 333 tamen
895 277 969 331 est
993 278 1049 332 in
1073 290 1127 333 te
1151 279 1235 350 pia
1260 297 1389 333 cura
1410 278 1609 341 reli-&th

416 356 595 426 Incipe
619 351 866 423 pollicitis
891 349 1091 404 addere
1117 350 1248 404 facia
1276 352 1416 406 tuis:-

354 427 623 497 Parvaque
647 422 1041 495 quamprimum
1066 422 1390 494 rapientibus
1415 424 1586 478 esseda
1613 429 1845 491 mannis3

421 498 528 567 Ipsa
553 513 647 567 per
671 493 909 548 admissas
935 509 1167 549 concute
1192 497 1303 549 lora
1326 494 1489 566 jubas,

347 570 424 622 At
447 585 567 630 VOS,
607 569 712 640 qua
735 567 944 630 veniet,
982 568 1176 621 tumidi
1201 567 1448 622 subsidite
1475 580 1711 622 montes:

419 638 492 693 Et
519 638 696 694 faciles
722 640 895 694 curvis
920 641 1134 695 vallibus
1159 640 1420 696 este-viae.

1634 216 1709 263 17'.

246 518 311 567 50

14 814 15 819 ,
60 789 104 816 ex
122 774 220 813 Urbe
237 773 522 819 discedentibus,
550 771 621 812 nisi
640 775 850 819 montibus,
878 788 921 814 ac
939 775 1091 814 vallibus
1144 784 1297 826 utraque
1327 776 1439 814 leciio
1468 775 1636 825 congruit
1661 774 1789 814 sensui.
1816 776 1995 816 Maurus.
2023 783 2105 829 Qu
2131 789 2191 831 vc}

10 833 15 853 l

55 827 261 877 peragratis,
288 825 460 863 accedere
481 837 559 862 non
576 826 677 863 licet,
699 827 918 864 Cmmuus.

108 889 163 925 5¹·
190 879 272 924 Qu
288 875 440 924 veniet.]
465 876 617 925 Legitur
639 877 750 914 etiam
769 878 806 914 in
825 877 1087 926 exemplaribus

10 921 13 932 ¹
57 940 154 971 cum,
181 936 376 977 utrumque
398 925 507 964 reste.
534 929 618 975 Qa
643 927 857 965 adverbium
886 928 933 965 est
954 927 1088 976 fignifi-

3 994 12 1027 j
53 989 133 1017 cans
160 989 224 1027 per
252 978 377 1016 locum
399 1005 411 1023 ,
449 989 527 1014 cum
564 977 778 1016 adverbium
816 978 991 1027 temporis
1026 977 1088 1016 est,

466 1136 518 1202 E
616 1136 818 1202 L.E
917 1138 981 1203 G
1074 1124 1256 1202 I'A

336 1317 448 1453 δῖ

1145 829 1216 863 niet
1239 827 1420 864 meliores.
1443 839 1488 863 11.
1510 828 1591 863 Art.
1618 837 1700 875 344.

1194 879 1344 924 {Quaque
1363 876 1462 913 venit
1479 876 1610 912 multas
1629 876 1753 927 accipit
1770 877 1887 915 amnis
1907 892 2030 929 aquas.

1144 928 1358 965 Hflrusrus.

1195 991 1253 1028 51.
1281 976 1458 1028 Montes.]
1489 976 1654 1026 Subsidite
1673 978 1768 1016 colles
1784 980 1984 1020 Vaticanus
2004 992 2106 1020 unus.

1381 1135 1770 1203 XVII,

468 1317 583 1390 quis
611 1316 738 1379 erit,
775 1317 867 1389 qui
892 1328 1047 1388 turpe
1072 1327 1226 1388 putet
1250 1315 1443 1389 servire
1467 1317 1700 1388 puellae3

494 1391 594 1444 Illo·
613 1389 901 1443 convincar
921 1388 1101 1459 judice
1130 1389 1295 1460 turpis
1322 1406 1440 1460 ego.

335 1464 446 1517 Sim
469 1463 594 1516 licet
622 1461 858 1524 infamis;
899 1461 1030 1515 dum
1053 1479 1140 1515 me
1168 1461 1494 1516 moderatius
1517 1474 1664 1526 urat,

409 1535 564 1607 Quae
591 1534 842 1606 Paphon,
881 1534 934 1586 δε
965 1533 1131 1587 flu6³cu
1158 1534 1300 1605 pulsa
1323 1532 1566 1606 Cythera*
1586 1546 1751 1588 tenet.

267 1624 295 1672 5
335 1609 518 1679 Atque
542 1608 744 1661 utinam
769 1607 1018 1660 dominae
1042 1606 1158 1659 miti
1182 1623 1401 1678 quoque
1423 1607 1618 1678 praeda
1643 1605 1882 1672 fuiffem3

406 1679 691 1734 Formosae
716 1678 968 1751 quoniam
992 1678 1186 1749 praeda
1208 1678 1416 1732 futurus
1441 1697 1600 1733 eram.

327 1751 437 1805 Dat
462 1751 620 1805 facies
646 1752 862 1804 animos.
903 1750 1036 1803 facie
1060 1751 1289 1803 violenta
1315 1750 1555 1805 Corinna
1577 1751 1680 1813 est;

405 1823 538 1893 (Me
564 1824 837 1877 miserum!
881 1841 976 1876 cur
1001 1821 1075 1876 est
1099 1836 1208 1876 tam
1230 1823 1367 1876 bene
1391 1836 1518 1876 nota
1546 1823 1637 1877 fibi
1653 1825 1706 1892 ?)

328 1895 542 1950 Scilicet
563 1913 600 1947 ‘a
624 1894 821 1966 speculi
844 1895 1120 1948 sumuntur
1144 1895 1372 1966 imagine
1396 1894 1581 1957 fastus;

224 1984 286 2021 10

35 2177 38 2180 ·
86 2175 120 2214 3.
147 2165 217 2203 sim
237 2166 313 2205 Hcet
330 2167 512 2215 infamia]
542 2168 631 2205 Hoc
648 2165 803 2204 verbum
821 2164 966 2212 infamis
985 2176 1070 2203 cum

37 2215 147 2254 altero
170 2218 299 2267 turpis,
325 2219 427 2267 quod
449 2218 497 2256 est
513 2219 551 2256 in
568 2218 742 2266 superiori
762 2216 943 2261 carmine,
969 2216 1070 2254 idem

39 2265 127 2304 sunt.
154 2268 373 2306 Cxomuus.

87 2328 120 2364 3.
147 2323 244 2355 Dum
264 2333 318 2356 me
342 2319 550 2356 moderatius
571 2318 689 2367 urat.]
721 2318 778 2356 Sic
799 2330 884 2355 cum
907 2317 1071 2355 meliori-

37 2365 98 2404 bus
132 2368 369 2408 scribendum.
413 2372 606 2419 Perperam
648 2369 882 2406 moderantius
920 2368 1069 2416 vulgati.

37 2417 111 2461 Adi
128 2419 241 2458 Notas
265 2423 415 2458 Metam.
435 2422 495 2458 lib.
519 2435 549 2459 1.
568 2421 621 2463 fis.
643 2433 722 2467 510.
747 2421 958 2457 Herusrus

84 2480 119 2515 4.
145 2471 243 2517 Qae
264 2471 440 2520 Paphon.]
460 2471 670 2519 Periphrafis
687 2471 854 2507 Veneris.
876 2469 1044 2506 CIOFAN.

34 2538 35 2541 ¹
84 2531 117 2564 4
146 2520 249 2569 Pulsa
277 2521 466 2570 Cythera]
494 2522 618 2558 cine-ta
639 2532 730 2558 unus
753 2519 918 2556 Heinliii.
945 2519 1067 2555 Fluc‘z‘u

35 2567 128 2605 culm
142 2569 276 2618 septem
300 2573 369 2609 alii.
398 2571 537 2608 FluHus
557 2570 650 2607 culta
675 2571 841 2607 Francos.
871 2570 1007 2606 Mor-eti
1029 2571 1067 2606 δε

35 2628 187 2667 quatuor
207 2622 277 2659 alii.
304 2627 332 2658 E
349 2621 458 2671 flucflu
478 2633 563 2659 nasa
582 2622 782 2658 Vaticanus
800 2622 837 2657 &
855 2621 969 2668 prima
989 2619 1066 2656 edi-

33 2670 99 2706 tio.
133 2675 178 2706 Et
196 2670 325 2721 fluffus
352 2686 493 2722 aequore
522 2683 607 2708 nata
642 2671 780 2708 Moreti
806 2671 942 2708 tertius.
980 2670 1067 2706 latet

32 2719 336 2770 aliquidcythera
355 2733 477 2760 autem
501 2722 625 2771 plurali
644 2733 800 2758 numero
820 2719 944 2758 dixiffe
957 2720 1067 2757 docet

35 2768 177 2808 Servius
196 2773 240 2809 ad
257 2774 318 2810 lib.
341 2785 368 2810 ι.
391 2773 544 2811 Aeneid.
566 2772 649 2809 680.
672 2774 707 2808 «St
730 2783 763 2808 x.
787 2784 842 2819 51.
872 2772 1000 2808 Euam.

86 2833 118 2867 ς.
147 2826 265 2870 Atque
290 2824 430 2859 utinam
455 2824 617 2860 dominae
644 2821 781 2873 mitis]
813 2822 898 2857 Mili
921 2823 1065 2869 elegan-

32 2869 102 2907 tius
128 2882 218 2907 unus
248 2873 383 2910 Moreti
411 2876 447 2911 &
475 2874 702 2911 Sarravianus
730 2883 814 2909 cum
843 2873 953 2910 tribus
980 2872 1065 2909 aliis.

34 2927 75 2957 ut
93 2932 138 2956 11.
158 2920 264 2957 Trist.
292 2923 370 2958 106.

27 2982 30 2984 ’
86 2969 220 3006 Praeda
234 2971 308 3016 fuit
330 2972 467 3009 canibus
483 2988 567 3011 num
585 2974 700 3011 minus
720 2972 778 3010 ille
788 2972 888 3022 suis?

34 3019 248 3057 HEINsms.

85 3081 118 3116 7.
156 3071 250 3106 Facie
277 3070 430 3107 violenta
462 3074 616 3110 Corinna
642 3074 728 3123 est.]
768 3075 881 3111 Facies
908 3073 1064 3110 violenta

35 3120 205 3156 Corinnae
224 3120 275 3167 est,
303 3122 467 3168 optimus
480 3123 657 3160 Palatinus
676 3153 684 3168 ,
702 3126 915 3163 Puteaneus
935 3126 973 3164 ὃ(
992 3133 1062 3163 tres

35 3169 126 3210 alii:.
143 3183 233 3208 unus
252 3172 354 3221 Med.
376 3173 416 3207 τὸ
434 3171 475 3217 est
494 3184 568 3208 non
587 3173 702 3210 habet.
731 3175 869 3213 Scribe:

292 3250 382 3255 --.
401 3221 514 3257 Facies
531 3221 684 3257 violenta
703 3223 872 3260 Corinnae

85 3269 169 3324 (My
189 3271 375 3322 miserum!
387 3272 400 3321 )
425 3285 482 3310 cur
503 3271 544 3320 est
563 3280 636 3310 tam
659 3271 736 3310 bene
755 3283 833 3312 nota
847 3272 938 3324 fibi}

395 1968 512 2024 Nec
537 1965 632 2021 nisi
658 1966 1007 2039 compositam
1031 1967 1082 2021 se
1107 1968 1249 2040 prius
1272 1968 1355 2021 illa
1379 1967 1543 2024 videt.

2045 2042 2173 2099 Non

1128 2165 1341 2203 Heinsius.
1369 2166 1438 2205 Sed
1457 2166 1482 2204 fi
1502 2168 1550 2204 ita
1570 2166 1688 2216 legas,
1708 2164 1776 2215 fibi
1796 2177 1863 2215 pro
1883 2165 1938 2202 illi
1958 2165 2005 2204 est
2027 2167 2173 2214 capien-

1127 2214 1237 2258 dum,
1267 2217 1369 2265 quod
1396 2217 1473 2254 fieri
1499 2218 1612 2254 solere
1640 2229 1716 2254 non
1738 2229 1860 2265 nego3
1888 2215 1949 2253 sed
1975 2217 2061 2253 huic
2081 2216 2169 2253 loco

1126 2267 1188 2303 vix
1209 2269 1389 2315 congruit.
1419 2268 1574 2316 respexit
1602 2269 1697 2305 forte
1721 2267 1894 2305 Heinsius
1918 2266 1962 2305 ad
1982 2267 2040 2304 illa
2060 2265 2169 2314 Epist*

1127 2329 1228 2353 xvir.
1255 2329 1313 2366 37.

1177 2373 1256 2404 Aut
1277 2382 1352 2405 mea
1366 2367 1414 2418 fit
1426 2369 1536 2416 facies
1555 2383 1621 2406 non
1644 2369 1722 2406 bene
1744 2380 1825 2406 nota
1847 2368 1947 2405 mihi.

1126 2417 1196 2456 Sed
1224 2419 1272 2455 ibi
1302 2431 1354 2456 res
1383 2420 1431 2456 est
1453 2420 1637 2469 perspicua
1663 2449 1673 2465 ,
1710 2422 1770 2457 hic
1798 2432 1886 2457 vero
1908 2417 2033 2454 dubito
2053 2416 2165 2455 etiam

1124 2480 1167 2504 :m
1179 2470 1289 2515 facies
1310 2469 1466 2507 violenta
1485 2472 1581 2509 recte
1603 2471 1751 2508 dicatur.
1778 2480 1889 2517 quare
1909 2479 1977 2515 ego
1999 2475 2164 2505 veterem

1124 2521 1294 2556 omnium
1324 2520 1509 2557 editorum
1538 2520 1739 2558 leffionem
1772 2519 1897 2556 reduxi
1922 2545 1931 2561 ,
1967 2518 2004 2553 &
2034 2517 2166 2555 Penta-

1124 2578 1284 2606 metrum
1320 2582 1383 2617 per
1419 2570 1647 2607 Parenthesm
1680 2568 1912 2617 interjectum
1943 2566 2166 2615 distinguen-

1124 2618 1211 2656 dum
1236 2628 1338 2667 puto,
1357 2619 1510 2656 violenta
1527 2619 1569 2665 est
1580 2620 1693 2666 facie,
1709 2619 1743 2656 id
1767 2620 1813 2655 est
1834 2625 1982 2666 propter
2002 2617 2164 2655 formam

1123 2670 1170 2706 est
1198 2682 1364 2718 arrogans
1386 2698 1396 2713 ‚
1433 2672 1628 2719 impotens.
1658 2671 1705 2706 ita
1738 2681 1795 2705 rr·
1820 2671 1899 2705 Art.
1933 2679 2016 2716 309.
2047 2668 2165 2705 Torvd

1122 2719 1303 2756 violentior
1324 2720 1482 2769 Medusd.
1511 2723 1548 2757 δί
1572 2721 1619 2757 fic
1641 2719 1793 2755 violenta
1815 2717 1999 2766 Tragoedia
2017 2717 2077 2766 lib.
2098 2731 2164 2757 111.

1122 2770 1224 2819 Eleg.
1249 2783 1278 2808 ι.
1298 2783 1407 2819 quam
1429 2772 1548 2819 postea
1569 2771 1760 2818 animosam
1780 2778 1911 2812 vocat,
1931 2776 1971 2805 ut
1990 2769 2050 2805 hic
2073 2780 2164 2806 con-

1117 2821 1262 2869 jungit,
1291 2822 1353 2857 dat
1373 2822 1481 2868 facies
1501 2821 1655 2864 animos,
1684 2821 1722 2857 δε
1743 2819 1836 2865 facie
1855 2816 2010 2855 violenta
2031 2818 2084 2865 est.
2112 2821 2161 2857 ita

1121 2871 1315 2919 animosum
1339 2872 1519 2909 Achillem
1545 2879 1653 2908 vocat
1680 2871 1788 2918 Epist.
1812 2882 1902 2906 vm.
1929 2880 1962 2917 3.
1993 2870 2031 2905 ὃς
2052 2869 2161 2916 Epist.

1121 2933 1180 2958 xx.
1210 2934 1270 2968 93.
1300 2921 1400 2957 Nihil
1421 2921 1461 2967 est
1482 2922 1666 2958 violentius
1689 2920 1762 2957 illa.
1791 2932 1903 2968 quam
1927 2919 2047 2967 postea
2070 2930 2159 2956 vers,

1126 2983 1205 3020 115.
1226 2971 1418 3020 animosam
1438 2980 1558 3011 vocat.
1586 2972 1660 3010 vid,
1682 2973 1719 3008 δε
1742 2971 1785 3009 ad
1808 2971 1868 3008 lib.
1893 2983 1923 3007 1.
1945 2972 2075 3006 Amor.
2097 2979 2157 3006 xv.

1123 3034 1179 3071 19.
1207 3022 1473 3059 Bmzmsmus.

1174 3085 1229 3110 10.
1259 3073 1360 3109 Prius
1388 3071 1638 3122 compofitam.]
1667 3073 1768 3110 Prius
1794 3079 1971 3109 ornatam.
2001 3068 2057 3103 Sic
2072 3077 2156 3102 om-

1118 3124 1209 3161 nino
1228 3136 1277 3160 >ex
1310 3124 1556 3173 manuscriptis
1588 3122 1771 3161 codicibus
1795 3120 1990 3170 legendum
2017 3116 2063 3153 cst
2081 3116 2154 3155 110⁴:

1120 3185 1290 3211 carmen:

1173 3229 1242 3257 Nec
1264 3221 1329 3271 nisi
1351 3222 1560 3276 compofitam
1582 3224 1626 3269 se
1646 3223 1741 3271 prius
1767 3221 1828 3258 illa
1857 3218 1966 3256 videt.

1120 3272 1300 3313 Minimas
2135 3286 2144 3321 j

1566 3322 1601 3359 L
1622 3319 1663 3358 ll
1700 3331 1720 3368 3
2008 3326 2064 3356 Π,
2090 3321 2174 3363 NJ&
