2553 3676
2 1778 3 1781 Ἴ
63 1728 126 1778 qui
146 1727 273 1784 possent
300 1727 417 1778 paucis
440 1726 557 1764 diebus
583 1754 593 1770 ,

558 193 1133 260 REM-EDIA
1205 192 1695 256 AMORIS.

279 299 286 306 ’
350 293 441 352 Ille
464 293 622 352 habet
639 292 700 348 in
722 286 901 346 reditu
925 285 1132 340 navim:

419 367 673 438 Cogitet,
710 362 766 415 &
790 360 988 413 damno
1014 358 1169 412 litora
1194 359 1354 414 foeda
1378 364 1489 417 suo.

202 376 238 438 ³5
245 385 309 436 70

2094 215 2156 266 75
2165 223 2186 266 3

1173 301 1318 345 mare
1343 290 1547 364 semper
1569 289 1813 363 iniquum

354 440 516 496 Filius
539 439 679 492 hunc
702 431 877 494 mileS‚
916 441 971 484 te
992 430 1097 484 filia
1120 429 1310 484 nubilis
1336 444 1544 502 angant.

425 511 499 566 Et
523 508 640 579 quis
663 521 776 558 -non
800 501 991 558 caussas
1013 502 1156 558 mille
1172 501 1382 556 doloris
1406 503 1597 558 habet?

350 583 430 639 Ut
452 579 610 653 poffis
635 575 802 631 odiss'e
827 590 973 630 tuam
988 612 1004 637 ‚
1041 575 1192 638 Pari,
1229 574 1418 631 funera
1440 574 1664 634 fratrum

421 652 696 708 Debueras
722 648 888 703 oculis
911 647 1220 702 substituiffe
1245 648 1362 702 tuiS.

205 740 306 802 '575
342 726 501 783 Plura
522 723 870 797 loquebatur3
905 721 1174 792 placidum
1197 721 1412 792 puerilis
1436 721 1617 793 imago

288 789 315 819 ‘⁵
428 798 684 854 Destituit
707 797 979 850 somnum:
1016 793 1056 847 fi
1080 793 1250 847 modo
1272 793 1487 849 somnus
1514 806 1642 849 erat.

346 871 502 945 Quid
526 869 747 925 faciam?
787 865 966 922 media
989 866 1167 921 navim
1191 866 1464 922 Palinurus
1489 867 1545 922 in
1569 867 1717 924 unda

425 943 652 998 Deserit.
692 942 899 1013 ignotas
923 956 1092 1010 cogor
1117 939 1251 993 inire
1275 940 1402 998 vias,

356 1016 612 1089 Quisquis
637 1031 776 1070 amas
790 1016 825 1094 .(
837 1014 952 1069 loca
974 1012 1083 1066 sola
1106 1014 1340 1081 nocent)
1367 1013 1486 1067 loca
1509 1011 1615 1068 sola
1639 1014 1848 1083 caveto}

210 1089 314 1163 '5580

427 1092 554 1160 Quo
578 1087 746 1159 fugis?
786 1104 842 1143 in
864 1085 1064 1157 populo
1089 1086 1256 1139 tutior
1284 1084 1386 1139 effe
1410 1098 1579 1157 potes,

354 1163 482 1220 Non
507 1160 602 1214 tibi
627 1160 844 1214 secretisv
865 1160 1092 1228 (augent
1115 1158 1316 1212 secreta
1338 1157 1581 1226 furores)

424 1233 519 1290 Est
543 1250 701 1306 opus:
742 1230 937 1289 auxilio
962 1230 1114 1286 turba
1135 1229 1314 1286 futura
1337 1229 1433 1284 tibi
1457 1229 1545 1286 est.

2012 1300 2205 1362 Tristis?

57 1426 197 1463 scilicet
214 1423 345 1463 laboris
358 1423 407 1462 est
429 1430 687 1473 argumentum
702 1449 712 1468 ,
733 1420 758 1461 fi
779 1422 839 1461 vel
860 1433 972 1461 unam
991 1433 1109 1462 vocu-
1162 1422 1252 1460 tiani
1281 1423 1320 1461 δε
1350 1419 1410 1461 sex
1441 1422 1501 1462 alii
1520 1420 1667 1461 codices
1686 1426 1697 1467 3
1719 1420 1944 1474 praqtosuiffi.
1972 1420 2105 1471 Lego,
2127 1424 2209 1471 Ρνςέ

62 1476 136 1515 lam
167 1476 205 1513 in
232 1474 432 1525 paraphrasi
457 1484 590 1513 mutes.
618 1474 677 1512 sed
699 1485 769 1522 ego
791 1483 906 1522 puto,
934 1475 973 1511 in
993 1475 1109 1511 redita
1158 1474 1303 1523 posuisse.
1333 1474 1415 1512 Lib.
1431 1474 1675 1523 11.Art.516.

63 1525 187 1563 habere
207 1535 359 1569 notare,
396 1526 460 1575 qui
481 1537 526 1563 ex
546 1526 633 1563 navi
651 1526 870 1574 quotannis,
907 1534 947 1562 ut
973 1525 1033 1562 alii
1062 1537 1109 1562 ex

63 1578 155 1625 agris
169 1605 180 1622 ‚
207 1578 366 1614 reditum
385 1576 480 1624 capit
494 1603 505 1620 ‚
543 1577 581 1613 δε
602 1576 687 1613 inde
709 1577 898 1624 quaestum
921 1576 1031 1617 facit3
1062 1575 1110 1612 fic

61 1627 201 1665 Plinius
222 1628 437 1665 Valerianus
458 1628 496 1664 in
515 1627 741 1674 praefatione
760 1626 820 1663 sua
839 1625 884 1663 de
906 1627 962 1663 Re
985 1625 1110 1663 Medi-

64 1688 126 1716 ca:
158 1677 340 1726 Qosdam
359 1677 499 1726 comperi
526 1676 585 1714 hoc
609 1690 726 1725 genere
747 1676 892 1725 graffari
913 1676 1109 1725 languores,

642 1727 700 1763 vel
725 1727 832 1767 etiam
860 1726 951 1763 horis
978 1727 1113 1776 repelli,

65 1787 108 1814 ut
140 1791 177 1814 m
204 1778 342 1825 longum
370 1787 501 1827 tempus
522 1777 742 1826 protuberent
772 1805 782 1821 ‚
837 1789 880 1816 ω’
904 1790 1015 1825 aegros
1035 1778 1115 1825 suos

3 1858 4 1861 ,
65 1827 130 1864 diu
153 1828 192 1864 in
218 1829 333 1865 reditu
360 1828 536 1865 haberent.
588 1829 716 1866 Senec.
737 1827 783 1865 de
812 1827 946 1865 Brevit.
975 1828 1042 1864 vit.
1063 1840 1114 1865 XI.

66 1883 177 1922 Tota,
206 1879 272 1925 (ut
289 1879 340 1915 ita
361 1879 502 1926 dicam)
523 1878 560 1914 in
580 1878 694 1915 redita
716 1877 769 1924 est.
796 1877 913 1916 sensus
934 1889 1020 1926 ergo
1043 1878 1089 1914 est
1105 1905 1115 1922 ‚

4 1947 5 1959 ἢ
65 1929 133 1977 qui
153 1929 244 1966 nihil
267 1930 420 1978 possidet
434 1936 579 1978 praeter
598 1930 746 1966 unicam
775 1940 909 1966 navem
924 1956 935 1972 ,
975 1939 1019 1964 ex
1043 1940 1116 1976 qua

67 1980 184 2018 vitam
204 1979 360 2024 toleret,
388 1982 426 2018 &
446 1979 637 2029 quaestum
657 1979 768 2018 faciat
780 2006 793 2025 ,
824 1980 963 2028 cogitet
977 1978 1119 2027 semper

0 2055 2 2058 ψ
66 2039 168 2067 mare
184 2031 365 2079 iniquum.
393 2031 522 2069 BuRM.

0 2148 1 2152 =
66 2122 131 2167 nia
151 2129 265 2169 editio
287 2133 324 2169 &
343 2131 461 2180 scripti
487 2143 619 2170 ornnes
640 2131 824 2168 meliores,

0 2184 2 2195 ¹
68 2179 191 2229 legas?
220 2181 268 2219 fic
291 2182 423 2220 Noster
440 2182 501 2220 lib.
521 2194 598 2220 xm.
619 2182 715 2218 Met.
740 2192 821 2227 104.

2 2310 9 2390 t

6 2392 10 2415 ἱ

120 2091 206 2128 570.
233 2086 376 2117 Damno
395 2081 515 2118 littora
526 2080 638 2128 saeva
648 2079 748 2130 fita]
777 2063 912 2116 Littera
923 2078 1028 2125 foeda
1047 2080 1119 2128 pri-

120 2231 256 2268 Littora
274 2238 472 2270 Camarum
485 2261 496 2278 ‚
525 2232 598 2270 loca
607 2233 705 2280 fheta
717 2229 927 2281 palustribus
945 2232 1068 2272 ulvis?

0 2275 9 2298 '¹
64 2279 200 2331 Nirgil.
217 2282 278 2320 lib.
304 2283 399 2321 Aen.
421 2296 453 2321 1.
475 2295 532 2331 51.

121 2332 331 2371 Nimborum
351 2334 390 2370 in
396 2334 552 2383 patriam
566 2362 576 2379 ,
588 2333 660 2370 loca
662 2335 762 2381 foeta
765 2331 968 2380 furentibus
979 2332 1103 2381 austris
1114 2362 1124 2380 ‚

124 2382 287 2419 Aeoliam
307 2387 418 2422 venit.
469 2385 684 2422 Hemsxus.

74 2429 335 2468 Verofimilem
367 2434 622 2480 conjeeturam
649 2436 789 2473 faciunt
816 2434 892 2473 cluo
919 2435 1064 2474 codices
1084 2438 1123 2475 in

13 2511 16 2517 .
68 2480 205 2578 ⁸quibus
224 2487 321 2525 erat,
341 2481 472 2530 plena,
500 2493 577 2530 quo
594 2483 912 2528 verboleoffator
925 2485 1124 2534 explicuit,

12 2546 15 2550 ⁴
93 2540 178 2568 oeta.

131 2592 213 2629 571..
240 2581 432 2630 Hune-filia
452 2582 581 2621 nubilis
599 2583 744 2634 angam]
775 2590 820 2622 Te
840 2585 921 2632 filia
942 2588 1059 2626 iidem
1078 2588 1122 2625 li·-

3 2627 19 2667 st
76 2627 144 2668 bri.
171 2634 208 2669 8<
225 2633 300 2670 hoc
323 2634 428 2671 bene.
455 2644 589 2683 angant
606 2638 718 2673 etiam
729 2637 947 2674 Puteaneus.
975 2639 1122 2676 Hfims.

77 2680 140 2736 De
163 2683 212 2738 τῷ
229 2696 348 2732 angere
377 2685 518 2734 egimus
546 2686 606 2723 lib.
639 2698 720 2724 111.
743 2686 824 2724 Art.
852 2699 932 2734 541.
971 2689 1041 2726 Sed
1061 2689 1122 2727 hic

77 2742 117 2768 m
140 2731 310 2770 Leidenst
329 2743 424 2779 erat,
453 2746 558 2773 urat:
586 2736 768 2785 eleganter
789 2738 1011 2777 mehercule.
1033 2739 1119 2777 vide

78 2792 174 2830 quae
205 2782 248 2820 ad
286 2795 366 2821 111.
394 2787 475 2823 Art.
508 2787 593 2824 Am.
617 2800 698 2834 541.
724 2788 818 2825 hanc
839 2800 928 2826 vcro
952 2801 1030 2827 non
1048 2788 1120 2827 effe

80 2831 206 2871 levem
232 2833 514 2873 sollicitudinem
554 2837 665 2875 docet
696 2839 883 2876 Lucianus
913 2841 950 2876 in
976 2841 1120 2878 Toxari

81 2893 162 2941 pag.
182 2884 263 2928 624.
309 2886 466 2927 Μάλιςοι
488 2886 528 2922 δὲ
550 2886 682 2931 ἀντ-ὂν,
720 2889 793 2929 fivia
817 2889 970 2935 θυγατῆρ
1001 2891 1093 2931 ἀυτὴ
1111 2917 1125 2935 ,

78 2933 260 2978 επῑγκμος
279 2932 339 2973 κ’ἓῆ
358 2938 421 2972 καὶ
440 2937 747 2980 ὀκτωκιιιόε-κάτις
780 2937 876 2977 οὖσαι,
905 2940 1031 2978 ssuRM.

137 2994 221 3029 572.
259 2983 360 3019 lele
385 2985 555 3036 doloris.]
602 2989 796 3038 Eleganter
824 2992 963 3028 Moreti
1003 3003 1096 3029 unus
1115 3019 1126 3036 ,

10 3063 13 3089 3
84 3032 180 3070 mille
191 3032 332 3082 salutis.
359 3045 471 3082 quam
490 3038 665 3075 nimirum
684 3052 730 3076 ex
752 3040 938 3078 doloribus
959 3042 996 3078 &
1015 3043 1106 3079 curis
1120 3070 1130 3085 ,

83 3084 121 3120 δε
135 3084 225 3121 meis
234 3086 458 3133 praeceptis,
473 3086 510 3123 &
523 3082 714 3136 aliiS‚quae
735 3091 806 3139 ipse
827 3091 889 3129 sibi
911 3091 995 3130 dare
1014 3092 1132 3142 potest

84 3142 228 3171 amator
247 3161 258 3179 ,
285 3135 407 3172 habet.

134 3196 218 3234 573.
248 3185 386 3235 Poffes.]
417 3184 514 3233 Poffis
538 3187 662 3225 iidem.
697 3189 906 3231 Hemsxus.

1215 1531 1402 1574 Proponent
1424 1525 1542 1563 animo
1572 1524 1687 1562 malta
1698 1524 1846 1573 ferenda
1857 1523 1935 1573 suo.

1167 1575 1225 1613 Sic
1247 1575 1355 1623 paulo
1378 1583 1463 1613 ante
1488 1588 1571 1623 514.

1217 1623 1392 1674 Propofitis
1402 1626 1516 1673 frenis
1535 1629 1630 1677 fhepe
1650 1635 1813 1677 repugnat
1830 1639 1949 1678 equus.

1167 1676 1242 1713 Ubi
1261 1676 1380 1725 scripti
1399 1678 1473 1715 fere
1485 1675 1616 1715 ornnes
1629 1677 1847 1727 ‚praepofitis.
1875 1676 2073 1725 Vulgatam
2087 1683 2214 1715 tamen

1169 1727 1371 1764 leetionem
1399 1739 1476 1764 non
1498 1727 1649 1765 damno.
1678 1727 1874 1778 quomodo
1899 1725 1937 1764 δί
1958 1727 2047 1764 alios
2067 1727 2214 1765 locutos

1170 1777 1350 1819 memini,
1398 1776 1457 1814 sed
1490 1777 1573 1815 loca
1610 1790 1686 1816 non
1724 1779 1946 1817 succurrunt.
1999 1778 2218 1815 Heinsms.

1171 1826 1361 1875 Sustinuiffe
1378 1827 1475 1865 aliud
1497 1829 1586 1878 quid
1606 1829 1844 1877 fignificaret;
1875 1828 1920 1866 de
1949 1840 2026 1877 quo
2058 1827 2142 1865 vide
2169 1827 2217 1865 acl

1172 1878 1280 1925 Epist.
1299 1890 1387 1915 v111.
1409 1879 1465 1925 56.
1493 1878 1596 1929 quod
1617 1880 1676 1917 hic
1695 1880 1839 1917 admitti
1867 1876 1984 1928 poffet
2000 1886 2123 1915 tamen
2138 1907 2147 1922 ‚
2175 1887 2218 1916 ut

1171 1928 1305 1966 scilicet
1325 1928 1489 1966 Paridem
1509 1931 1737 1978 ignaviorem
1751 1930 1928 1976 inducat,
1957 1929 2020 1978 qui
2041 1927 2218 1967 debuisset

1175 1978 1309 2016 audere
1340 1991 1464 2017 coram
1494 1981 1650 2029 afpicere
1674 1981 1801 2018 funera
1821 1982 1985 2028 fratrum.
2011 1978 2070 2017 sed
2092 1980 2219 2028 vulga-

1176 2037 1252 2066 tam
1273 2031 1383 2067 etiam
1396 2031 1621 2074 retineo‚ets1
1639 2030 1863 2080 singulariter
1871 2030 2010 2068 dierum
2024 2030 2220 2069 sinuum.

1227 2081 1310 2128 576-
1338 2081 1503 2127 Destituit
1524 2082 1707 2131 somnus.]
1751 2082 1794 2119 In
1822 2081 2029 2125 nonnullis,
2065 2081 2221 2126 destituit

876 2129 980 2178 Quid
992 2129 1119 2175 fifoeta
1166 2130 1355 2180 finanum,
1395 2140 1435 2169 ut
1460 2131 1523 2176 fit,
1548 2131 1724 2181 placidum
1739 2133 1913 2180 lemnum.
1966 2133 2222 2170 Naum-mus.

1176 2182 1518 2230 Scriptinonnulli,
1531 2183 1685 2232 placide,
1722 2183 1759 2220 δε
1781 2182 1945 2229 Destituit
1966 2185 2107 2228 fhmnas
2131 2193 2217 2220 cuin

1178 2232 1295 2282 prima
1316 2232 1492 2277 editione;
1525 2234 1582 2272 vel
1601 2234 1710 2271 etiam
1727 2261 1738 2278 ,
1752 2234 1922 2280 Destituor
1934 2233 2063 2280 finnno.
2091 2244 2220 2280 perpe-

1180 2284 1396 2321 ram.‘Plara
1415 2284 1616 2334 loquebatur
1627 2312 1637 2329 ,
1648 2285 1723 2322 hoc
1735 2282 1783 2321 'est
1797 2312 1806 2327 ,
1816 2284 2004 2333 postquam
2021 2283 2119 2330 plura
2133 2282 2221 2320 effer

1178 2334 1302 2373 locuta
1314 2363 1324 2379 ,
1352 2335 1512 2373 destituit
1529 2335 1938 2373 somnum.·HE1Ns1us.
1954 2332 2116 2370 Placidus
2127 2345 2221 2371 unus

1178 2385 1323 2423 Heinfii
1352 2387 1391 2423 δε
1421 2385 1518 2423 Edit.
1546 2386 1706 2434 Micylli.
1755 2385 1907 2432 destituit
1925 2386 2065 2433 somnus
2089 2383 2221 2421 recinas

1179 2435 1252 2474 dici
1271 2443 1386 2485 put0,
1419 2435 1559 2474 scilicet·
1579 2436 1829 2473 dormientem
1849 2446 1910 2472 me
1925 2463 1934 2477 ,
1971 2445 2082 2482 quam
2110 2435 2222 2481 imago

1179 2486 1517 2536 destituitfhmnum.
1544 2484 1689 2535 discuffit
1710 2486 1838 2522 melius
1863 2482 2014 2523 dixisset.
2042 2486 2091 2522 ita
2111 2484 2224 2535 Epist.

1174 2549 1240 2575 xv.
1264 2540 1346 2587 136.

1228 2593 1316 2625 Tam
1331 2587 1400 2624 cito
1420 2601 1473 2625 me
1486 2586 1621 2636 somnos
1645 2586 1821 2636 destituiffi’
1841 2600 1971 2636 queror.

1175 2640 1304 2686 Quare
1332 2638 1512 2676 mendum
1547 2640 1585 2676 in
1627 2649 1722 2675 voce
1752 2637 1931 2686 placidam
1957 2639 2071 2675 latere
2104 2638 2225 2686 puto}

1177 2689 1281 2737 quod
1314 2697 1356 2726 ut
1401 2690 1618 2738 epithethon
1655 2688 1821 2737 apposuit
1873 2688 2018 2737 vulgare
2063 2687 2225 2727 librarius

1177 2737 1362 2788 glossator.
1390 2740 1509 2777 forte:

1222 2789 1335 2827 Plura
1369 2789 1572 2839 loquebatur
1598 2789 1686 2828 mihi
1717 2789 1803 2827 dam
1833 2788 1918 2839 (vel
1943 2788 2048 2830 cnm)
2083 2788 2226 2839 puerilis

1399 2854 1533 2890 amago,

1285 2890 1451 2938 Destituit
1460 2895 1614 2940 somnus.
1651 2891 1911 2930 BuRMANNus.

1235 2952 1318 2990 577.
1349 2942 1468 2979 Media
1491 2956 1619 2980 navem
1638 2943 1826 2980 Palinurus
1847 2943 1886 2979 in
1906 2941 2013 2978 unda.
2039 2939 2054 2990 ]
2085 2939 2224 2976 Navim

1182 2992 1321 3040 'Regius
1343 2993 1380 3029 &
1402 2993 1607 3031 Puteaneus
1628 3005 1713 3030 cum
1735 3006 1812 3031 uno
1834 2993 2018 3030 Vaticano
2032 3018 2040 3031 ‚
2081 2998 2119 3026 ut
2146 2991 2227 3038 jam

1184 3042 1271 3080 dixi.
1308 3043 1440 3081 deinde
1463 3044 1594 3080 medias
1613 3044 1725 3080 undas
1744 3045 1961 3082 Puteanens.
2015 3040 2228 3078 Hismsius.

1186 3093 1311 3130 navim
1339 3094 1451 3131 etiam
1473 3095 1643 3133 Francof.

1241 3143 1324 3183 (81.
1354 3150 1452 3182 Nam
1488 3145 1552 3182 tibi
1581 3145 1722 3194 ficretos
1758 3152 1882 3192 augent
1921 3142 2050 3190 secreta
2072 3140 2232 3186 sarore5,'

1189 3193 1245 3239 Est
1276 3202 1353 3241 opas
1372 3194 1526 3240 anxilio,
1554 3196 1657 3232 turba
1675 3197 1806 3242 fusura
1834 3191 1896 3228 tihi
1922 3191 2003 3240 cst.]
2042 3191 2149 3228 Haec
2177 3192 2234 3229 in-

135 3247 217 3282 574.
244 3235 446 3291 Sulqstitmffi
462 3236 570 3293 tuin]
599 3238 787 3288 sustinuisse
815 3243 932 3291 scripti
957 3245 1119 3294 plerique
1175 3244 1420 3292 quinatiffima
1441 3245 1533 3283 sunt.
1562 3258 1627 3294 pro
1644 3273 1652 3288 ,
1673 3245 1815 3292 secretos
1833 3243 1922 3279 alter
1945 3242 2079 3289 Regius
2095 3269 2105 3284 ,
2125 3241 2235 3290 secre-

81 3297 169 3325 cum
191 3286 307 3334 Jureti
327 3287 364 3326 &
384 3287 551 3336 Scaligeri
580 3290 769 3339 excerptis.
818 3292 998 3343 Excerpta
1019 3295 1120 3342 Peli}
1175 3294 1232 3344 tis.
1257 3305 1324 3342 pro
1348 3300 1445 3334 Nam
1482 3296 1714 3336 Puteaneus,
1742 3299 1832 3345 Non.
1871 3293 1909 3331 ὃς
1936 3292 2099 3342 sequenti
2129 3291 2235 3330 versu

1546 3345 1712 3382 Ccccc
2146 3354 2241 3393 pro,
