2553 3676
709 183 1353 241 HEROIDES
1427 205 1522 242 Ep,

1595 211 1676 246 IX.

390 281 514 337 Non
537 279 651 332 sinis
675 276 840 328 averti
862 298 874 335 ;
913 273 1146 328 mediam
1169 273 1374 346 captiva
1398 292 1494 347 per
1519 274 1707 332 urbem

458 348 632 405 Invitis
659 347 824 401 oculis
849 346 1183 418 adspicienda
1207 346 1368 400 venit.

248 441 342 491 125
380 424 494 477 Nec
519 420 662 473 venit
687 419 925 482 incultiS,
964 431 1237 490 captarum
1260 436 1440 481 more,
1477 421 1702 492 capilli8‚

453 491 940 546 Fortun-ammittis
965 491 1085 545 falsa
1109 490 1344 561 tegendo
1367 491 1499 544 suos,

382 563 680 635 Ingreditur
705 565 806 617 late
834 566 941 618 lato
965 563 1254 636 spectabilis
1278 581 1434 617 auro:

450 636 692 708 Qualiter
715 636 772 690 in
796 636 1028 709 Phrygia
1052 650 1111 706 tu
1135 654 1352 710 quoque
1379 635 1552 690 cultus
1578 653 1703 691 eras,

90 837 204 875 verbo
232 837 347 885 aptius
384 834 576 873 admiratio
611 834 853 883 speuatomm
885 835 1125 882 exprimitur,

91 889 152 935 qui
182 887 350 924 notabilia
384 887 529 923 intentis
557 887 670 923 oculis
699 886 884 934 spectant,
911 897 1005 934 quae
1027 897 1126 923 nunc

89 936 263 975 Deianira
286 938 407 974 invitis
427 937 583 974 videbat.
603 949 648 974 11.
671 937 759 973 Fast.
782 949 866 985 309.

140 986 217 1024 Ibat
235 988 383 1023 odoratis
399 987 555 1024 humeros
565 986 699 1036 perfusa
721 987 849 1036 capillis

188 1039 344 1074 Maeonis
357 1065 367 1082 ,
392 1048 515 1074 aurato
536 1037 762 1086 conspicienda
776 1037 870 1086 sinu.

91 1087 219 1126 Livius
240 1101 318 1126 xxJ.
338 1101 370 1132 4.
401 1089 522 1136 Vestitu
544 1087 633 1124 nihil
651 1088 741 1124 inter
762 1087 920 1139 aequales
938 1087 1100 1125 excellens
1113 1117 1123 1133 ‚

87 1151 187 1176 arma
214 1149 317 1190 atque
341 1139 417 1189 equi
448 1137 743 1188 conspiciebantur.
775 1141 812 1176 ὃ(
840 1141 890 1177 ita
920 1139 1053 1177 Noster
1084 1142 1123 1177 &

87 1188 147 1227 alii
162 1189 296 1238 paffirn.
317 1189 524 1239 suspicienda
548 1190 705 1227 Douzae
725 1190 842 1228 codex
855 1218 865 1235 ‚
879 1189 924 1227 de
945 1202 1022 1240 quo
1041 1202 1123 1228 ver-

86 1237 137 1279 bo
163 1240 247 1278 vide
265 1240 310 1278 ad
328 1241 474 1278 Petron.
503 1240 764 1279 Burmannus.

143 1303 221 1340 125.
249 1297 320 1328 Nec
344 1292 445 1328 venit
473 1291 614 1328 incultis
643 1302 821 1342 captarum
852 1305 943 1328 more
968 1290 1120 1340 capillis,

86 1344 275 1378 Fortunam
293 1341 415 1378 vultus
425 1341 516 1391 fassa
538 1342 674 1391 tegendo
684 1342 802 1392 suos.]
832 1342 1097 1379 Eruditiffimus
1110 1371 1120 1387 ,

89 1392 128 1428 &
147 1391 191 1429 ad
211 1393 331 1430 omnis
351 1393 556 1442 disciplinae
575 1392 723 1431 laudem
746 1402 849 1431 natus
865 1421 875 1437 ‚
891 1393 932 1429 P.
956 1391 1121 1430 Melifl'us

82 1439 277 1490 legendum
315 1451 417 1492 putat
439 1457 448 1481 ι
492 1450 685 1480 Fortunam
724 1443 832 1480 vultu
859 1442 952 1492 faffa
987 1453 1120 1480 tacente

75 1492 192 1540 suam.
218 1494 298 1531 vel:
328 1500 480 1531 Fortuna
498 1495 641 1531 vultum
651 1495 745 1543 fasce
761 1505 888 1542 tegente
900 1495 1006 1542 finum
1020 1510 1030 1530 .-
1059 1494 1119 1532 sed

81 1542 127 1579 ad
153 1545 313 1592 priorem
342 1545 543 1583 lectionem
575 1547 688 1594 inagis
716 1546 875 1583 inclinat.
903 1545 945 1582 In
971 1545 1119 1594 quibus-

80 1591 165 1630 dam
185 1596 261 1632 aliis
279 1596 453 1644 impreffis
474 1596 522 1632 est
536 1624 546 1640 ,
574 1602 763 1632 Fortunam
782 1595 889 1631 viiltu
897 1595 987 1643 faffa
1006 1605 1118 1643 tegen-

80 1653 114 1678 te
133 1643 206 1691 fico.
236 1646 278 1682 In
304 1658 382 1682 uno
407 1647 527 1682 Vatic.
556 1651 747 1681 Fortunam
776 1644 921 1680 vultum
945 1645 1036 1693 faffa
1068 1655 1118 1681 te-

75 1694 184 1740 gendo
192 1695 310 1744 suum.
337 1697 379 1732 In
398 1696 511 1733 altero
525 1724 535 1739 ‚
563 1702 752 1731 Fortunam
778 1694 885 1731 vultu
895 1695 987 1743 saffa
1008 1705 1118 1743 tegen-

79 1742 121 1778 do
140 1743 256 1792 finam.
284 1758 394 1793 quarn
416 1746 615 1783 lectionem
642 1758 713 1784 una
734 1757 818 1783 cum
844 1745 980 1782 Clariss.
1009 1747 1117 1782 Ciac-

80 1804 178 1830 cono
201 1807 325 1832 veram
345 1805 448 1844 puto.
477 1797 669 1833 Gerundio
696 1797 733 1833 in
760 1796 801 1832 do
821 1796 922 1832 brevi
945 1797 1056 1833 utitur
1075 1798 1113 1834 &

80 1843 318 1882 Germanicus
343 1847 470 1883 Caesar
488 1847 562 1883 hoc
581 1847 706 1883 versu:

128 1896 240 1943 §Luem
260 1895 343 1932 liber
360 1896 521 1945 ignarum
540 1895 623 1932 caeli
637 1897 822 1942 formando
840 1896 988 1934 docebat.

79 1942 128 1982 Et
152 1946 351 1984 Ausonius:

132 1997 230 2044 Qae
247 1997 349 2044 nosti,
377 1997 576 2034 meditando
595 1996 682 2034 velis
698 1996 868 2045 inolescere
889 1996 1011 2035 menti.

84 2044 293 2084 C10FANUS.
322 2049 460 2086 Unicus
491 2050 551 2086 liic
579 2048 627 2085 cst
656 2048 810 2085 Nasonis
838 2049 941 2085 locus
960 2076 968 2091 ,
996 2056 1112 2096 putO,

81 2096 146 2145 qui
174 2098 390 2145 postremam
419 2100 456 2136 in
482 2099 659 2147 gei-undio
693 2099 868 2146 corripit,
894 2111 970 2147 quo
1002 2099 1113 2136 etiam

81 2149 235 2185 nomine
258 2148 431 2197 suspeesus
463 2151 521 2188 est.
558 2149 622 2187 etsi
653 2149 907 2187 Tibullianum
935 2149 1034 2187 hunc
1063 2150 1115 2187 ci-

79 2202 158 2234 tant
179 2199 435 2238 Grammatici:

129 2250 243 2295 Aufer
268 2263 310 2289 ω’
329 2251 391 2300 ipse
410 2265 525 2288 meum
541 2250 670 2300 pariter
686 2250 886 2288 medicando
904 2250 1062 2287 dolorem.

83 2297 191 2336 Certe
209 2300 352 2338 codices
369 2303 507 2351 antiqui
530 2304 663 2339 mirum
684 2302 722 2339 in
747 2302 904 2339 modum
925 2313 944 2338 a
968 2302 1114 2350 vulgata

81 2347 237 2388 lenione
260 2351 454 2390 discedunt.
481 2365 547 2401 pro
578 2365 649 2402 qua
679 2361 804 2390 tamen
828 2364 914 2389 cum
940 2352 998 2389 alii
1018 2364 1114 2389 non-

82 2399 168 2437 nulli
182 2429 191 2444 ,
205 2409 282 2439 tum
305 2401 506 2441 Putenneus
527 2404 637 2447 stant,
650 2403 716 2441 nifi
736 2403 838 2452 quod
858 2403 896 2440 in
915 2413 961 2440 eo
984 2415 1114 2440 emen-

83 2448 206 2488 datum
224 2480 234 2496 ‚
262 2453 352 2501 falfi)
380 2464 506 2502 tegente
532 2454 650 2503 suam.
688 2454 853 2502 Quidam
881 2454 956 2490 hoc
983 2466 1060 2491 uno
1092 2453 1113 2491 ὲ

85 2500 231 2549 vulgatis
249 2503 419 2542 differunt
434 2533 444 2549 ‚
471 2505 575 2554 quod
596 2503 693 2553 falsa
709 2533 718 2548 ,
735 2513 797 2542 aut
813 2506 850 2550 fe
874 2517 917 2549 a,
939 2515 1005 2553 pro
1019 2503 1109 2553 faffa

90 2552 288 2598 agnoscunt.
316 2556 440 2604 Major
454 2556 629 2595 librorum
647 2567 724 2603 pars
739 2569 748 2592 z

134 2606 317 2640 Fortunam
334 2606 440 2642 vultu
450 2606 541 2657 faffiz
561 2605 696 2655 tegendo
709 2606 828 2654 sitam.

92 2646 160 2688 Vel
178 2662 312 2702 tegente.
338 2656 397 2694 alii
413 2670 421 2693 :

139 2705 321 2740 Fortunam
342 2706 485 2743 vultum
498 2706 589 2756 sassa
611 2707 747 2757 tegendo
757 2707 877 2756 suum.

92 2746 160 2787 Vel
169 2752 278 2799 suam.
306 2769 417 2794 unus:

141 2805 322 2842 Fortunam
339 2807 444 2844 vultu
455 2808 544 2858 sassa
561 2818 688 2858 tegente
700 2809 775 2859 suo,

90 2847 192 2888 Unus
215 2855 487 2896 Ambrosianus:

140 2905 321 2940 Fortunam
341 2907 445 2944 vultu
465 2909 694 2958 dissimulante
704 2910 821 2960 suam.

89 2949 193 2987 Alter
214 2953 471 2996 Mentclianus:

140 3006 325 3058 Fortunam
341 3007 446 3043 vultu
457 3009 550 3056 falsa
569 3012 673 3060 tegere
686 3011 804 3058 suam.

87 3048 191 3106 Plsssj&
212 3052 321 3109 hujus
336 3064 442 3092 notae
460 3060 525 3106 qui·
542 3063 616 3099 vult
631 3063 755 3105 ,adeat
775 3062 990 3101 Ciofanum.
1014 3062 1113 3101 Gro-

86 3112 218 3138 novius
240 3104 425 3141 Oolcrvat.
442 3106 501 3143 lib.
525 3121 577 3146 11.
594 3124 669 3160 cap.
687 3125 744 3150 Χῖ.
765 3114 957 3152 emendat:

87 3201 125 3238 U
139 3158 307 3240 Fortisgae
329 3154 468 3190 *vultum
477 3157 564 3204 fassa
582 3162 713 3208 tegendo
725 3162 843 3212 suum,

129 3211 141 3239 t
164 3203 199 3238 in
264 3204 339 3240 ide:

140 3259 309 3291 Fortunae
317 3255 426 3301 jacies
445 3256 615 3307 invidiosa
639 3270 728 3299 tuae.

2116 711 2224 766 Dat

1182 833 1230 872 Et
1250 834 1359 873 Trist.
1383 848 1463 874 111.
1480 836 1536 874 El.
1557 847 1668 874 virt.

1232 886 1387 933 Adstans
1395 889 1561 933 fhrtunae
1571 889 1692 934 forma
1710 884 1861 923 verenda
1880 897 1984 924 meae.

1181 935 1229 973 Et
1250 936 1360 974 Trist.
1385 949 1415 974 1.
1442 950 1495 975 11.
1518 950 1576 975 zo.
1634 967 1636 969 »

1233 987 1297 1024 His
1316 1000 1370 1023 oro
1391 987 1485 1024 dicas
1506 989 1596 1024 inter
1618 997 1759 1024 mutata
1779 987 1899 1034 refierri

1284 1044 1455 1074 Fortunae
1473 1038 1617 1074 vultum
1638 1049 1769 1087 corpora
1784 1037 1868 1086 poffe
1889 1050 1993 1075 meae.

1181 1087 1287 1125 Tum
1308 1088 1395 1126 illud
1412 1089 1558 1126 Manilii
1579 1088 1624 1125 de
1643 1089 1880 1125 pantomimo
1896 1102 1904 1125 ε

1230 1139 1354 1175 Omnis
1361 1142 1528 1185 fortunae
1548 1138 1694 1176 vultum
1709 1148 1768 1187 per
1786 1137 1940 1176 membra
1962 1138 2106 1176 reducit.

1182 1189 1325 1227 Chorus
1357 1189 1401 1228 ad
1435 1191 1540 1227 I'Olen
1569 1190 1666 1238 apud
1693 1190 1870 1227 Senecam
1900 1190 2011 1226 Herc.
2042 1190 2125 1226 Fur.
2153 1195 2222 1226 Fu²

1175 1239 1252 1287 giat
1281 1239 1404 1277 vultus
1425 1242 1574 1288 fortuna
1600 1241 1705 1290 prior.
1745 1241 1814 1278 Sed
1851 1241 1910 1277 hic
1946 1239 2083 1288 aliquid
2111 1240 2221 1279 latere

1174 1290 1330 1328 videtur.
1360 1291 1456 1339 apud
1475 1292 1717 1329 Paterculum.
1743 1291 1804 1328 lib.
1838 1303 1893 1327 11.
1925 1301 2001 1338 cap.
2031 1303 2090 1335 41.
2117 1290 2222 1338 Diffi-

1176 1340 1294 1377 milem
1305 1343 1471 1388 fortunae
1483 1344 1568 1390 suae
1586 1341 1733 1378 induens
1763 1340 1937 1378 habitum.
1965 1340 2106 1378 Auson.
2131 1342 2222 1389 Epis

1175 1391 1262 1428 stola
1292 1391 1337 1428 ad
1364 1392 1557 1430 Paulinum
1588 1392 1634 1429 de
1660 1392 1785 1429 villico
1813 1391 1901 1428 suo:

1228 1441 1360 1478 Videbis
1377 1442 1479 1491 istum
1493 1471 1503 1486 ‚
1532 1441 1647 1494 qualis
1665 1442 1774 1490 adstet
1795 1441 1970 1486 cominus,

1280 1498 1393 1541 Imago
1404 1498 1571 1540 fortunae
1581 1493 1666 1542 suae
1681 1521 1690 1537 ,

1227 1548 1366 1587 Canus,
1397 1545 1561 1594 comosus,
1590 1544 1741 1593 hispidus
1755 1572 1766 1589 ,
1793 1554 1877 1581 trux
1893 1542 2067 1589 artubus‚'

1276 1594 1500 1631 Terentianus
1517 1594 1690 1633 Phormio.

1175 1644 1372 1694 Tegebant
1395 1653 1521 1683 autem
1548 1645 1668 1683 vultus
1688 1674 1699 1690 ,
1727 1646 1792 1695 qui
1825 1643 2053 1683 moerebant.
2091 1644 2218 1683 valer.

1172 1695 1291 1733 Flacc.
1319 1707 1373 1733 11.
1398 1708 1477 1743 147.

1475 1751 1522 1782 Et
1542 1755 1624 1783 nota
1647 1744 1734 1792 veste
1756 1751 1910 1782 Neaerae

1223 1798 1324 1832 Tuta
1339 1809 1456 1845 genas.
1521 1835 1525 1839 ,

1170 1847 1226 1883 Ut
1244 1847 1292 1884 ibi
1308 1846 1379 1895 legi
1399 1847 1517 1884 debet.
1539 1847 1612 1883 huc
1628 1844 1717 1883 illud
1735 1844 1855 1882 Plauti
1875 1844 1969 1881 refer
1988 1842 2108 1881 Cistel.
2130 1844 2215 1884 Atst.

1175 1908 1204 1933 1.
1226 1897 1281 1934 Sc.
1302 1910 1327 1934 1.
1345 1909 1378 1934 v.
1404 1910 1482 1946 115.
1512 1896 1718 1933 Immundas
1726 1896 1891 1942 fortunas
1904 1894 2102 1944 squalorem
2117 1894 2216 1945 sequi

1172 1947 1275 1985 deet.
1302 1947 1406 1997 Quid
1426 1948 1452 1985 ss
1469 1946 1594 1996 legas?

1222 2004 1413 2035 Fortunam
1435 1998 1542 2035 vultu
1554 1997 1646 2046 fassa
1666 1996 1793 2045 rigente
1803 1997 1920 2045 suam.

1171 2048 1278 2084 Vultu
1299 2049 1426 2097 rigente
1440 2077 1450 2092 ,
1473 2049 1636 2092 inculto,
1664 2049 1847 2085 inornato.
1874 2046 1922 2084 fic
1950 2045 2060 2096 Epist.
2082 2046 2215 2091 Oeno·⁴

1171 2111 1234 2136 nes
1249 2127 1271 2143 ‚v
1286 2112 1396 2147 ungue
1413 2100 1539 2147 rigente
1560 2111 1626 2148 pro
1644 2097 1763 2146 rigido.

1222 2153 1268 2184 Et
1280 2148 1373 2196 secui
1396 2149 1558 2185 madidas
1577 2161 1688 2197 ungue
1704 2150 1830 2196 rigente
1845 2161 1961 2197 genas.

1171 2199 1353 2248 Scriptum
1380 2200 1552 2237 videlicet
1579 2208 1709 2247 regente
1736 2199 1863 2236 fuerat.
1889 2199 1975 2235 hinc
2002 2207 2129 2246 tegente
2160 2198 2213 2234 fa—

1170 2249 1282 2287 ‹stunm
1310 2250 1358 2287 fic
1385 2251 1487 2299 rigere
1507 2250 1617 2286 torvis
1639 2248 1839 2298 superciliis.
1866 2249 1935 2297 Ep.
1964 2261 2058 2286 xvii.
2090 2260 2126 2284 v.
2157 2248 2213 2285 16.

1167 2307 1209 2337 ut
1239 2301 1288 2338 ibi
1319 2301 1529 2350 castigamus
1549 2328 1559 2344 ,
1596 2311 1822 2349 quamquam
1860 2300 1934 2337 hoc
1967 2299 2054 2337 loco
2090 2297 2214 2334 vultus

1168 2351 1278 2398 rigens
1310 2363 1376 2400 pro
1409 2351 1585 2401 squallido
1605 2378 1615 2394 ,
1665 2362 1744 2388 non
1769 2350 1896 2388 severo
1929 2349 1977 2387 est
2005 2347 2213 2387 sumendus.

1169 2401 1384 2440 Histris-ms.
1406 2402 1517 2440 Forte
1535 2399 1652 2450 poffet
1670 2401 1765 2450 legi:

1220 2459 1413 2489 Fortunam
1434 2452 1542 2489 vultu
1552 2451 1643 2500 fassa
1657 2452 1805 2500 pudente
1815 2450 1934 2500 suam.

1168 2501 1242 2540 Vel
1272 2513 1460 2548 tremente,
1487 2503 1559 2540 alio
1589 2501 1695 2539 vultu
1716 2510 1825 2550 atque
1852 2509 1936 2539 ante
1957 2499 2208 2548 captivitatem

1169 2562 1265 2598 erat,
1296 2555 1344 2591 ob
1362 2553 1544 2602 pudorem
1563 2551 1708 2601 dejecto
1721 2579 1731 2595 ,
1757 2552 1817 2588 vel
1836 2559 2029 2588 tremente.
2057 2562 2144 2588 nam
2163 2550 2209 2588 de

1162 2605 1328 2651 fortunae
1345 2604 1451 2641 vultu
1468 2604 1546 2642 sunt
1566 2602 1718 2640 somnia.
1738 2613 1790 2638 xv.
1814 2600 1924 2638 Trist.
1950 2613 1964 2638 1
1977 2614 2006 2638 1.

1221 2660 1267 2691 Et
1285 2666 1395 2692 cernet
1416 2655 1539 2691 violeus
1556 2653 1636 2689 aliis
1649 2661 1708 2701 pro
1728 2660 1872 2701 tempore
1890 2653 2024 2701 verfhs,

1274 2706 1451 2743 Terribiles
1470 2705 1550 2742 aliis
1567 2705 1844 2752 immemoresque
1851 2701 1921 2751 sui.

1168 2757 1326 2795 Douzae
1354 2757 1472 2795 codex
1496 2756 1673 2798 habebat,
1702 2759 1892 2790 Fortunam
1919 2751 2027 2789 vultu
2046 2752 2138 2802 saffiz
2159 2758 2210 2802 ted,

1164 2818 1262 2857 gente
1278 2821 1399 2846 manu.
1425 2808 1691 2844 BURMANNUS.

1223 2871 1302 2905 127.
1337 2858 1525 2907 Ingreditur
1549 2857 1618 2893 late
1645 2854 1754 2892 multo
1775 2853 1967 2905 spectabilis
1988 2852 2109 2902 auro]
2140 2854 2207 2891 Li-

1166 2909 1218 2946 bri
1252 2918 1390 2947 vetercs
1421 2908 1490 2944 late
1518 2907 1587 2944 lato
1607 2904 1797 2956 speuabilis
1826 2919 1921 2943 auro.
1950 2908 1988 2943 ὃς
2017 2905 2136 2946 recle,
2166 2912 2206 2941 ut

1161 2961 1241 3009 jain
1272 2960 1413 2997 monui.
1441 2957 1555 3008 pofl'et
1586 2957 1825 2995 nihilominus
1858 2956 1952 2992 lauto
1979 2956 2088 2992 etiam
2120 2967 2204 2989 auro

1165 3010 1248 3059 legi.
1277 3010 1336 3047 sed
1362 3010 1510 3059 praestat
1537 3009 1644 3058 prius.
1659 3007 1752 3045 Pers.
1782 3007 1851 3044 Sat.
1874 3019 1925 3044 iv.
1954 3006 2015 3042 Sed
2039 3005 2107 3040 lato
2130 3003 2206 3038 bal-

1168 3071 1243 3097 teus
1268 3074 1351 3096 auro
1378 3059 1561 3108 Praetegit.
1587 3057 1691 3108 quod
1720 3069 1764 3095 ex
1795 3057 1858 3095 illo
1885 3056 2049 3094 Maronis
2081 3054 2141 3092 lib.
2169 3065 2206 3092 v.

1168 3123 1253 3161 312.
1279 3111 1555 3149 adumbratum:

1218 3183 1279 3189 -—
1293 3167 1379 3197 Lato
1399 3174 1506 3211 quam
1528 3159 1814 3210 circumplel‘titur
1831 3171 1914 3194 auro
1932 3155 2081 3193 Balteus.

1168 3212 1333 3262 Juvenal.
1351 3213 1422 3249 Sat.
1442 3224 1496 3249 vr.
1515 3211 1599 3258 480.

1222 3267 1300 3302 Aut
1319 3262 1431 3301 latum
1443 3263 1554 3312 pictae
1573 3260 1673 3311 vestis
1691 3258 1874 3309 confiderat
1892 3269 2032 3296 aurum.

1699 3312 1778 3347 Rz
2159 3305 2210 3346 Et
