2553 3676
533 205 678 264 AD
752 198 1219 259 LIVIAM
1293 198 2012 258 AUGUSTAM.

372 315 437 369 75
473 296 672 360 Cedis;
701 295 758 352 &
785 291 1042 350 incaffum
1071 305 1160 348 tua
1183 293 1430 358 nomina,
1451 292 1653 358 Druse,
1676 295 1940 352 levantur.

557 369 762 426 Ultima
787 368 848 422 sit
871 365 966 421 fati
988 365 1120 422 haec
1145 366 1348 423 summa
1368 369 1588 441 querela
1615 369 1712 426 tui.

485 444 585 502 Iste
608 440 785 516 potest
807 441 1032 513 implere
1064 441 1225 496 dolor
1248 441 1337 495 vel
1363 440 1537 497 secula
1558 453 1674 497 tota
1688 483 1706 510 ‚

564 517 637 572 Et
663 515 844 588 magni
874 513 1044 568 11161113
1069 512 1353 568 obtinuisse
1380 513 1580 567 locum.

386 664 453 721 80

488 590 660 649 Multi
682 591 738 644 in
765 603 820 643 te
845 586 1038 642 amissi:
1081 585 1324 666 nem-cui
1348 597 1435 638 tot
1461 585 1615 639 turba
1637 586 1939 654 bonorum,

562 663 756 719 Omnis
780 662 868 716 cui
893 662 1060 713 virtus
1088 669 1351 728 contigit,
1391 674 1529 712 unus
1555 676 1686 713 erasi.

494 739 613 797 Nec
642 735 916 808 genetrice
944 733 1036 785 tua
1062 730 1349 786 fecundior
1376 731 1481 785 ulla
1505 745 1820 803 parentum:

565 810 684 864 Tot
710 810 848 862 bona
873 823 968 878 per
994 819 1180 877 partus
1208 822 1344 878 quae
1373 803 1526 858 dedit
1553 822 1656 859 una
1683 805 1836 860 duos,

494 884 656 941 Heu!
700 899 794 954 par
825 878 958 934 illud
986 877 1078 932 ubi
1103 877 1205 946 est,
1244 877 1478 932 totidem
1502 878 1787 932 virtutibus
1814 879 2077 953 aequum?

575 955 648 1010 Et
676 962 906 1009 concors
937 952 1132 1024 pietaS,
1171 968 1272 1005 nec
1299 950 1572 1005 dubitatus
1597 953 1780 1006 amor?

392 1031 456 1101 85
494 1029 781 1090 Vidimus,
808 1025 1100 1080 attonitum
1125 1023 1359 1079 fraterna
1383 1037 1588 1088 morte,
1624 1025 1906 1082 Neronem

576 1100 829 1175 Squalida
853 1096 1105 1171 promissa
1128 1097 1263 1153 flere
1287 1114 1384 1171 pei·
1409 1115 1502 1152 ora
1538 1100 1695 1153 coma
1709 1144 1726 1170 ,

210 1306 316 1338 tuam
340 1292 627 1344 expositionem.
660 1287 721 1327 sed
747 1289 785 1326 δε
809 1288 894 1325 dare
921 1288 960 1327 &
990 1287 1112 1325 habere
1133 1317 1144 1334 ‚
1172 1300 1270 1338 quae

212 1348 393 1398 aptissime
413 1346 474 1383 hic
500 1351 742 1392 opponuntur
760 1368 770 1385 ,
792 1340 996 1378 admonere
1017 1352 1105 1378 eum
1132 1340 1272 1390 potuis-

213 1401 307 1440 sent.
360 1398 628 1435 BURMANNUS.

269 1462 327 1497 74.
355 1449 448 1494 Jam
469 1446 589 1482 domus
610 1441 704 1492 ista]
733 1443 786 1480 Ita
805 1442 1045 1492 Sepulchrum
1060 1442 1185 1480 vocari
1190 1442 1271 1491 jam

214 1501 345 1542 docuit
374 1495 582 1547 Rutgerfius
604 1496 640 1532 in
660 1493 855 1532 Venusinis
874 1494 1117 1532 Lectionibus
1132 1505 1210 1542 cap.
1238 1506 1274 1531 2.

216 1554 279 1592 cui
313 1550 481 1588 Gorallus
507 1547 583 1585 suas
604 1557 693 1594 opes
727 1545 849 1583 debet.
875 1545 1005 1595 quibus
1026 1545 1141 1589 adde,
1178 1556 1274 1594 quae

215 1605 288 1643 viri
307 1601 408 1640 docti
432 1601 470 1637 ὃς
493 1610 562 1636 nos
585 1597 630 1635 ad
649 1597 799 1635 Petron.
822 1608 900 1646 cap.
921 1609 1027 1634 Lxxr.
1050 1597 1142 1634 olim
1167 1604 1277 1633 nota-

217 1656 352 1692 vimus.
390 1658 576 1700 praeterea
598 1648 730 1698 parcite
751 1676 762 1693 ,
793 1646 873 1697 plus
893 1647 984 1697 justo
1015 1659 1087 1688 (γε.
1132 1647 1278 1686 Medic.

219 1706 491 1746 BURMANNUS.

275 1769 334 1804 75.
361 1753 462 1791 Cedis
481 1762 525 1792 ω’
543 1749 747 1801 incaffum]
777 1747 957 1788 Incassum
981 1750 1020 1788 &
1040 1749 1164 1788 frustra
1176 1749 1280 1787 Con-

221 1807 275 1848 sul
297 1805 509 1845 inscriberis.
531 1803 625 1840 infra
653 1814 736 1852 139.

276 1873 383 1906 Nunc
396 1865 552 1916 primum
572 1863 751 1914 adspiceris
770 1862 898 1912 Consul
911 1862 1282 1914 ,viclorqueparentk

330 1917 385 1954 Sic
401 1916 513 1961 mihi,
532 1913 580 1965 fic
601 1915 743 1964 miserae
763 1915 907 1951 nomina
925 1926 1031 1951 tanta
1050 1916 1151 1962 refers
1167 1925 1182 1953 ,Ρ

229 1983 455 2022 Ερμῆ-161311.
482 1979 668 2018 Concedis
690 1980 770 2017 fatis
784 1980 881 2023 ‚hoc
905 1980 954 2017 est
975 1981 1139 2018 moreris.
1155 1979 1284 2017 Numi-

230 2048 280 2073 na
301 2033 362 2071 alii
375 2032 491 2070 male:
521 2031 689 2079 intelligit
712 2032 810 2068 enim
834 2042 974 2068 nomen
997 2032 1183 2069 consulare
1204 2032 1286 2070 sub-

225 2087 345 2125 latum
372 2085 410 2121 in
439 2082 554 2120 altum
578 2111 589 2127 ,
639 2083 714 2119 hoc
744 2082 792 2119 est
814 2082 1026 2130 inscriptum
1046 2084 1106 2121 vel
1127 2083 1286 2120 celebra-

229 2147 325 2175 tum.
354 2135 556 2172 Remmius.
584 2134 654 2170 Pro
674 2132 841 2181 incassum
855 2161 864 2177 ,
892 2133 931 2169 in
952 2133 1092 2182 longum
1112 2134 1160 2172 est
1183 2135 1220 2171 in
1235 2146 1288 2182 pr.

231 2187 411 2225 editione.
437 2193 478 2222 ut
510 2184 577 2222 inf.
606 2183 665 2227 fis.
696 2197 777 2231 25¹·
805 2185 896 2222 haec
925 2186 1018 2222 milii
1044 2184 1290 2223 obscurissima

234 2239 338 2282 sunt,
376 2247 499 2285 neque
517 2235 586 2272 viri
606 2234 708 2272 doeh
729 2234 762 2271 se
785 2235 957 2283 expedire
978 2244 1201 2284 potuerunt,
1230 2235 1292 2274 sed

234 2301 254 2326 a
276 2288 492 2327 melioribus
531 2286 798 2334 exemplaribus
827 2286 1107 2334 exspectandam
1140 2287 1298 2326 medici==

232 2352 321 2380 nam
343 2337 505 2376 arbitrati
521 2336 613 2374 sunt.
642 2336 815 2374 Heinsius
833 2338 995 2376 tentabat
1012 2339 1127 2376 olim:

286 2399 411 2445 Cedis,
437 2409 479 2437 ut
499 2399 666 2450 incassum
686 2409 750 2436 tua
768 2399 932 2444 nomina,
954 2402 1066 2449 Druse
1081 2433 1086 2442 ,
1101 2401 1271 2451 legantur.

337 2451 472 2488 Ultima
482 2449 533 2500 fit
544 2452 655 2499 fac'lis
682 2451 801 2487 haecce
828 2451 966 2501 querela
989 2453 1069 2488 tuis.

238 2516 310 2554 Vel
325 2545 335 2562 ‚
373 2516 504 2553 ultima
531 2516 573 2554 de
596 2516 689 2564 fatis
707 2529 776 2553 ecce
797 2516 882 2564 (vel
895 2516 1033 2566 fitque)
1052 2516 1190 2566 querela
1213 2517 1295 2554 tuis.

240 2567 312 2604 Sed
337 2569 373 2605 in
395 2568 645 2606 nullaharum
665 2567 963 2617 conjecturarum
978 2568 1206 2617 acquiescere
1226 2580 1296 2618 po-

240 2619 323 2655 tuit.
351 2618 514 2656 Clericus
534 2627 661 2657 tamen
677 2647 687 2663 ,
713 2620 776 2668 qui
802 2618 909 2656 omni
929 2619 1032 2656 nodo
1052 2631 1212 2657 cuneum
1233 2632 1297 2668 pa-

239 2677 361 2705 ratum
393 2670 503 2708 habet
525 2698 536 2714 ,
575 2671 614 2708 &
644 2671 859 2719 interpretes
884 2678 970 2707 ante
998 2670 1127 2707 oculos
1158 2669 1297 2718 positos

244 2719 470 2765 compilans,
506 2720 639 2759 deinde
668 2721 806 2770 ellipses
827 2749 837 2765 ‚
865 2721 1074 2769 analogiam
1103 2723 1142 2758 &
1168 2721 1297 2759 similia

243 2769 396 2807 subsidia
419 2771 533 2808 statim
555 2773 763 2816 advocans,
796 2773 858 2810 hic
888 2772 998 2808 c'edere
1016 2784 1083 2820 pro
1104 2772 1192 2808 mori
1211 2773 1303 2820 poni

246 2820 359 2864 dicit,
395 2829 435 2857 ut
465 2822 573 2858 cedere
598 2825 615 2858 xe
642 2823 723 2860 vita
747 2823 926 2867 dicimus,
954 2824 992 2860 &
1012 2822 1157 2858 nomina
1189 2822 1304 2858 levari

250 2869 346 2916 eisc,
373 2871 490 2908 attolli
519 2872 685 2920 inscripta
714 2875 933 2923 imaginibus
953 2874 1201 2922 praeliorum,
1229 2873 1306 2911 sine

247 2923 319 2960 11111
341 2922 581 2967 auctoritate,
618 2925 656 2960 &
688 2936 773 2962 cum
805 2925 1029 2962 confidentia
1049 2924 1214 2969 summa,
1241 2924 1305 2962 ad-

250 2973 383 3011 firmat.
413 2975 633 3022 pentametri
646 2976 756 3012 etiam
779 2976 989 3012 intricatum
1005 2976 1144 3012 sensum
1165 2976 1307 3014 faciunt

251 3025 329 3062 duo
352 3025 410 3062 illa
437 3026 597 3073 epitheta
615 3053 625 3070 ,
654 3025 784 3062 ultima
814 3027 1022 3074 &sume
1048 3026 1139 3064 nihil
1160 3037 1222 3063 me
1244 3026 1306 3063 hic

251 3077 378 3113 videre
394 3104 404 3121 ,
431 3075 534 3125 quod
555 3076 766 3120 satisfaciat,
780 3078 909 3114 fateor.
935 3077 1001 3113 nisi
1028 3078 1124 3113 forte
1139 3104 1149 3121 ,
1163 3077 1308 3113 nomina

252 3137 441 3171 vocantur,
459 3127 515 3165 vel
528 3137 710 3164 novantur
724 3156 734 3172 ‚
746 3127 943 3175 legendum
958 3127 1013 3170 sit,
1026 3136 1066 3163 ut
1079 3127 1123 3163 de
1135 3127 1308 3175 supremo

253 3179 417 3215 clamore
442 3206 452 3222 ‚
480 3191 557 3227 quo
582 3187 749 3216 mortuos
769 3179 912 3216 ciebant
935 3179 973 3215 δε
1007 3189 1137 3215 corum
1155 3179 1311 3216 nomina

255 3230 596 3278 vocabannagatur
612 3259 621 3275 ,
641 3242 753 3279 quam
774 3229 962 3280 querelam
985 3229 1153 3266 ultimam
1178 3230 1312 3267 Liviae

257 3281 337 3317 fore
360 3292 488 3318 vovet.
512 3281 585 3318 vid.
605 3282 661 3325 ys.
683 3294 768 3329 219.
786 3280 845 3319 scd
869 3280 1020 3329 praestat
1040 3280 1154 3320 silere.
1183 3281 1313 3321 BuizM.

311 3343 369 3382 ῖς).
400 3338 470 3370 Nec
488 3342 529 3371 tu
550 3342 600 3371 tot
624 3332 732 3371 verba
753 3331 952 3384 bonorum]
989 3333 1117 3382 Lege:

2217 1168 2385 1225 Diffi-2

1377 1287 1493 1325 Multi
1510 1286 1549 1325 in
1568 1297 1602 1325 te
1620 1287 1743 1337 amiffi.
1771 1294 1870 1327 Nam
1893 1287 1948 1326 cai
1966 1296 2017 1325 tot
2032 1284 2136 1324 turba
2157 1284 2322 1323 bonorum
2335 1312 2348 1330 ,

1430 1339 1555 1376 omnis
1573 1340 1628 1377 cui
1646 1341 1764 1378 virtus
1783 1340 1923 1389 contigit
1937 1368 1946 1384 ‚
1983 1352 2075 1376 unus
2093 1346 2179 1375 erat.

1327 1389 1546 1428 ScAtioER.
1575 1392 1733 1440 Optime
1762 1392 1965 1430 avunculus
1985 1401 2090 1428 meus
2107 1390 2269 1437 Jocmnes
2290 1387 2386 1425 Rut-

1328 1441 1463 1490 gersius
1484 1442 1521 1478 in
1544 1441 1664 1480 Variis
1687 1443 1930 1482 Led'tionibus
1945 1471 1955 1488 ‚
1981 1442 2041 1479 lib.
2060 1453 2113 1478 vi.
2137 1451 2215 1488 cap.
2239 1450 2295 1486 19.
2323 1450 2393 1474 nee
2438 1483 2448 1488 ᾗ

1331 1492 1386 1529 cui
1416 1502 1466 1529 tot
1495 1492 1599 1529 turba
1619 1492 1795 1533 bonorum.
1822 1504 1933 1544 atque
1959 1494 2009 1531 ita
2036 1501 2106 1529 tres
2129 1490 2268 1538 scripti,
2297 1501 2387 1546 (11111

1329 1545 1528 1582 veterrima
1551 1543 1728 1584 editione.
1756 1547 1877 1584 minus
1899 1545 1994 1583 bene
2019 1543 2198 1591 Scaliger,
2225 1553 2310 1578 nam
2332 1552 2387 1576 cut

1333 1604 1384 1632 tot
1405 1594 1511 1631 turba
1529 1591 1706 1634 bonorum.
1758 1598 1972 1634 Heinsius.

1386 1645 1447 1683 82.
1476 1648 1578 1695 (Qeae
1597 1646 1704 1685 dedit.
1725 1647 1740 1698 ]
1772 1647 2048 1686 Rotundiorem
2074 1643 2218 1684 sensum
2246 1641 2388 1682 distichi

1333 1697 1484 1747 putabat
1506 1697 1678 1736 Heinsius
1698 1698 1724 1736 fi
1744 1700 1925 1749 legeretur
1938 1727 1948 1743 ,
1976 1698 2096 1734 edidit.

1387 1748 1448 1787 86.
1476 1748 1621 1786 Pallida
1637 1750 1836 1800 promissas]
1866 1749 2000 1788 Malim
2018 1777 2028 1793 ,
2056 1746 2241 1799 squallida
2260 1758 2330 1783 ora.
2350 1743 2390 1787 ὃς

1335 1799 1503 1850 sequenti
1531 1801 1637 1839 versu
1656 1829 1668 1847 ,
1696 1801 1878 1852 profitente
1922 1800 2075 1838 colorem.
2126 1799 2187 1837 vel
2215 1797 2393 1848 prodente,

1330 1852 1472 1890 *Noster
1498 1852 1611 1890 infra:

1391 1911 1447 1940 At
1468 1903 1634 1940 comitum
1643 1903 1824 1954 squallent
1845 1901 2001 1952 immiffz's
2019 1915 2078 1940 ora
2100 1899 2243 1952 capillis.

1338 1954 1448 1993 Pont.
1468 1955 1529 1992 lib.
1554 1967 1617 1992 111.
1639 1956 1695 1994 El.
1716 1969 1768 1993 1v.
1795 1967 1876 2003 107.

1394 2005 1598 2056 Squallidus
1616 2006 1797 2044 immittat
1808 2008 1931 2054 frae‘ia
1944 2005 2011 2057 sub
2030 2002 2205 2043 arundine
2227 2000 2337 2039 crines

1452 2056 1604 2095 Rhenus.

1344 2107 1455 2147 Trist.
1474 2109 1534 2146 lib.
1561 2121 1591 2146 1.
1612 2108 1715 2158 Eleg.
1737 2121 1799 2146 111.
1820 2109 1881 2156 96.

1397 2159 1600 2209 Squallidus
1615 2159 1769 2208 immiffis
1786 2160 1883 2198 hirta
1894 2169 1955 2211 per
1975 2173 2034 2198 ora
2053 2158 2168 2197 comis.

1347 2211 1464 2248 Libro
1485 2223 1538 2248 iv.
1569 2210 1672 2260 Eleg.
1697 2223 1752 2248 11.

1401 2261 1584 2312 squallida
1595 2261 1762 2311 promiffis
1781 2263 1842 2313 qui
1860 2263 1942 2312 tegit
1960 2276 2019 2300 ora
2044 2261 2157 2299 comis.

1351 2312 1540 2351 Fastorum
1566 2325 1579 2349 1
1593 2325 1605 2349 1
1618 2325 1647 2350 1.
1679 2326 1760 2360 140.

1404 2363 1599 2412 Squallenti
1623 2363 1995 2412 Didosanguinolenta
2017 2375 2124 2399 coma.
2154 2361 2372 2398 Heinsius.

1353 2413 1498 2452 Heinfii
1531 2414 1834 2452 emendationem
1856 2443 1867 2460 ,
1910 2413 2019 2450 vultu
2043 2411 2223 2461 profitente
2262 2410 2404 2447 colorem

1354 2465 1460 2502 malit
1478 2465 1558 2514 quis
1572 2493 1582 2509 ,
1611 2477 1724 2515 quam
1747 2465 1907 2502 dolorem.
1936 2473 1975 2502 ut
1994 2465 2068 2501 hoc
2080 2463 2125 2500 de
2145 2463 2281 2511 pallore
2299 2460 2407 2497 intel-

1348 2517 1504 2564 ligatur,
1533 2527 1619 2565 quia
1641 2516 1686 2554 de
1706 2515 1836 2554 dolore
1855 2516 1917 2554 seu
1937 2515 2040 2554 1116111
2060 2527 2152 2552 mox
2170 2513 2341 2563 sequitur.
2354 2511 2406 2549 ita

1352 2571 1434 2605 Art.
1453 2567 1543 2603 Am.
1565 2580 1630 2604 111.
1652 2578 1738 2616 730.

1405 2623 1463 2658 Εἰ»
1472 2631 1567 2654 mens
1587 2629 1631 2657 (9·
1651 2618 1755 2655 rediit
1771 2631 1876 2655 verus
1894 2618 1933 2655 in
1952 2630 2011 2654 ora
2033 2617 2129 2654 color.

1352 2669 1429 2707 Ubi
1449 2679 1556 2707 antea
1579 2669 1718 2707 dixerat
1733 2698 1743 2714 ‚
1769 2669 1826 2712 vs.
1846 2680 1930 2717 709.
1955 2668 2095 2716 palluit.
2131 2666 2340 2706 D’Orleans
2362 2662 2417 2702 ad,

1353 2720 1478 2758 Tacit.
1509 2733 1539 2757 1.
1557 2720 1692 2758 Annal.
1712 2733 1748 2769 p.
1776 2722 1828 2757 16.
1850 2719 2074 2768 corrigebat:

1410 2769 1684 2820 Diffimilemque
1699 2771 1756 2821 sui
1777 2770 1886 2807 vultu
1899 2769 2096 2820 perhibente
2117 2768 2281 2807 colorem..

1359 2822 1461 2860 Nam
1482 2822 1600 2860 vultui
1618 2834 1695 2860 non
1719 2822 1893 2860 dissimilis
1914 2822 2054 2866 dolor,
2071 2821 2130 2859 sed
2150 2818 2326 2858 dissimilis
2345 2829 2411 2855 co-

1358 2873 1416 2910 lor
1434 2872 1493 2910 est.
1530 2872 1590 2910 sed
1611 2874 1754 2921 optime
1776 2874 1876 2910 huuc
1893 2873 2019 2910 locum
2042 2871 2247 2910 vindicavit
2276 2869 2410 2907 doetis-

1360 2924 1471 2961 simus
1493 2922 1676 2972 Bentlejus
1696 2924 1741 2961 ad
1766 2925 1898 2961 Horat.
1929 2936 1976 2959 11.
2002 2923 2073 2960 Sat.
2098 2935 2134 2960 v.
2165 2934 2244 2968 104.
2273 2922 2335 2970 qui
2358 2921 2412 2958 le-

1358 2978 1436 3022 git,
1464 2974 1724 3024 diffimilemque
1745 2975 1827 3022 sui;
1859 2975 2020 3021 (nempe
2053 2973 2274 3013 Neronem)
2304 2970 2412 3007 vultu

1352 3025 1536 3074 profitente
1548 3025 1705 3061 dolorem.
1727 3037 1841 3073 quem
1856 3024 1951 3062 vide.
1968 3027 2002 3061 ἃ
2017 3024 2064 3062 ibi
2078 3025 2223 3074 egregie
2235 3023 2416 3060 Gorallia-

1360 3088 1431 3113 nae
1449 3076 1677 3124 ignorantiae
1690 3075 1781 3124 asyla
1798 3076 1975 3119 ostendit,
1995 3077 2059 3125 qui
2079 3076 2416 3125 quidvis&quam-

1363 3128 1503 3164 tumvis
1528 3127 1696 3175 ineptum
1727 3126 1925 3164 defendere
1955 3127 2068 3170 solet,
2107 3128 2255 3164 favente
2280 3125 2417 3173 figurae

1366 3178 1518 3226 alicujus
1551 3177 1717 3214 numine.
1763 3178 1799 3215 in
1832 3178 1997 3216 editione
2030 3178 2178 3215 Veneta
2218 3177 2329 3214 etiam
2359 3175 2420 3213 hic

1368 3227 1497 3272 fuifl'e,
1518 3228 1678 3276 permiffa
1702 3242 1818 3269 coma,
1849 3230 1995 3266 notavit
2013 3228 2199 3266 Heinsius.
2226 3228 2357 3265 Bona.

1421 3279 1479 3317 88.
1509 3282 1630 3327 §letam
1655 3289 1722 3316 toto
1740 3279 1851 3316 luffbus
1868 3281 1906 3317 in
1929 3279 2003 3317 orbe
2016 3280 2134 3329 suin]
2166 3290 2205 3316 m
2224 3293 2276 3315 ore
2295 3276 2420 3316 omni-

1369 3342 1421 3372 no
1439 3330 1671 3370 scribendum
1690 3343 1774 3371 cuin
1800 3331 2007 3381 Rutgerlio.
2064 3332 2274 3370 Hmusxus.

2253 3391 2316 3426 91.
2343 3377 2426 3416 Ad·
