2553 3676
657 203 1504 264 HEROIDES.·1-:1›·.

1579 234 1734 271 xvn.

263 297 361 366 185
397 298 575 371 Quam
596 292 733 345 male
754 287 1064 362 persuadeS‚
1102 288 1307 369 utinam
1332 290 1471 348 bene
1495 312 1693 369 cogere
1717 301 1902 370 poffls!

469 366 544 422 Vi
565 379 683 415 mea
708 361 966 416 rusticitas
990 362 1313 418 excutienda
1336 363 1452 419 fuit.

393 437 549 493 Utilis
574 434 847 489 interdum
875 434 950 488 est
972 433 1090 506 ipfis
1114 433 1302 504 injuria
1323 437 1489 507 passis,

464 508 550 562 Sic
580 518 728 561 certe
753 507 884 562 felix
908 506 1012 562 effe
1035 506 1216 561 coacta
1239 508 1415 564 velim.

389 579 538 635 Dum
563 596 733 633 novus
761 579 862 643 est,
899 580 1078 652 potius
1100 593 1302 652 coepto
1324 598 1622 654 pugnemus
1648 589 1842 642 amori:

248 673 343 725 190

452 651 687 706 Flamma
710 670 896 707 recens
920 655 1080 725 parvzi
1104 652 1268 724 sparsa
1296 654 1491 710 resedit
1515 659 1664 729 aquil.

386 724 581 781 Certus
603 724 659 778 in
681 724 972 796 hospitibus
998 742 1110 780 non
1135 725 1210 779 est
1232 744 1396 782 amor.
1438 742 1606 793 errat,
1641 744 1700 786 ut
1726 729 1846 802 ipsi:

456 797 708 870 Cumque
732 797 861 852 nihil
886 797 1060 869 speres
1083 797 1285 852 firmius
1309 799 1438 863 effe,
1477 801 1593 856 fuit.

386 869 450 926 H
488 870 682 942 pfipyle
708 869 876 933 testiS,
914 868 1056 925 testis
1080 869 1300 925 Minoia
1321 872 1475 943 virgo
1503 872 1606 937 est;

468 960 503 997 n
527 960 638 998 non
661 942 907 998 exhibitis
932 955 1156 1015 utraque
1181 943 1287 998 lusa
1312 945 1458 1001 toris,

85 1154 148 1205 sed
177 1166 294 1194 tamen
325 1158 427 1210 usque
453 1167 559 1196 metu.
596 1157 642 1196 de
676 1158 725 1205 τῷ
755 1156 911 1195 invitare
933 1185 944 1204 ,
982 1156 1057 1196 vid.
1085 1157 1132 1197 ad

94 1207 227 1257 Vellej.
246 1209 382 1247 Paterc.
401 1223 444 1246 11.
462 1209 521 1256 67.
540 1210 578 1246 &
598 1222 644 1246 11.
666 1209 798 1246 Amor.
821 1221 874 1246 1v.
897 1221 932 1256 9.

147 1258 226 1306 185.
254 1260 357 1307 Qod
388 1259 478 1297 male
501 1260 688 1309 persuades.
710 1258 726 1308 ]
765 1264 856 1295 Bene
880 1259 1104 1308 Argentinus
1119 1288 1130 1304 ‚

87 1317 167 1345 non
189 1310 293 1348 male.
322 1319 360 1348 ut
375 1312 453 1360 jam
475 1310 508 1347 se
529 1308 813 1359 quodammodo
835 1310 1033 1358 persuasam
1061 1309 1133 1348 effe

89 1359 268 1407 agnoscat.
288 1362 500 1399 Hiemsms.
527 1361 685 1399 Douzae
705 1359 846 1404 codex,
866 1361 1001 1409 Regius
1022 1373 1132 1407 unus,

89 1409 129 1446 &
157 1408 375 1449 Balliolensis
405 1424 425 1449 a
454 1423 565 1449 manu
592 1412 731 1460 prima,
759 1423 866 1460 quam
887 1410 978 1448 male
990 1412 1131 1460 persua-

86 1458 144 1495 des
166 1488 176 1503 ,
211 1462 313 1510 quod
343 1463 386 1500 ab
422 1462 563 1500 Ovidio
593 1462 668 1511 ipso
706 1460 916 1510 profectum
945 1462 1128 1502 existimo.

86 1510 173 1548 vide
193 1524 286 1561 quae
309 1513 388 1562 jam
416 1514 627 1550 notavimus
656 1512 702 1550 ad
730 1512 896 1549 Petronii
927 1523 1002 1561 cap.
1023 1525 1127 1552 xrvr.

84 1561 176 1601 male
193 1571 316 1600 autem
337 1576 414 1600 non
436 1575 654 1607 moverem,
680 1562 717 1600 id
745 1562 794 1599 est
820 1563 904 1607 vix,
933 1574 1050 1612 aegre.
1078 1565 1127 1602 ita

15 1638 17 1643 ⁴
85 1612 187 1649 enim
221 1613 371 1651 decebat
391 1641 400 1655 ‚
428 1613 555 1650 sensim
583 1615 621 1650 &
654 1613 881 1661 pedetentim
913 1615 952 1649 in
986 1615 1125 1652 crimen

83 1661 281 1701 abeuntem
310 1664 528 1708 mulierem,
550 1665 587 1700 ὃς
619 1675 713 1711 quae
742 1663 825 1711 cogi
855 1662 949 1700 velle
976 1675 1060 1712 prae
1089 1665 1124 1702 se

14 1718 16 1722 '
81 1712 242 1758 ferebat,
270 1715 385 1763 loqui.
413 1714 675 1751 Burmannus.

138 1762 218 1799 186.
245 1764 298 1800 Sic
325 1778 402 1801 mea
428 1764 599 1813 rusticitas
619 1762 822 1801 excutienda
834 1761 965 1814 fhret.]
994 1763 1126 1803 Putea-

82 1823 172 1850 neus
194 1819 226 1848 U
242 1827 329 1850 mea.
359 1816 397 1851 ὃς
420 1816 503 1856 fuit.
528 1814 801 1851 Barberinianus
820 1816 858 1850 ὅ(
883 1815 1124 1862 Argentinus,

80 1867 124 1898 Ut
135 1863 224 1910 fuit.
252 1864 379 1913 Scripti
400 1865 585 1912 plerique,
598 1869 641 1898 Ut
652 1865 757 1909 foret.
785 1863 892 1900 Adde
913 1876 1023 1901 unam
1044 1866 1125 1904 lite-

2 1924 15 1950 τι
79 1925 157 1951 ram
178 1915 383 1952 Pure-aneae
400 1914 553 1953 lec0tioni
566 1942 576 1958 ,
605 1914 644 1951 &
664 1913 810 1951 habebis
828 1925 954 1951 veram
974 1914 1125 1964 scriptu-

0 1977 15 1997 τ’
81 1975 159 2004 ram
178 1966 251 2003 hoc
271 1965 410 2003 modo:

132 2016 171 2051 Vi
190 2029 263 2053 mea
285 2016 455 2064 rusticitas
473 2015 677 2052 excutienda
687 2015 776 2062 fuit.

2 2067 3 2094 ἶ
80 2065 206 2104 Simile
228 2067 405 2105 mendum
424 2066 583 2104 ablatum
608 2066 657 2104 est
675 2078 758 2105 mea
785 2079 896 2117 opera
918 2079 963 2106 ex
979 2066 1041 2107 lib.
1063 2081 1118 2108 vr.

0 2313 15 2360 ÷1

78 2116 235 2154 Metam.
255 2120 339 2163 690.
366 2118 426 2155 ubi
444 2117 597 2154 Boreas:

127 2173 228 2217 Apta
249 2164 337 2206 mihi
355 2169 410 2204 vis
430 2167 471 2215 est
484 2196 493 2211 ‚
521 2168 561 2203 vi
581 2166 693 2215 tristia
713 2167 834 2206 nubila
850 2168 939 2218 pello
952 2197 961 2213 ,

126 2219 167 2255 Vi
177 2220 273 2265 freta
297 2219 446 2255 concutio
460 2247 468 2262 ‚
497 2218 682 2267 nodosaque
701 2218 819 2256 robora
841 2230 938 2256 verto
954 2248 965 2264 ,

127 2270 320 2320 Indumque
339 2271 437 2306 nives
449 2298 458 2313 ,
486 2281 529 2309 ω’
550 2278 659 2305 terras
674 2270 845 2318 grandine
856 2270 965 2320 pulso.

76 2318 131 2358 Ita
147 2322 246 2358 enim
268 2320 330 2358 iste
346 2321 448 2358 locus
470 2319 740 2358 constituendus
756 2349 766 2365 ,
792 2322 855 2370 qui
873 2322 986 2370 vulgo
1008 2334 1116 2360 men-

2136 1024 2232 1084 Tu

1242 1166 1325 1205 191.
1352 1162 1476 1195 Certus
1494 1156 1534 1196 in
1554 1158 1786 1211 Hospitibus.]
1815 1160 1906 1199 Hoc
1923 1159 2098 1200 sentiebat
2118 1163 2232 1202 etiam

1187 1205 1325 1246 Medea
1347 1208 1443 1257 apud
1464 1209 1548 1247 Val.
1571 1210 1666 1249 Flac.
1684 1224 1757 1250 vn.
1783 1223 1837 1261 13.

1292 1259 1392 1307 Qid
1409 1259 1447 1296 in
1469 1259 1592 1310 hospite
1607 1261 1679 1310 fhlo
1700 1276 1795 1299 mens
1812 1260 1924 1300 mihi?

1187 1308 1236 1348 Et
1256 1310 1352 1358 apud
1373 1310 1547 1348 Nostrum
1570 1324 1640 1349 v11.
1660 1313 1818 1351 Metam.
1836 1325 1895 1350 21.

1430 1361 1529 1410 Qid
1547 1362 1584 1398 in
1601 1362 1727 1412 hospite
1748 1363 1851 1412 Regia
1869 1361 1967 1412 virgo

1289 1410 1429 1449 Ureris?
1580 1412 1843 1451 BuRMANNus.

1240 1471 1320 1509 192.
1357 1467 1516 1514 Cumque
1545 1463 1636 1500 nihil
1657 1465 1766 1514 speres
1795 1464 1936 1512 firmius
1973 1462 2030 1512 esse
2051 1492 2061 1509 ‚
2091 1465 2229 1516 fugit.]

1182 1511 1265 1548 Fuit
1285 1513 1486 1551 Puteaneus
1506 1523 1642 1563 argute.
1670 1524 1710 1552 ut
1728 1514 1804 1562 fuit
1833 1516 1881 1562 τῷ
1912 1515 1969 1563 effe
1993 1526 2203 1563 opponatur
2219 1544 2229 1560 ,

1182 1563 1416 1610 praeteritum
1437 1565 1626 1612 praesenti.
1654 1566 1801 1603 Plautus
1822 1566 1928 1603 simili
1946 1566 2088 1613 prorsus
2110 1567 2228 1604 modo

1183 1614 1344 1661 captivis.
1369 1627 1429 1651 111.
1453 1627 1519 1659 111,
1544 1628 1575 1653 1.
1604 1615 1817 1653 Nunc-illud
1837 1616 1900 1662 est,
1930 1629 2007 1652 cum
2028 1630 2081 1652 me
2102 1617 2226 1666 fuisse,

1181 1676 1289 1711 quam
1306 1662 1362 1712 effe
1380 1665 1486 1701 nimio
1505 1665 1686 1703 mavelim.
1715 1666 1884 1703 Tibullus
1903 1679 1967 1702 111.
1990 1667 2043 1703 El.
2067 1679 2103 1703 v.

1232 1715 1312 1750 Sive
1331 1715 1479 1759 erimus,
1499 1715 1562 1764 seu
1583 1729 1640 1752 nos
1651 1717 1737 1764 fata
1748 1716 1849 1765 suiffe
1868 1716 1997 1752 volent.

1180 1764 1251 1813 Effe
1278 1776 1344 1812 pro
1373 1765 1517 1810 vivere,
1534 1766 1637 1816 fuiffe
1656 1779 1723 1816 pro
1745 1767 1876 1816 vixiſje.
1904 1766 2049 1804 Auffi’tor
2067 1766 2220 1816 Elegiae

1180 1814 1219 1851 in
1242 1815 1385 1852 obitum
1409 1817 1656 1854 Maecenatis:

1230 1865 1397 1902 Mollibus
1416 1879 1457 1902 ex
1476 1866 1579 1902 oculis
1597 1866 1726 1917 aliquis
1745 1864 1810 1903 tibi
1826 1865 1956 1902 decidet
1977 1866 2101 1903 humor
2118 1895 2130 1912 ,

1281 1921 1374 1953 Cum
1393 1916 1491 1953 dicar
1499 1915 1621 1964 subita
1642 1929 1722 1953 voce
1732 1915 1833 1965 fuiffe
1852 1916 1928 1954 tibi.

1178 1965 1290 2015 Apud
1320 1967 1467 2016 Apulej.
1488 1968 1582 2005 Met.
1603 1980 1692 2005 vin.
1711 1968 1818 2004 initio
1837 1980 1845 2004 ε
1874 1967 2079 2017 Equifimes,
2107 1968 2224 2017 opilio-

1178 2030 1300 2066 nesque
1314 2046 1322 2062 ,
1333 2029 1377 2057 ω’
1394 2016 1579 2067 bubsequae
1591 2017 1812 2068 ‚subulcique
1827 2018 1916 2065 ‚fuit
1936 2019 2082 2054 Charite
2102 2019 2195 2055 nobis
2209 2048 2219 2064 ‚

1174 2067 1344 2116 inquam,
1374 2068 1517 2116 misella.
1545 2070 1593 2106 ita
1626 2069 1766 2113 scribo,
1794 2080 1893 2106 nunc
1919 2069 2078 2117 legitur,
2107 2083 2215 2118 quam

1173 2118 1329 2166 miftlla3
1351 2119 1547 2168 addidique
1557 2118 1782 2170 sabaimque,
1804 2131 1898 2168 quae
1917 2132 1992 2157 vox
2014 2120 2062 2156 ob
2084 2131 2219 2168 cogna-

1171 2168 1315 2206 tionem
1334 2170 1584 2218 praecedentis
1604 2171 1721 2208 fuerat
1739 2182 1758 2207 a
1777 2169 1926 2208 librariis
1950 2168 2077 2207 omiffa
2093 2183 2100 2206 :
2131 2182 2215 2208 nam

1172 2230 1235 2257 cur
1264 2220 1358 2257 solos
1377 2220 1535 2269 subulcos
1555 2221 1616 2257 hic
1636 2222 1839 2259 omitteret.
1868 2220 1981 2258 Plaut.
2007 2221 2158 2258 Trucul.
2185 2233 2215 2257 1.

1175 2281 1231 2307 11.
1260 2283 1320 2318 94.
1354 2277 1442 2307 Pene
1467 2270 1530 2307 tibi
1558 2271 1636 2317 fuit
1664 2269 1898 2321 Phronefium.
1938 2271 2067 2307 Amm.
2099 2271 2215 2307 Marc.

1170 2332 1229 2368 25.
1252 2333 1283 2369 3.
1313 2324 1426 2369 Qem
1445 2335 1523 2358 cum
1544 2320 1684 2359 beatum
1694 2321 1795 2371 fuiſje
1815 2320 1991 2368 Sallustius
2010 2319 2216 2369 respondisset

75 2371 275 2410 dofiffimus
295 2372 577 2409 circumfertur:
615 2371 700 2408 vide
723 2384 818 2421 quae
839 2371 911 2409 illic
933 2381 1116 2411 notamus.
1162 2373 1352 2420 praefeuus
1372 2401 1382 2417 ,
1417 2372 1589 2409 intellexit
1620 2373 1774 2422 occisum.
1805 2373 2012 2410 Heinsius.
2042 2370 2137 2407 Vide
2166 2370 2211 2409 ad

74 2422 281 2460 Hnmsms.
310 2428 353 2458 Ut
384 2436 459 2458 mea
487 2423 597 2458 etiam
624 2421 811 2460 Bernenfis
841 2422 962 2460 habet.
991 2423 1116 2461 simili-

11 2495 14 2503 «
75 2481 129 2510 ter
155 2473 396 2511 emendarunt
423 2473 491 2510 viri
519 2471 620 2509 docti
650 2473 777 2511 locum
806 2472 961 2511 Phaedri
986 2474 1049 2513 lib.
1082 2487 1114 2514 1.

76 2523 162 2561 Fab.
188 2537 223 2561 2.

126 2576 198 2623 Qi
219 2574 386 2623 dissolutos
404 2587 510 2610 mores
528 2572 569 2608 vi
587 2573 806 2622 compesceret.

74 2625 162 2664 Vid.
178 2627 216 2664 &
238 2625 334 2662 Gud.
355 2625 400 2662 ad
416 2625 475 2661 lib.
494 2636 523 2660 1.
544 2623 629 2660 Fab.
651 2637 703 2661 xr.
724 2624 820 2672 apud
840 2624 995 2661 Statium
1016 2637 1112 2675 quo-

74 2689 147 2727 que
170 2691 215 2715 11.
233 2676 429 2714 Achilleid.
454 2675 537 2724 360.
556 2674 759 2723 rescripsere
779 2676 847 2714 viri
865 2674 988 2714 doffi:

127 2728 404 2777 Aspernatusque
425 2735 601 2763 tonantem
620 2725 662 2773 est
674 2753 685 2770 ,

128 2779 167 2812 Vi
180 2791 350 2825 generum.

73 2827 152 2864 Ubi
175 2837 213 2862 ut
225 2841 382 2875 generum
403 2826 514 2876 vulgo
533 2828 798 2867 circumfertur.
819 2827 1084 2866 Btmmmnus.

132 2876 213 2914 188.
232 2877 333 2913 'Felix
359 2878 427 2927 ipsa
452 2882 564 2915 coac‘ta
585 2881 708 2925 forem.
730 2878 746 2927 ]
784 2878 880 2914 Felix
914 2879 970 2927 effe
997 2882 1110 2916 coucla

74 2926 196 2966 velim.
221 2927 356 2974 primae
377 2928 553 2967 editiones
574 2932 611 2967 &
631 2930 748 2977 scripti
770 2929 943 2978 plerique.
965 2930 1110 2967 Hiems.

130 2989 211 3027 190.
239 2977 357 3024 Sparsa
379 2979 495 3025 resedit
512 2980 642 3029 aqud]
673 2977 797 3028 Refidit
816 2988 917 3027 puto.
945 2979 992 3017 fic
1013 2981 1110 3028 apud

74 3029 272 3067 Lucanum
302 3027 393 3063 libro
423 3041 473 3064 ¹X·
499 3029 549 3070 ll's¹
581 3041 637 3078 75.
665 3032 701 3068 in
725 3031 839 3067 veteri
860 3030 988 3067 codice
1015 3032 1110 3068 Κοῖ-

72 3078 369 3125 tendorphiano,
390 3077 467 3123 jam
478 3077 628 3126 flam'ma
648 3079 772 3129 refidit.
800 3081 896 3128 apud
917 3082 1109 3119 Columel-

71 3130 146 3170 lam
180 3139 330 3178 quoque
357 3126 578 3165 scribendum
609 3131 700 3167 libro
726 3143 780 3168 vr.
809 3143 884 3179 cap.
918 3143 977 3168 xv.
1015 3137 1107 3168 Cum

69 3183 149 3230 jam
167 3180 252 3228 ignis
273 3176 493 3224 insa-ovillum
513 3176 636 3225 refidit.
662 3192 738 3217 non
759 3189 800 3218 ut
828 3182 1082 3219 circumfertur
1096 3211 1106 3227 ,

76 3230 204 3268 recidit.
233 3226 407 3276 Considere
435 3227 521 3274 ignis
548 3228 657 3264 etiam
687 3231 822 3267 Nasoni
855 3232 985 3269 dicitur
1006 3232 1107 3270 Met.

77 3292 166 3321 1111.
183 3280 267 3329 408.
288 3279 496 3318 thx's‘rus.
520 3276 605 3316 Vid.
623 3277 668 3316 ad
686 3280 840 3333 Quinet.
857 3293 895 3320 v.
918 3282 1000 3320 Inst.
1019 3294 1077 3332 13.

1171 2422 1267 2459 Vell.
1287 2424 1422 2460 Paterc.
1448 2435 1478 2461 1.
1503 2435 1558 2460 12.

1226 2485 1306 2521 194.
1336 2480 1376 2510 In
1395 2487 1462 2510 non
1482 2473 1645 2510 exhibitis
1665 2483 1813 2523 utraque
1823 2473 1947 2521 jum‘la
1970 2468 2114 2519 thoris]
2136 2470 2214 2507 Ex-

1170 2532 1291 2571 cerpta
1322 2525 1490 2572 Scaligeri
1517 2526 1555 2561 δε
1591 2532 1749 2572 quatuor
1788 2535 1831 2559 ex
1870 2522 1995 2559 nostris
2018 2548 2027 2564 ‚
2063 2532 2212 2570 utraque

1162 2577 1276 2622 parfia.
1312 2575 1481 2611 nonnulli
1506 2601 1517 2617 ‚
1553 2574 1660 2610 vidia.
1695 2572 1783 2615 vel,
1805 2573 1936 2620 juxta,
1965 2571 2060 2619 lusa,
2081 2571 2208 2619 juffla,

1159 2627 1276 2673 puffa.
1296 2625 1500 2662 Puteaneus
1514 2651 1523 2667 ‚
1538 2624 1760 2672 Argentinus
1781 2623 1818 2659 ἃ
1837 2630 1994 2670 quatuor
2013 2622 2072 2659 alii
2085 2650 2095 2665 ,
2107 2632 2209 2657 utra—

1167 2689 1230 2723 que
1240 2675 1343 2724 justa.
1369 2676 1538 2724 proxime
1555 2675 1600 2712 ad
1621 2685 1761 2710 verum.
1790 2672 2028 2709 Scribendurn
2048 2683 2207 2720 nempe2

1167 2736 1315 2776 utraque
1349 2725 1472 2776 questa.
1506 2725 1591 2763 vide
1622 2724 1739 2761 Notas
1772 2723 1930 2770 Epistola
1958 2734 2036 2761 xiv.
2063 2721 2120 2766 ys.
2147 2735 2210 2772 91.

1168 2777 1280 2827 questa
1296 2805 1305 2821 ,
1326 2776 1525 2825 quomodo
1546 2776 1638 2814 Arte
1658 2777 1782 2811 Amat.
1803 2785 1847 2810 11.
1872 2772 1954 2821 398.

1217 2828 1386 2877 ¹{Quodque
1398 2828 1497 2876 prius
1519 2825 1629 2877 questu
1647 2825 1689 2873 est
1702 2853 1712 2870 ,
1739 2823 1802 2873 ipse
1823 2836 1963 2874 querare
1974 2822 2077 2871 facit.

1166 2876 1377 2915 Similitudo
1403 2879 1495 2914 inter
1522 2877 1691 2914 ultimam
1713 2874 1958 2924 praecedentis
1984 2876 2084 2911 vocis
2104 2873 2207 2929 sylla-

1165 2927 1248 2964 bam
1263 2956 1273 2972 ,
1305 2930 1342 2965 &
1363 2929 1519 2975 primam
1542 2928 1710 2976 proxime
1731 2926 1910 2973 sequentis
1925 2954 1934 2969 ‚
1962 2925 2204 2973 frequentissi-

1165 2989 1265 3015 mam
1304 2980 1416 3015 errori
1447 2978 1595 3015 librariis
1623 2975 1856 3014 occasionem
1888 2975 1997 3012 dedit.
2034 2974 2080 3027 sic
2108 2972 2203 3020 apud

1163 3028 1356 3066 Tibullum
1383 3028 1664 3066 emendavimus
1692 3028 1819 3065 locum
1851 3025 2028 3074 insignem
2055 3023 2113 3059 lib.
2140 3035 2203 3059 ω,

1162 3078 1263 3127 Eleg.
1286 3092 1349 3116 111.

1213 3136 1294 3167 Aut
1303 3128 1337 3178 si
1348 3131 1432 3176 fata
1453 3139 1579 3178 negant
1598 3129 1748 3165 reditum
1767 3127 1935 3174 tristefiyrce
1947 3124 2074 3172 fhrorc‘S

1265 3181 1426 3216 Stamina
1445 3194 1531 3230 qnae
1549 3181 1682 3215 ducunt
1694 3207 1702 3222 ‚
1723 3191 1872 3227 quaeque
1885 3178 2011 3227 intfsra
2036 3181 2179 3227 camin-t.

1163 3231 1345 3279 Scriptum
1364 3243 1498 3278 nempe
1521 3231 1798 3274 inmurmurat-ae
1816 3238 1905 3261 nime
1925 3224 2083 3268 absorpta
2104 3234 2202 3270 prio-

1163 3293 1201 3321 re
1237 3282 1369 3331 syllaba
1405 3282 1610 3330 posterioris
1647 3279 1744 3316 verbi
1765 3303 1776 3321 ,
1813 3286 1879 3323 gro
1906 3277 2035 3321 jutura
2061 3284 2203 3362 cong—m.

2145 3332 2207 3363 mc
