2553 3676
627 175 1168 240 AMORUM
1241 198 1417 238 LIB.
1491 182 1561 240 ΙῙ.
1637 208 1686 257 9.

2115 207 2217 258 429

369 275 445 333 Ut
468 276 693 336 subitUS‚
724 285 894 343 prope
914 268 1021 340 jam
1045 270 1231 340 prensa
1255 272 1444 328 tellure
1459 312 1474 337 ,
1513 276 1747 333 carinam

441 350 782 416 Tangentem
804 354 991 414 portus
1015 355 1206 397 ventus
1229 344 1284 397 in
1309 345 1409 399 alta
1433 347 1595 418 rapit:

364 421 450 475 Sic
476 435 562 472 me
584 416 738 487 saepe
762 414 928 468 refert
954 414 1158 469 incerta
1181 413 1465 487 Cupidinis
1491 437 1644 484 aura;

435 491 688 560 Notaque
713 505 1009 560 purpureus
1037 489 1138 542 tela
1161 489 1379 543 resumit
1405 490 1597 543 Amor.

256 580 321 632 35
357 561 516 632 Fige‚
552 576 715 632 puer3
755 559 935 632 positis
959 561 1133 615 nudus
1164 561 1260 616 tibi
1285 561 1546 634 praebeor
1570 565 1742 617 armiS.

434 631 548 687 Hic
577 632 674 686 tibi
702 632 800 687 sint
822 634 988 688 vires:
1030 634 1117 688 hic
1143 647 1231 688 tua
1257 634 1446 690 dextra
1469 635 1612 689 facit.

354 704 516 770 flue,
556 719 828 779 tamquam
849 705 1009 778 jussae
1024 746 1041 770 ‚
1076 707 1297 762 veniunt
1315 708 1424 779 jam
1447 707 1634 781 sponte
1659 707 1893 780 sagittae,

431 778 547 835 Vix
571 778 669 834 illis
694 796 820 851 prae
844 797 933 834 me
957 791 1086 833 nota
1110 780 1354 851 pharetra
1378 781 1465 835 sua
1490 781 1579 836 est.

355 850 572 915 Infelix,
609 856 723 905 tota
747 852 1076 926 quicumque
1101 853 1374 925 quiescere
1399 853 1558 907 noste

244 940 314 994 40

21 1154 22 1164 κ
62 1134 182 1174 'modo
210 1135 248 1173 δε
271 1135 333 1174 lib.
368 1147 398 1174 1.
427 1135 531 1186 Eleg.
560 1148 594 1175 x.
621 1149 834 1188 quanquam
859 1136 1043 1176 hocloco
1065 1136 1104 1175 id

21 1195 23 1201 ’
59 1186 162 1224 verbi
181 1188 300 1225 minus
328 1195 454 1237 aptum
479 1187 633 1227 videtur.
661 1190 722 1227 alii
744 1189 889 1228 codices
905 1217 916 1235 ‚
942 1188 1102 1226 evanuit.

20 1240 23 1285 ᾗ
64 1235 277 1276 ΗειΝςιυς.

19 1291 23 1347 '4
94 1299 173 1344 ⁹29.
200 1289 443 1339 spumantia]
474 1289 641 1329 Francius
664 1291 848 1335 malebat,
868 1289 1102 1339 stringentia,

62 1339 174 1377 nimis
194 1340 375 1378 audacter.
403 1340 604 1385 Palatinus,
627 1342 835 1390 pugnantia.

115 1400 174 1437 31.
201 1391 293 1435 Jam
319 1390 424 1439 pressa
452 1391 610 1442 tenura]
641 1394 795 1441 Legitur
820 1393 859 1430 ὃ(
882 1419 893 1436 ,
913 1392 1037 1442 prenfiz
1062 1393 1100 1430 in

59 1441 240 1478 veteribus
261 1442 548 1490 exemplaribus,
574 1455 670 1493 quae
695 1443 807 1480 leetio
825 1445 940 1492 magis
960 1445 1099 1492 placet,

22 1506 24 1540 i
58 1490 143 1539 quia
155 1492 317 1540 prendere
331 1503 461 1530 terram
478 1494 526 1530 est
538 1495 691 1532 verbum
705 1496 907 1532 nauticum.
920 1496 1102 1531 Manus.

23 1543 25 1590 l
61 1539 105 1578 In
122 1552 197 1579 uno
214 1542 403 1580 Maffeian.
417 1543 561 1593 prensa,
582 1546 618 1583 in
638 1545 774 1590 altero,
797 1544 913 1594 preffa.
941 1545 1102 1593 superior

22 1593 25 1643 j
52 1592 172 1640 magis
192 1594 284 1631 mihi
304 1594 486 1642 probatur.
513 1596 727 1633 CIOFANUS.
757 1596 946 1633 Editiones
967 1596 1100 1643 priscae

22 1653 25 1662 ·
57 1641 99 1678 &
128 1642 274 1689 plurimi
304 1644 422 1692 scripti
445 1644 552 1694 pressa
586 1646 722 1684 habent
744 1661 754 1689 3
795 1646 916 1694 prensa
946 1646 1101 1693 probant

0 1723 15 1730 „
53 1691 197 1731 Marius
219 1695 258 1731 ὅ(
281 1694 469 1733 Ciofanus.
497 1705 695 1745 utrumque
719 1696 872 1745 quidem
894 1696 990 1733 reete
1010 1696 1100 1733 dici-

55 1748 139 1786 tur,
167 1744 227 1781 sed
255 1744 392 1781 diversa
420 1743 684 1794 significatione
708 1760 716 1783 ε
746 1747 853 1795 pressa
875 1747 974 1783 enim
996 1747 1100 1784 tellus

0 1792 16 1838 g
56 1791 127 1837 est,
156 1795 215 1831 cui
229 1795 308 1843 jam
327 1794 502 1832 insistitur.
530 1805 570 1834 ut
589 1810 633 1833 11.
652 1798 784 1834 Amor.
803 1809 854 1834 rx.
876 1808 933 1846 31.
961 1799 998 1834 &
1019 1810 1100 1834 xvi.

57 1852 118 1890 19.
145 1844 184 1880 &
212 1857 274 1882 111.
302 1857 354 1882 vr.
381 1857 436 1882 12..
460 1847 499 1882 ὃς
516 1847 609 1883 alibi.
637 1846 696 1884 sed
718 1847 954 1895 prehenditur
973 1848 1016 1884 ab
1037 1860 1098 1896 ap-

0 1898 13 1930 :¹
44 1893 271 1942 pellentibus
298 1896 439 1940 naum,
469 1908 555 1934 cum
582 1908 697 1945 prope
727 1905 881 1946 tangunt
908 1899 1098 1943 manibus,

56 1944 96 1981 &
124 1945 252 1983 funem
285 1946 489 1995 religandae
520 1948 608 1984 navi
636 1945 781 1996 poffunt
809 1948 972 1996 injicere.
1002 1957 1099 1999 prope

0 2011 5 2026 x
55 1997 246 2045 comprensa
265 1996 385 2034 codex
405 1998 573 2035 Douzae.
602 1998 866 2036 BuRMANNtis.

108 2057 168 2095 32..
195 2052 401 2095 Tangentem
426 2057 544 2095 portus
571 2059 699 2085 ventus
728 2050 766 2086 in
795 2049 872 2085 alta
894 2048 1026 2098 rupim]
1056 2049 1099 2088 In

54 2107 134 2134 uno
160 2098 381 2136 eorumdem
405 2099 466 2136 lib.
495 2099 544 2136 est
562 2127 573 2143 ,
609 2099 705 2136 tulit.
740 2101 778 2137 in
805 2100 945 2145 altero,
973 2099 1098 2138 trahit.

28 2189 30 2198 ‚
55 2146 273 2186 emmaus.
299 2149 469 2187 Francos.
491 2151 601 2188 etiam
615 2178 626 2194 ‚
645 2149 769 2188 trahit.
797 2156 924 2187 Ventus
944 2163 988 2190 (φ
1009 2164 1099 2187 aura

29 2215 30 2221 1
56 2208 148 2235 unus
179 2201 329 2237 Moreti.
356 2206 481 2236 Ventus
508 2212 552 2239 ω’
579 2201 675 2237 unda
701 2201 790 2239 alter
817 2201 993 2250 ejusdem.
1021 2201 1097 2240 vid.

57 2247 102 2285 ad
121 2248 229 2297 Epist.
252 2263 297 2288 11.
317 2262 372 2299 35.
401 2251 441 2287 &
467 2251 612 2289 videtur
638 2253 729 2289 haec
754 2251 865 2289 lecstio
893 2251 1027 2289 firmari
1049 2264 1095 2289 ex

57 2296 362 2346 Epist-atmssm.
389 2301 448 2338 sed
477 2313 556 2338 non
583 2309 665 2351 apte
685 2303 771 2340 huic
785 2302 873 2340 loco
895 2304 1092 2341 convenit:

57 2359 142 2386 nam
169 2351 271 2399 quod
307 2351 466 2402 sequitur
501 2353 653 2391 verbum
676 2381 686 2397 ,
724 2355 855 2400 refert,
895 2355 1096 2402 opponitur

57 2398 145 2443 illis,
163 2400 200 2437 in
220 2401 296 2438 alta
317 2403 431 2451 rapit:
463 2404 591 2449 Referri
614 2405 714 2441 enim
733 2405 945 2453 navigantes
965 2404 1095 2453 dicun-

59 2455 138 2495 tur,
151 2461 235 2489 cum
253 2453 289 2490 in
307 2454 421 2490 altum
442 2454 632 2501 provecti,
655 2455 866 2492 adversante
885 2457 1093 2500 vento,vel

32 2537 34 2552 ἑ
58 2499 131 2538 alio
160 2502 240 2540 casu
267 2503 381 2541 redire
413 2513 595 2552 coguntur
634 2504 681 2542 eo
704 2533 715 2549 ,
762 2505 861 2542 unde
896 2506 1094 2545 solverunt.

8 2554 12 2558 ’
32 2560 35 2589 l
59 2549 187 2590 Senec.
207 2553 344 2591 Suasor.
370 2566 442 2592 vu.
467 2561 506 2590 In
528 2555 643 2591 altum
661 2557 860 2604 proveffum
881 2557 981 2592 venti
1001 2568 1095 2593 retu-

34 2603 35 2614 *
61 2598 186 2641 lerunt.
213 2604 298 2642 vide
316 2617 410 2653 quae
427 2614 600 2643 notamus
619 2606 665 2643 ad
685 2605 838 2654 Quinct.
859 2607 964 2644 Decl.
987 2619 1038 2644 vx.
1062 2620 1095 2656 5.

0 2683 2 2685 ,
60 2649 175 2691 sensus
196 2666 282 2704 ergo
302 2656 350 2692 est
366 2683 376 2699 ,
395 2664 434 2693 ut
455 2656 557 2705 saepe
578 2664 708 2693 ventus
726 2665 851 2694 nautas
864 2658 942 2705 jam
963 2665 1095 2695 terrain

60 2712 175 2751 prope
192 2705 230 2742 &
248 2714 394 2754 portum
411 2715 599 2756 tangentes
614 2735 624 2750 ‚
651 2708 784 2744 iterum
803 2709 893 2755 rapit
913 2709 950 2745 in
966 2709 1095 2753 altum,

36 2757 37 2806 ξ
61 2751 110 2809 sic
128 2763 252 2792 contra
273 2768 334 2793 me
356 2756 546 2795 volentem
565 2757 726 2806 effugere
745 2758 903 2805 puellam
924 2758 1012 2796 datis
1034 2771 1098 2796 ve-

36 2830 37 2841 ,
60 2801 123 2847 lis,
141 2805 310 2853 prospero
325 2835 334 2851 ,
354 2815 395 2844 ut
413 2809 635 2846 credideram
650 2837 659 2851 ‚
680 2816 796 2845 vento
811 2836 820 2852 ,
842 2820 927 2846 aura
945 2809 1100 2857 Cupidi-

62 2854 117 2891 nis
158 2855 293 2893 incerta
315 2883 324 2899 ,
359 2859 397 2895 &
434 2870 524 2896 mox
564 2867 703 2896 mutata
724 2887 733 2901 ‚
778 2859 888 2896 refert
916 2859 961 2897 ad
996 2860 1099 2908 puel-

35 2912 38 2939 :
63 2902 137 2942 lain
151 2931 162 2947 ,
189 2905 286 2941 unde
305 2907 472 2944 volebam
495 2910 582 2946 velis
601 2911 639 2946 &
660 2909 767 2946 remis
786 2910 893 2947 abire.
914 2909 1045 2947 Burin..

10 2982 14 2986 .
38 2994 39 2998 Ἰ
86 3002 95 3009 .
119 2965 175 3002 34.
203 2957 396 3004 Notaque.]
422 2958 589 2998 Francius
614 2961 793 3005 malebat,
817 2960 992 3011 Lapsaque
1021 2974 1098 2997 con-

38 3034 39 3039 ,
64 3012 183 3041 nni-tus
201 3004 268 3040 teta
288 3006 428 3052 resumit
446 3014 567 3047 Amor.

39 3071 41 3093 ι
117 3056 176 3104 36.
203 3061 279 3091 Huc
306 3065 369 3091 tua
395 3056 518 3093 dextra
536 3060 670 3110 valen]
701 3063 853 3111 Legitur
872 3064 909 3100 in
930 3062 1095 3112 quodam

40 3142 41 3148 ,
69 3105 195 3142 codice
213 3133 223 3148 ‚
252 3106 380 3143 Facit:
416 3118 508 3154 quae
535 3108 645 3146 lectio
670 3124 747 3149 non
777 3113 949 3161 displicet.
988 3114 1097 3151 Dixit

70 3155 166 3192 enim
191 3156 291 3204 supra
307 3185 315 3200 ‚
346 3158 446 3205 Pigra
465 3157 648 3193 relufffanti
671 3161 764 3209 cessat
788 3163 827 3198 in
845 3164 929 3210 hoste
948 3178 1096 3209 manus,

69 3203 237 3253 Expones
268 3207 396 3255 igitur,
426 3207 544 3244 Facit:
574 3208 611 3244 id
642 3210 713 3252 est,
739 3222 817 3247 non
849 3215 897 3250 est
923 3214 1097 3252 desidiosa

73 3253 112 3292 ὃ(
134 3256 226 3297 iners
247 3270 257 3296 ς
293 3263 412 3297 Facere
433 3258 525 3297 enim
548 3260 614 3309 (ut
635 3259 848 3309 Papinianus
864 3264 936 3312 ait)
964 3277 1100 3304 omnem

424 923 684 990 Sustinet,
725 925 779 980 &
804 925 1017 981 somnos
1040 926 1274 998 praemia
1297 943 1488 998 magna
1512 939 1688 983 vocat.

2007 998 2177 1057 Stulte
2190 1041 2213 1065 ,-

1159 1136 1297 1174 omnino
1316 1133 1474 1185 faciendi
1504 1133 1645 1184 causam
1678 1133 1910 1185 complefiitur
1931 1161 1941 1177 ‚
1978 1134 2117 1180 dandi,
2138 1136 2207 1183 sola

1158 1188 1291 1232 vendi,
1313 1187 1545 1232 numerandi,
1566 1185 1777 1236 judicandi,
1805 1184 2036 1230 ambulandi,
2065 1187 2208 1223 redden-

1158 1239 1195 1274 di
1217 1255 1228 1274 .·
1265 1239 1329 1288 qui
1357 1247 1482 1276 autem
1521 1237 1658 1275 otiosus
1689 1238 1737 1274 est
1760 1265 1770 1281 ‚
1798 1237 1889 1274 nihil
1917 1238 2038 1274 facere
2062 1237 2205 1276 dicitur.

1157 1295 1266 1333 Huc,
1303 1290 1341 1326 in
1380 1301 1458 1327 me..
1497 1289 1542 1326 Se
1575 1288 1640 1334 (ut
1668 1287 1792 1336 supra)
1827 1287 1994 1325 ostendit.
2023 1287 2205 1328 Maurus.

1158 1340 1327 1389 Uterque
1349 1339 1541 1377 Maffeian.
1563 1338 1689 1375 dextra
1719 1338 1828 1375 valet.
1856 1336 1956 1375 vere.
1985 1337 2206 1376 CIOPANusv.

1159 1391 1314 1435 Malim,
1342 1390 1408 1427 huc
1425 1390 1545 1437 facit,
1573 1391 1635 1434 &,
1656 1387 1731 1438 sint
1759 1389 1862 1426 vires.
1899 1387 2002 1437 quod
2030 1388 2207 1436 posterius

1157 1441 1196 1478 in
1226 1440 1345 1490 prima
1371 1441 1535 1479 editione
1565 1441 1603 1477 &
1631 1440 1773 1477 duobus
1799 1440 1935 1488 scriptis
1957 1446 2055 1476 extat
2077 1450 2206 1477 exem-

1156 1492 1324 1539 plaribus.
1347 1503 1379 1531 1.
1399 1492 1508 1530 Trist.
1530 1491 1634 1539 Eleg.
1654 1504 1701 1528 11.
1724 1503 1784 1538 41.

1210 1550 1306 1580 Ferte
1320 1571 1328 1586 ‚
1343 1543 1427 1594 quid
1448 1543 1514 1580 huc
1528 1543 1671 1589 faciunt
1695 1541 1808 1591 rapidi
1826 1553 1902 1578 mea
1931 1539 2074 1591 carbasa
2093 1540 2207 1579 venti.

1157 1593 1212 1630 Ita
1234 1595 1331 1643 lego.
1361 1594 1434 1631 vid.
1455 1594 1499 1630 ad
1518 1592 1628 1641 Epist.
1653 1606 1698 1630 11.
1722 1603 1781 1641 39.
1802 1593 2014 1630 Hzmsms.

1207 1655 1266 1693 37.
1296 1652 1370 1681 Huc
1389 1642 1577 1692 venium]
1608 1642 1672 1678 Hic
1696 1644 1910 1680 Pure-ancus.
1938 1644 2151 1680 annsms.

1208 1695 1265 1743 38.
1296 1696 1360 1732 Vix
1385 1694 1466 1733 ullis
1485 1703 1571 1744 prae
1593 1705 1645 1730 me
1670 1703 1751 1730 nota
1763 1692 1933 1743 pharetra
1954 1703 2017 1731 tua
2040 1693 2125 1743 est.]
2156 1693 2201 1732 In

1154 1746 1363 1784 nonnullis:

1208 1797 1272 1833 Vix
1293 1796 1362 1833 illis
1376 1806 1458 1847 prae
1479 1809 1532 1833 me
1552 1805 1633 1832 nota
1650 1794 1815 1845 pharetra
1828 1795 1897 1843 fim
1916 1793 1970 1842 est.

1154 1847 1368 1897 Utrumque
1394 1847 1505 1885 reete.
1532 1848 1789 1885 Nauemuus.
1834 1844 2042 1894 Dupliciter
2067 1843 2203 1895 legitur

1154 1897 1229 1935 hoc
1252 1910 1419 1936 carmen:

1206 1949 1271 1985 Vix
1290 1949 1371 1986 ullis
1384 1960 1466 1998 prae
1489 1962 1542 1985 me
1559 1957 1640 1985 nota
1655 1947 1822 1997 pharetra
1844 1956 1907 1984 tua
1928 1945 1982 1994 eft.

1157 2010 1187 2036 1.
1208 1999 1326 2037 nullus
1353 2001 1557 2048 pharetram
1576 2008 1679 2036 tuam
1698 1999 1826 2035 melius
1845 1997 2057 2046 cognoscit,
2088 2009 2201 2047 quam

1156 2061 1238 2098 ego.
1274 2051 1321 2087 Et
1348 2050 1396 2088 sic
1427 2051 1632 2098 pharetram
1659 2060 1727 2097 pro
1757 2047 1888 2097 sagittis
1911 2048 2052 2096 posuit,
2083 2050 2203 2085 conti-

1155 2112 1244 2137 nens
1285 2113 1351 2149 pro
1390 2107 1570 2139 contento
1593 2127 1604 2144 ,
1647 2111 1712 2148 per
1747 2100 2034 2149 metonymiam.
2084 2100 2202 2138 Aliter

1153 2150 1311 2199 legitur:

1210 2202 1273 2238 Vix
1295 2201 1376 2238 ullis
1391 2210 1472 2252 prae
1494 2215 1548 2239 me
1569 2211 1651 2238 nota
1667 2200 1832 2251 pharetra
1844 2200 1914 2250 sua
1935 2201 1989 2249 est.

1153 2252 1262 2300 Quae
1293 2252 1404 2290 lectio
1436 2252 1619 2290 venustior
1655 2252 1704 2289 est
1727 2280 1737 2295 ,
1777 2253 1920 2301 judicio
1950 2262 2049 2288 me0.
2087 2257 2127 2287 ut
2154 2248 2196 2288 fit

1152 2302 1292 2340 sensus:
1322 2304 1471 2352 Sagittas
1492 2302 1579 2351 ipsas
1600 2302 1791 2352 Cupidinis
1806 2331 1815 2347 ‚
1833 2304 1918 2352 quia
1937 2301 2134 2350 saepiffirne
2155 2302 2199 2338 ὅζ

1150 2353 1284 2391 diutius
1321 2354 1359 2391 in
1392 2354 1540 2391 Nasone
1574 2353 1667 2391 fixae
1698 2362 1888 2390 morantur
1913 2381 1923 2396 ‚
1960 2365 2043 2389 eum
2083 2351 2197 2398 magis

1149 2404 1371 2452 cognoscere
1386 2433 1396 2449 ,
1425 2417 1538 2453 quam
1558 2405 1764 2453 pharetram
1786 2405 1897 2441 suam.
1925 2404 1958 2439 Si
1983 2408 2055 2437 Tua
2073 2402 2194 2449 legas,

1150 2455 1194 2491 ad
1215 2455 1439 2504 Cupidinem
1462 2456 1591 2492 referas
1611 2468 1619 2492 z
1641 2455 1667 2492 si
1690 2453 1838 2498 sua,ad
1855 2453 2128 2501 sagittas,quod
2146 2451 2198 2490 est—

1151 2506 1292 2543 melius.
1326 2506 1407 2543 sane
1435 2514 1634 2553 utrumque
1660 2506 1698 2541 in
1729 2503 1992 2551 exemplaribus
2021 2502 2199 2550 scriptum-

1149 2556 1232 2603 legi.
1256 2557 1421 2592 Maurus
1465 2556 1583 2592 Iidem
1599 2555 1704 2599 libri,
1731 2554 1813 2591 illis.
1833 2554 2046 2592 Cromnos.
2071 2553 2193 2591 Prima

1154 2606 1268 2643 editio
1295 2618 1381 2643 curn
1407 2605 1641 2642 melioribus:

1207 2658 1272 2693 Vix
1290 2657 1360 2693 illis
1372 2665 1453 2705 prae
1471 2669 1523 2692 me
1544 2666 1625 2692 nota
1639 2653 1804 2703 pharetra
1814 2655 1881 2703 sua
1900 2653 1955 2703 est.

1153 2707 1281 2744 Recte.
1305 2708 1365 2744 alii
1379 2736 1388 2751 ‚
1402 2707 1472 2743 illis
1493 2717 1574 2743 nota
1589 2705 1757 2754 pharetra
1774 2715 1836 2742 tua
1856 2705 1909 2752 est.
1936 2705 2107 2754 proxime
2126 2708 2198 2743 ves-⁴

1151 2770 1246 2796 rum.
1277 2759 1487 2795 Heiusrus.
1518 2759 1649 2794 Douza
1673 2756 1828 2793 malebat
1842 2785 1851 2800 ‚
1872 2756 1937 2792 Vix
1959 2755 2024 2793 ulli
2038 2765 2122 2805 prae
2140 2769 2196 2792 me

1152 2819 1234 2844 nota
1251 2808 1418 2858 pharetra
1445 2819 1508 2844 tua
1537 2807 1590 2855 est.
1626 2818 1696 2843 nec
1725 2808 1835 2843 etiam
1865 2814 1961 2843 caret
1978 2806 2037 2843 sua
2059 2818 2194 2844 venere

1151 2859 1262 2896 lectio
1283 2859 1497 2896 Scriveriani
1517 2857 1675 2901 codicis,
1703 2858 1767 2905 qui
1788 2858 1920 2900 habet,
1948 2857 2012 2893 Vix
2035 2856 2105 2893 illis
2121 2855 2194 2904 post

1153 2920 1307 2946 menam
1328 2909 1492 2958 pharetra
1506 2909 1574 2956 sun
1599 2907 1654 2954 est.
1682 2908 1873 2956 postquam
1898 2909 1935 2945 in
1960 2919 2020 2944 me
2042 2916 2102 2944 tua
2122 2906 2193 2943 tela

1154 2961 1338 3009 conjicere
1361 2959 1532 3008 coepisti,
1559 2959 1687 3007 sponte
1710 2960 1747 2995 ὅς
1770 2957 1861 3007 julla
1880 2959 1916 2995 in
1936 2970 1999 2994 me
2016 2959 2204 2999 veniunt,-

1152 3023 1222 3048 nec
1249 3011 1403 3048 noscunt
1422 3011 1626 3058 pharetram
1648 3009 1771 3051 suam,
1799 3009 1858 3046 sed
1883 3010 2190 3058 quotiescumque

1152 3070 1194 3099 tu
1229 3062 1337 3099 sumis
1369 3072 1485 3099 novas
1517 3061 1657 3110 sagittas
1678 3088 1688 3104 ‚
1723 3068 1764 3097 ut
1791 3062 1976 3107 pharetrae
2005 3055 2202 3096 includas,

1153 3113 1302 3149 evolant
1334 3111 1353 3149 e
1381 3112 1547 3149 manibus
1567 3140 1577 3155 ,
1613 3109 1713 3160 quasi
1735 3108 1848 3158 juffae
1871 3137 1879 3152 ,
1897 3110 1950 3164 ‘in
1965 3119 2062 3165 me}
2079 3115 2191 3152 quare

1152 3164 1220 3199 huc
1248 3163 1494 3200 retinendum.
1523 3163 1561 3199 &
1587 3162 1792 3211 eleganter,
1821 3171 1938 3195 ventre
1958 3170 1994 3192 m
2014 3167 2204 3212 ⁶1z3q2vzem,.

1154 3222 1193 3250 ut
1212 3212 1395 3255 laedatur,
1414 3213 1486 3251 dici
1506 3211 1730 3251 ostendimus
1746 3211 1792 3248 ad
1810 3208 1958 3248 Phaedr.
1981 3217 2011 3243 Ι.
2031 3204 2114 3241 rab.
2133 3215 2195 3242 21.

1156 3263 1419 3316 Burrum-tuus,

1594 3310 1727 3350 Hhh
1760 3320 1782 3359 3
2015 3316 2075 3353 41,
2101 3307 2213 3356 Myrg-
