2553 3676
16 1641 19 1698 ὲ

16 1728 20 1774 l

370 202 748 261 'ARTIS
819 197 1574 260 AMATORIAE
1647 229 1820 268 L‘IB.
1892 214 1931 268 Ιο

2155 214 2254 278 569

404 294 569 352 Casus
590 296 647 349 in
669 301 870 347 eventu
897 288 985 343 est.
1033 290 1159 343 licet
1181 291 1312 347 haec
1338 295 1612 366 indulgeat
1640 300 1797 363 aufis;

259 371 366 437 '380

476 363 770 422 Confilium
798 375 979 415 tamen
992 362 1077 416 -est
1104 361 1398 418 abstinuisse
1422 385 1618 423 meum.

398 442 524 497 Non
549 452 654 506 ego
670 453 773 507 per
789 451 1050 507 ¹praeceps
1076 433 1132 488 &
1154 448 1308 490 acuta
1333 441 1605 494 cacumina
1631 443 1845 498 vadam:

470 509 587 563 Nec
609 507 868 577 juvenum
895 508 1203 581 quisquam,
1225 527 1313 564 me
1333 508 1508 574 duce,
1531 526 1713 582 captus
1741 517 1857 572 erit.

394 582 456 637 Si
483 593 663 634 tamen
684 580 772 635 illa
796 580 921 645 tibi,
946 581 1078 635 dum
1102 581 1223 645 dat,
1245 582 1546 655 recipitque
1581 584 1819 649 tabellaS,

469 652 748 725 Corpore,
783 671 895 708 non
918 666 1126 708 tantum
1148 654 1453 719 sedulitate,
1481 656 1690 727 -placet3

253 730 352 797 385
390 726 434 783 F
436 746 497 782 ae
519 726 739 781 domina
762 727 969 798 potiare
993 727 1170 798 prius;

1210 745 1395 782 comes
1432 728 1517 782 illa
1542 728 1804 801 sequatur.

465 800 595 855 Non
617 799 714 852 tibi
740 801 803 853 ab
833 799 1019 853 ancilla
1043 799 1118 853 est
1142 799 1447 872 incipienda
1487 799 1693 855 Venus,

389 871 524 927 Hoc
559 890 729 926 unum
750 890 950 927 moneo
976 871 1048 942 <fi
1076 871 1212 945 quid
1237 872 1408 926 modo
1435 872 1679 927 creditur
1702 874 1836 939 arti3

465 945 583 999 Nec
619 962 738 999 mea
760 944 901 1000 dicia
924 962 1084 1016 rapax
1105 962 1201 1017 per
1224 963 1369 1000 mare
1397 957 1586 999 ventus
1603 946 1773 1016 agit.)

387 1018 504 1073 Aut
529 1035 640 1072 non
665 1019 917 1082 tentariS,
956 1030 1045 1071 aut
1068 1018 1287 1088 perfice.
1324 1018 1530 1073 tollitur
1555 1017 1753 1083 index,

248 1107 352 1168 390

460 1090 606 1146 Cum
629 1091 790 1146 ser-nel
812 1092 869 1145 in
898 1103 1107 1162 partem
1133 1091 1367 1145 criminis
1405 1091 1512 1163 ipsa
1531 1089 1698 1148 venit..

387 1164 518 1220 Non
540 1164 648 1219 avis
672 1164 875 1219 utiliter
897 1162 1103 1217 viscatis
1129 1161 1317 1234 effugit
1344 1165 1460 1218 alis:

460 1237 591 1292 Non
606 1236 750 1291 [bene
771 1236 847 1290 ..de
872 1237 1000 1290 laxis
1037 1234 1260 1290 caffibus
1288 1238 1400 1291 exit
1425 1254 1567 1309 aper..

386 1310 602 1364 Saucius
625 1322 840 1381 arrepto
862 1308 1017 1381 piscis
1043 1320 1289 1363 tenea-tur
1315 1310 1377 1363 ab
1403 1310 1579 1363 hamO.

453 1382 732 1454 Perprime
758 1395 1042 1436 tentatam:
1081 1398 1211 1447 nec,
1235 1382 1328 1437 nisi
1354 1381 1551 1446 vistor,
1575 1381 1675 1437 abi.

234 1474 334 1527 395
374 1455 527 1511 Tum
554 1473 730 1528 neque
754 1468 808 1509 te
835 1455 1033 1527 prodet
1059 1457 1335 1511 communi
1361 1455 1592 1511 obnoxia
1618 1455 1849 1526 culpae:v

457 1527 722 1605 Factaque
746 1541 903 1585 erunt
929 1527 1178 1584 dominae
1204 1528 1451 1604 distaque
1476 1541 1604 1585 nota
1632 1527 1742 1584 tibi„

144 1742 229 1782 377·
255 1737 348 1772 Haec
374 1734 423 1770 ad
443 1732 702 1784 concubitum]
732 1739 772 1772 A
798 1734 977 1772 concubitu
994 1738 1130 1786 Regius

81 1782 112 1820 ,ἒι
133 1794 247 1821 manu
264 1786 380 1833 prima
393 1814 403 1830 ,
418 1796 503 1823 cum
524 1785 695 1833 Scaligeri
708 1786 746 1823 ὃς
766 1787 918 1824 Puteani
941 1789 1131 1836 excerptis.

86 1832 266 1883 'Sequenti
296 1838 408 1875 etiam
436 1835 562 1880 versu,
597 1845 630 1871 te
654 1845 780 1885 parat,
807 1849 874 1886 pro
894 1846 1060 1886 temperat
1086 1851 1131 1876 ex

81 1884 305 1923 auctoritate
326 1888 557 1936 optimorum
578 1885 752 1925 codicum
774 1888 1017 1926 scribendum.
1030 1889 1132 1937 quod

82 1934 127 1973 in
174 1936 499 1976 Observationibus
539 1937 619 1986 jam
665 1939 813 1976 monuit
850 1939 1132 1978 accuratissimus

20 2007 21 2020 l
87 1986 303 2026 Gronovius
332 1988 393 2026 lib.
422 2001 453 2026 1.
490 2000 569 2037 cap.
606 1998 661 2025 10.
701 1990 916 2027 Heinsius.
948 1991 1083 2027 Recte:
1108 2004 1131 2027 a

21 2067 22 2070 ,
82 2037 292 2082 concubitu,
319 2039 358 2076 id
379 2039 427 2076 est
445 2038 523 2087 post
542 2040 795 2078 concubitum.
824 2041 910 2078 vide
927 2041 1028 2078 adn.
1041 2041 1130 2080 Fast.

21 2105 23 2132 5
88 2087 171 2136 685.
200 2090 239 2126 ὅ(
256 2089 364 2137 Epist.
381 2101 416 2127 v.
440 2101 520 2138 152.
552 2090 590 2126 ὃς
611 2089 702 2139 supr.
722 2102 811 2140 ⁷139.

22 2143 24 2205 l

21 2234 27 2428 l

142 2149 228 2187 379.
250 2140 363 2188 Casus
378 2140 416 2177 in
435 2149 563 2176 eventu
581 2139 624 2187 est
639 2168 648 2184 ,
661 2141 738 2177 licet
759 2141 1128 2192 hicindalgeatazfis]

80 2186 269 2238 Expone:
299 2191 406 2228 Licet
427 2191 487 2228 hic
508 2198 683 2236 eventus,
710 2191 786 2229 five
808 2192 903 2230 casus
927 2219 938 2236 ‚
974 2194 1048 2230 hoc
1080 2194 1129 2231 est

86 2238 235 2278 fortuna
248 2268 259 2285 ,
283 2241 471 2290 indulgeat
490 2240 579 2278 ausis
592 2270 602 2286 ,
628 2241 665 2279 id
688 2242 735 2280 est
746 2243 867 2280 faveat
887 2243 1126 2289 audentibus,

85 2289 159 2328 &c.
177 2291 376 2330 secundum
397 2291 485 2330 illud
499 2318 508 2335 ,
537 2292 719 2329 Audentes
722 2293 872 2340 fhrtuna
882 2295 1007 2342 javat.
1035 2296 1126 2332 Non

86 2340 186 2378 enim
218 2353 284 2391 pro
314 2343 442 2392 aliquis
468 2341 562 2380 sumi
589 2344 706 2392 potest
732 2344 805 2382 hoe
840 2345 928 2382 loco
954 2346 1022 2381 Hic
1045 2374 1055 2390 ‚
1085 2354 1126 2384 ut

79 2390 232 2429 Merula
250 2395 424 2441 exponit:
452 2392 512 2430 sed
530 2392 681 2432 relative
701 2396 957 2444 accipiendum
976 2395 1030 2433 >est
1045 2424 1056 2440 ,
1084 2405 1125 2435 ut

83 2440 190 2488 saepe
215 2442 298 2479 alias
324 2443 426 2480 solet.
453 2443 682 2481 chrLLus.
708 2445 1121 2493 scriptiplurimi,haec;

27 2534 28 2538 Ἰ
83 2490 263 2528 nimirum
285 2493 439 2531 Ancilla.
460 2493 497 2529 &
516 2494 626 2532 recte.
654 2495 868 2533 Hssmsms.

137 2541 221 2591 381.
250 2547 372 2579 Acuta
418 2543 646 2593 cacumina]
692 2545 863 2582 Albertus
907 2545 1122 2593 Rubenius,

28 2606 29 2645 3
78 2604 220 2641 magno
235 2594 289 2631 rei
309 2594 486 2631 literariae
507 2593 646 2632 damno
666 2606 783 2644 nuper
800 2596 1002 2641 extinctus,
1025 2606 1124 2637 retu-

28 2675 29 2679 ,
78 2643 123 2682 lit
144 2644 236 2682 mihi
247 2644 451 2694 aliquando
474 2644 600 2682 vidisse
618 2645 653 2682 se
671 2645 863 2691 codicem,
883 2648 922 2684 in
939 2659 1020 2696 equo
1039 2662 1123 2685 acu-

81 2704 123 2731 ta
153 2695 327 2732 Ceraunia
353 2696 544 2744 legeretur.
580 2696 691 2733 nostri
711 2708 842 2734 omnes
863 2709 947 2735 cum
968 2699 1122 2748 vulgatis

82 2744 252 2783 sentiunt.
286 2746 495 2785 Hfimsms.
531 2747 604 2784 Pro
634 2747 769 2784 vadam
792 2776 802 2793 ‚
836 2749 966 2786 melius
990 2777 1000 2794 ,
1037 2762 1121 2788 mea

80 2794 287 2840 sententia,
323 2797 398 2835 duo
427 2798 532 2842 libri,
574 2798 725 2834 ducam:
755 2798 947 2847 profitetur
964 2801 1063 2838 enirn
1085 2801 1120 2838 se

80 2846 289 2894 magistrum
317 2848 364 2884 -&
399 2847 531 2885 ducem
569 2849 758 2898 juventuti
793 2849 904 2887 Naso.
951 2850 1121 2890 Francos.

81 2908 235 2945 quoque
253 2897 408 2945 eleganti
424 2899 643 2946 repetitione
656 2928 668 2943 ,
690 2908 749 2948 per
764 2909 916 2949 praeceps
928 2928 937 2942 ,
960 2910 1020 2949 per
1037 2914 1121 2938 acu-

75 2957 118 2984 ta
140 2947 333 2983 cacumina.
359 2948 431 2984 vid.
448 2949 531 2997 Sup.
553 2948 610 2992 3215.
631 2950 691 2997 96.
744 2950 1011 2989 BURMANNUS.

134 2997 218 3046 388.
246 3003 311 3033 Per
332 3010 427 3034 mare
452 3009 577 3036 ventus
601 2999 721 3050 agua]
752 3000 898 3046 Scribe,
932 3002 1005 3051 agit
1028 3014 1114 3041 cum

32 3079 34 3096 1
79 3047 303 3086 melioribus.
358 3049 436 3084 Hm
445 3060 580 3084 Nsms..

133 3098 218 3148 389.
245 3103 326 3135 Aut
347 3110 529 3147 nunquam
549 3108 677 3142 tentes,
694 3112 758 3137 aut
773 3101 925 3152 perfica]
956 3107 1115 3140 Amnon

77 3149 258 3198 tentasses,
279 3150 416 3197 Regius
439 3151 476 3185 ὃς
497 3148 601 3185 multi
624 3148 695 3186 alii.
745 3152 858 3197 Jureti
877 3153 995 3192 codex
1009 3182 1019 3199 ,
1046 3167 1116 3192 nec

84 3203 190 3249 pauci
210 3201 293 3245 alii,
322 3204 402 3236 Aut
419 3212 487 3235 non
508 3198 668 3234 tentabis.
722 3201 942 3241 Oxonienfis
955 3232 964 3247 ,
1001 3216 1118 3241 tenta-

79 3263 147 3290 res.
198 3252 306 3300 Lego
320 3279 330 3295 ‚
359 3255 438 3286 Aut
457 3262 524 3285 non
545 3249 702 3286 tentaris.
754 3251 944 3291 Mutarunt
971 3255 1007 3292 id
1025 3256 1118 3292 scio-

86 3301 136 3348 li,
164 3303 266 3351 quod
281 3301 459 3340 nescirent
478 3300 647 3339 ultimam
665 3299 835 3349 syllabam
856 3302 959 3351 saepe
985 3305 1119 3351 produ-

2122 1605 2238 1663 Sed

1186 1739 1219 1774 c'i
1238 1735 1504 1786 in'hujusmodi
1524 1735 1655 1774 verbis.
1682 1733 1755 1783 quil
1775 1732 1819 1772 de
1840 1744 1877 1770 re
1897 1731 2055 1771 diximus
2071 1732 2117 1770 ad
2143 1733 2238 1782 Epi—'

1186 1787 1314 1826 stolam
1340 1800 1412 1826 v11.
1439 1788 1497 1830 ybs.
1524 1799 1583 1835 53.
1631 1785 1765 1825 Noster
1795 1785 1887 1822 infra
1926 1784 2000 1821 hoc
2033 1783 2111 1832 ipso
2141 1785 2234 1823 libro

1188 1838 1246 1881 §bs-
1268 1850 1352 1884 1447·

1240 1889 1276 1926 Si
1297 1888 1426 1926 dederis
1445 1888 1581 1940 aliquid
1605 1916 1615 1932 ,

1190 1941 1288 1978 Cum
1312 1941 1423 1989 vulgo
1443 1941 1606 1990 legatur,
1638 1937 1671 1988 fi
1688 1938 1818 1974 dederis
1839 1938 2038 1989 quicquam.
2065 1937 2234 1986 sequenti

1189 1991 1294 2029 versu
1308 2020 1317 2036 ,
1347 1991 1415 2040 ipsit
1435 1991 1535 2027 venit
1549 2019 1558 2035 ,
1587 2002 1654 2038 pro
1674 1988 1738 2025 illa
1758 1989 1872 2027 iidem
1892 1989 1981 2026 libri.
2026 1988 2181 2026 Hans.

1241 2043 1324 2091 389.
1353 2041 1500 2078 Tollitur
1516 2041 1626 2078 ‘index
1638 2068 1648 2085 ‚
1678 2045 1771 2076 Cum
1782 2038 1889 2088 fimel
1908 2039 1945 2076 in
1958 2045 2095 2088 partem
2114 2039 2232 2076 crimi-

1186 2092 1241 2128 nis
1263 2093 1326 2129 illa
1350 2091 1488 2141 venit.]
1519 2092 1609 2129 Non
1629 2099 1774 2128 tantum
1796 2090 1841 2128 de
1862 2089 2000 2128 indicio
2021 2118 2031 2134 ,
2060 2089 2162 2139 quod
2186 2090 2233 2128 ad

1186 2142 1382 2181 dominam
1404 2143 1535 2180 defen-i
1549 2141 1695 2190 potest,
1722 2140 2004 2189 accipiendum:
2033 2140 2093 2178 sed
2117 2141 2232 2189 magis

1185 2193 1231 2230 de
1251 2206 1298 2231 eo
1312 2222 1322 2239 ‚
1351 2193 1455 2243 quod
1473 2193 1649 2230 advirum
1664 2221 1674 2237 ‚
1703 2191 1777 2229 five
1800 2192 1986 2229 maritum.
2007 2190 2105 2240 quafi
2127 2191 2227 2228 dice-

1183 2253 1238 2282 ret
1259 2274 1270 2289 ,
1306 2256 1500 2294 nunquam
1531 2244 1591 2281 illa
1619 2243 1665 2281 de
1694 2242 1847 2280 domina
1875 2242 2050 2280 indicabit
2074 2241 2231 2285 marito,

1183 2295 1375 2344 postquam
1394 2295 1464 2344 ipsa
1483 2306 1635 2344 quoque
1654 2294 1692 2331 in
1713 2293 1843 2331 eadem
1864 2294 1968 2340 culpa
1989 2293 2055 2329 erit
2076 2320 2084 2331 ,
2125 2292 2163 2328 &
2176 2292 2227 2346 ‚in

1182 2345 1396 2384 societatem
1418 2346 1580 2383 criminis
1600 2345 1714 2382 venit.
1741 2345 1966 2382 Micrrtus.
2004 2341 2151 2378 Pellitur
2169 2354 2229 2378 m—

1182 2396 1248 2432 dex
1268 2396 1439 2434 Francof.
1458 2408 1524 2445 pro
1544 2396 1640 2433 varia
1666 2394 1840 2432 let‘tione.
1869 2406 1938 2442 ego
1968 2401 2058 2441 puto
2080 2391 2225 2431 sensum

1180 2446 1274 2492 effe,
1303 2447 1328 2484 si
1348 2448 1428 2497 quis
1449 2448 1597 2484 tentarit
1615 2446 1732 2483 modo
1752 2445 1918 2482 ancillam
1933 2472 1944 2488 ‚
1972 2453 2049 2479 non
2062 2443 2227 2490 perfece-

1178 2498 1281 2536 rit&
1302 2498 1454 2547 plenum
1485 2498 1626 2535 coitum
1647 2496 1691 2533 ab
1710 2507 1751 2533 ea
1768 2495 1890 2532 tulerit
1908 2522 1919 2538 ‚
1947 2493 2049 2529 illum
2072 2492 2225 2540 perdere

1180 2549 1346 2586 ancillam
1360 2576 1370 2592 ‚
1407 2559 1503 2596 quae
1520 2547 1630 2584 index
1652 2545 1700 2582 est
1714 2573 1724 2589 ‚
1753 2545 1791 2582 ὃς
1810 2545 1936 2581 omnia
1955 2542 2049 2580 dieta
2068 2545 2105 2580 &
2127 2543 2223 2582 faeta

1179 2597 1356 2635 dominae
1374 2597 1531 2635 amatori
1550 2597 1680 2640 refert,
1703 2605 1742 2632 ut
1754 2607 1845 2632 mox
1866 2594 1963 2632 dicit.
1992 2593 2077 2631 ideo
2095 2603 2222 2632 autem

1176 2648 1235 2686 illa
1254 2648 1415 2692 tollitur,
1443 2648 1529 2696 quia
1553 2659 1638 2684 cum
1659 2647 1741 2694 cogi
1762 2643 1877 2693 pofl'et
1902 2672 1912 2687 ,
1951 2646 1990 2682 &
2022 2656 2099 2681 non
2123 2644 2220 2683 taeta

1177 2699 1317 2737 receffit
1338 2727 1349 2743 ,
1384 2698 1485 2737 tristis
1505 2699 1595 2741 erit,
1630 2697 1668 2734 ὅς
1696 2698 1782 2733 irata
1800 2696 1980 2739 amatori,
2008 2694 2111 2744 quod
2139 2706 2219 2733 non

1176 2750 1288 2798 pleno
1312 2757 1406 2788 voto
1428 2749 1505 2798 ejus
1524 2747 1755 2790 satisfecerit,
1789 2745 1850 2783 sed
1870 2745 1998 2783 osculis
2017 2748 2054 2782 ὃς
2074 2745 2216 2784 blandi-

1176 2801 1234 2838 tiis
1261 2809 1462 2845 tentatam,
1491 2798 1623 2838 deinde
1651 2798 1689 2835 in
1715 2796 1841 2835 medio
1871 2796 1977 2834 cursu
2001 2796 2214 2835 destituerit.

1176 2850 1444 2889 Bunmmnus.

1228 2914 1312 2951 393.
1340 2902 1444 2950 Piscis
1464 2900 1632 2937 retinetur
1654 2898 1696 2935 ab
1707 2897 1820 2937 hamo.
1841 2897 1857 2948 ]
1899 2903 2068 2935 Teneatur
2085 2897 2217 2945 scripti.

1176 2951 1495 3058 ngozsfxgiprime
1510 2999 1722 3050 tentatam]
1738 3000 1863 3048 Scripti
1884 3000 1957 3037 fere
1968 3010 2111 3041 omnes,
2132 3003 2212 3032 Per-

1646 1886 1771 1937 poteris
1783 1886 1926 1923 ⁴ratione
1945 1884 2108 1937 relinqui.

1163 3062 1299 3102 prtme,
1326 3054 1364 3091 id
1385 3054 1432 3091 est
1447 3082 1457 3098 ‚
1494 3053 1606 3101 usque
1626 3063 1764 3100 preme.
1799 3050 1843 3097 fic
1864 3051 2095 3099 interprimere
2113 3046 2209 3093 apud

1172 3105 1385 3142 Minucium
1408 3104 1569 3141 Felicem
1582 3104 1619 3140 in
1644 3102 1807 3139 Octavio
1829 3113 1889 3138 me
1906 3099 2025 3148 legiffe
2042 3107 2215 3151 memini.

1172 3155 1305 3192 Horat.
1327 3155 1447 3203 Epod.
1464 3167 1542 3191 xvx.
1562 3153 1759 3191 inominata
1771 3152 1958 3201 perprimat
1977 3147 2111 3183 cubzlza.
2133 3146 2209 3201 V.¹d·

1172 3217 1267 3253 quae
1287 3213 1459 3242 notamus
1476 3205 1566 3241 Fast.
1588 3216 1640 3240 1v.
1659 3203 1716 3245 sss.
1738 3202 1822 3238 628.
1861 3201 2000 3236 Hms.
2032 3196 2208 3253 oppreſjam.

1172 3256 1286 3291 etiam
1319 3256 1358 3292 in
1389 3264 1607 3303 argumento
1631 3253 1694 3290 lib.
1722 3264 1832 3288 vr11.
1863 3251 1955 3286 Met.
1979 3246 2048 3283 fab.
2076 3247 2111 3282 6.
2147 3248 2210 3285 ubi

1176 3306 1392 3356 compreffam
1412 3305 1572 3353 reposuit
1590 3302 1827 3339 Munckerus.

1660 3350 1694 3398 C
1715 3361 1734 3386 c
1756 3359 1775 3386 c
1797 3360 1816 3384 c
2000 3358 2085 3395 395·
2108 3351 2217 3393 Com:
