2553 3676
441 208 585 266 AD
659 198 1115 262 LIVIAM
1186 202 1906 263 AUGUSTAM.

2163 225 2258 276 797

400 298 492 353 Ille
529 313 695 369 genus
719 295 919 349 Suevos
945 307 1094 352 acre,
1133 291 1534 367 indomitosque
1564 293 1885 367 Sygambros

485 368 780 427 Contudit,
818 363 983 434 inque
1009 362 1192 432 fugam
1216 363 1430 420 barbara
1454 381 1603 437 terga
1627 366 1807 421 dedit:

410 442 767 514 Ignotumque
791 434 888 488 tibi
915 435 1139 497 meruit,
1177 434 1454 499 Romane,
1478 439 1807 511 triumphum
1824 459 1849 500 ;.

302 532 373 567 20

481 510 711 567 Protulit
735 509 790 562 in
816 521 977 561 terras
1003 507 1397 580 imperiumque
1419 525 1600 563 novas.

401 586 618 640 Solvere
643 594 766 636 vota
786 580 935 651 Jovi,
974 580 1207 634 fatorum
1231 581 1410 652 ignara
1436 593 1651 635 tuorum
1667 622 1684 646 ‚

482 654 694 718 Mater,
734 655 787 707 δε
814 653 1092 707 armiferae
1117 653 1322 708 solvere
1346 665 1472 708 vota
1497 653 1677 716 Deae,

407 727 818 800 Gradivumque
846 739 1054 796 patrem
1079 725 1234 778 donis
1258 726 1480 797 implere
1504 725 1717 798 parabas
1734 748 1757 788 ς,

481 800 553 854 Et
581 815 952 873 quoscumque
981 798 1086 851 coli
1107 798 1297 870 jusque
1320 799 1577 870 piumque
1606 798 1783 852 Deosa

299 891 328 925 2
339 892 366 942 5
408 872 769 944 Maternaque
794 870 964 924 sacros
991 870 1219 941 agitabas
1247 883 1429 924 mente
1457 872 1757 941 triumphos
1775 887 1795 923 z.

479 944 718 999 Forsitan
742 943 797 997 &
826 960 983 996 curae
1003 943 1110 1013 jam
1133 943 1229 996 tibi
1254 961 1439 997 currus
1465 955 1593 997 erat.

409 1022 613 1072 Funera
637 1035 738 1089 pro
762 1015 914 1070 sacris
940 1015 1036 1069 tibi
1058 1015 1175 1069 sunt
1201 1015 1448 1070 ducenda
1473 1013 1755 1087 triumphis
1769 1052 1793 1078 ,γ

477 1090 550 1144 Et
576 1091 809 1144 tumulus
834 1087 1069 1142 Drusum
1092 1105 1191 1159 pro
1210 1088 1358 1158 jovis
1383 1107 1504 1143 arce
1530 1100 1727 1142 manet.

401 1163 662 1233 Fingebas
687 1161 972 1221 reducem;
1012 1175 1403 1232 praeceptaque
1429 1174 1610 1215 mente
1636 1157 1854 1214 fovebas

296 1255 362 1310 30

110 1381 294 1426 funebris,
317 1384 356 1420 δε
385 1382 698 1421 observationibus
723 1381 882 1431 Micyllo
909 1382 948 1419 δε
975 1380 1049 1418 aliis
1075 1378 1158 1418 sub-

111 1433 235 1476 lectis,
257 1433 579 1472 &au6toritatibus
597 1446 642 1471 ex
663 1433 775 1470 unico
798 1431 969 1481 Stephani
990 1432 1158 1470 Thesau-

105 1494 149 1520 ro
164 1483 330 1532 Linguae
342 1485 495 1522 Latinae
506 1497 567 1533 per
579 1485 628 1521 im
635 1483 932 1532 pudentiffimum
946 1482 1159 1520 furtumad-

109 1532 227 1570 ductis
243 1561 253 1577 ‚
273 1534 465 1572 ridendum
477 1536 510 1572 se
529 1536 699 1572 omnibus
711 1533 965 1571 eruditioribus
976 1533 1154 1582 praebuit,

110 1584 150 1620 &
173 1584 275 1632 cujus
295 1585 471 1622 inscitiam
490 1594 529 1622 ut
550 1586 732 1634 posteritas
751 1596 798 1622 ne
818 1584 973 1627 nesciat,
1001 1583 1155 1632 diligen-

108 1634 180 1671 tius
207 1636 245 1671 in
277 1636 350 1673 hoc
374 1636 550 1684 opusculo
579 1635 808 1678 cavebimus,
854 1636 892 1671 ἃ
911 1634 1153 1671 oblatrantem

111 1683 318 1733 Scahgero,
341 1685 496 1724 Heinsio
510 1714 520 1730 ‚
539 1687 663 1723 &aliis
676 1687 711 1723 in
731 1686 804 1723 hoc
821 1684 1021 1723 studiorum
1043 1696 1156 1733 gene-

108 1745 148 1770 re
170 1735 252 1772 viris
278 1737 519 1784 principibus,
557 1738 640 1784 (hic
669 1737 768 1773 enim
801 1736 928 1773 unicus
952 1734 1156 1783 scriptionis

108 1790 185 1821 tam
206 1786 354 1833 putidae
373 1786 476 1835 finis)
505 1799 634 1825 canem
650 1796 713 1832 ,ut
734 1787 882 1824 meritus
903 1785 1157 1830 est,confuta·

108 1833 241 1872 bimus.
294 1836 556 1874 BuRMANNus.

159 1897 194 1923 2.
222 1885 368 1936 Abest]
399 1888 587 1936 Scaligeri,
607 1887 776 1931 Pithoei‚
804 1886 949 1936 Micylli
984 1887 1023 1924 ὅτ
1056 1887 1157 1925 Bers-

106 1938 235 1974 manni
270 1938 472 1982 editiones,
509 1937 599 1985 adest
631 1965 640 1982 ,
667 1946 708 1976 ut
740 1938 789 1983 ὃς,
815 1947 966 1975 veteres.
993 1937 1054 1976 sed
1081 1940 1155 1987 jam

109 1984 286 2024 Pithoeus
309 1988 459 2026 restituit
474 2017 483 2032 ‚
503 1988 602 2034 abest.

163 2050 195 2084 ς.
223 2042 297 2072 Tua
325 2048 357 2085 {e
374 2039 482 2086 pietas
512 2038 709 2088 dzstendit.]
739 2037 870 2074 Malim
885 2066 895 2081 ,
917 2038 956 2086 se
975 2038 1150 2085 distendit.

108 2084 322 2125 HEiNsius.
348 2089 509 2126 imitatus
529 2090 602 2126 hoc
617 2090 747 2126 Statius
761 2115 770 2130 ,
799 2089 1151 2136 quilib.v11.Theb.

105 2148 194 2223 ἑῇς.
237 2138 365 2175 Matris
393 2138 558 2188 pietatem
586 2139 782 2189 suspensam
811 2138 902 2176 dixit
935 2139 1030 2176 inter
1059 2139 1151 2178 duos

146 2198 213 2224 los.

160 2251 192 2283 ς.
219 2238 422 2289 Duorum]
452 2239 504 2277 Ita
523 2239 623 2278 reete
643 2238 828 2277 Heinfius.
855 2251 1043 2289 perperam
1068 2240 1152 2280 Sca-

104 2285 232 2334 ligeri‚
268 2289 438 2336 Pithoei,
477 2290 636 2340 Gryphii
663 2291 703 2328 &
730 2290 819 2328 aliae
846 2291 1050 2337 editiones,
1077 2302 1153 2329 tuo·

107 2348 200 2374 rum.

157 2388 192 2424 6.
220 2388 317 2424 Dicit
338 2390 454 2439 utera]
483 2391 654 2428 Francius
667 2391 850 2435 malebat,
879 2391 1150 2441 quaeris‚uter.³

105 2437 191 2484 quia
213 2439 367 2476 verbum
386 2441 460 2477 hoc
482 2440 589 2477 dicere
610 2441 726 2478 modo
750 2443 935 2488 praecessit
950 2469 961 2485 ,
988 2444 1149 2481 &etiam

106 2486 341 2537 subsequitur.

158 2548 191 2583 7.
219 2543 265 2574 Et
285 2538 509 2590 quisquam]
539 2540 626 2578 Vid.
644 2540 690 2579 ad
712 2552 774 2578 111.
794 2540 927 2578 Amor.
939 2554 1030 2580 vrri.
1044 2554 1075 2581 ῐο

159 2598 194 2631 7.
219 2589 389 2639 Audet.]
418 2591 550 2628 Malim
572 2619 582 2635 ,
609 2589 698 2640 aufit
721 2619 731 2636 ,
760 2592 798 2628 ὃς
830 2603 944 2637 mox,
979 2593 1151 2641 lacrymas

107 2645 285 2685 temperet,
319 2654 397 2684 oro,
417 2651 508 2678 tuas.
537 2642 631 2678 forte
661 2643 770 2679 etiam
787 2669 797 2686 ‚
817 2641 924 2689 suas,
952 2655 1029 2680 non
1057 2653 1148 2681 tuas.

110 2686 319 2726 Heiusrus.
348 2691 523 2738 Respexit
550 2692 648 2729 forte
677 2693 716 2729 ὃς
742 2693 843 2730 hunc
869 2693 997 2731 locum
1018 2694 1150 2732 Statius

106 2736 169 2775 lib.
188 2749 224 2775 v.
243 2739 329 2778 Silv.
347 2752 382 2778 v.
409 2741 468 2779 60,

663 2792 738 2840 Qi
756 2792 862 2830 dicere
882 2793 984 2842 legem

159 2837 329 2882 Fletibus,
356 2850 420 2877 aut
433 2840 523 2888 fines
542 2843 646 2879 audet
666 2843 791 2892 censere
811 2843 960 2882 dolendi.

103 2885 369 2928 BunMANNus.

159 2951 195 2995 9.
224 2939 288 2975 Hei
317 2941 405 2977 mihi
431 2956 537 2991 quam
557 2942 666 2989 facile
693 2943 746 2990 est,
768 2943 783 2992 ]
811 2945 905 2983 Eam
930 2945 1149 2984 sententiam

112 3000 211 3038 prius
230 2991 405 3028 extulerat
424 2993 623 3041 Aeschylus
641 2994 866 3032 Prometheo
882 3008 890 3032 :

161 3039 364 3095 ξ’λεὶφρσν,
392 3041 464 3082 ἵςις
485 3045 660 3084 πημάτων
679 3044 747 3091 ἔξω
771 3045 865 3081 πόδκ

158 3086 259 3148 ἕχεί
273 3119 284 3135 ,
313 3092 491 3136 παραινεῖν
504 3120 516 3137 ,
541 3093 704 3130 νουθετεῖν
723 3107 765 3133 τε
787 3098 869 3139 ’τοῦς
886 3097 1009 3141 κακῶς

163 3145 408 3185 Πιειπσσντοις.

107 3190 186 3229 Dio
205 3192 428 3231 Historicus:
459 3191 527 3229 ὅθεν
548 3197 615 3229 ποῖ
635 3188 749 3235 πάνυ.
775 3199 895 3241 καλῶς
915 3198 1046 3241 ἐἰρήτκι
1059 3226 1069 3242 ,
1099 3198 1152 3234 ἔτι

101 3242 180 3286 jiov
202 3245 402 3286 παραινέσαι
429 3246 567 3289 ἑτέρους
589 3243 666 3285 ἐςῖν
688 3273 698 3288 ,
726 3240 874 3286 &aurbu
892 3249 1049 3288 παθόντ-κ
1068 3261 1155 3298 ⁸⁶⁶?-

105 3295 260 3339 στερῆσαι.
288 3294 490 3334 Terentius
506 3295 622 3335 Andr.
647 3307 705 3336 11.
725 3307 756 3334 1.
774 3308 813 3345 9,

475 1236 716 1299 Gaudia3
759 1234 814 1287 &
841 1245 963 1287 ante
993 1235 1176 1288 oculos
1197 1233 1304 1304 jam
1330 1233 1426 1287 tibi
1451 1233 1621 1290 vistor
1645 1245 1775 1287 erat.

2137 1303 2256 1374 Jam

1258 1379 1372 1418 Facile
1393 1394 1471 1419 cum
1493 1381 1653 1419 valemus
1667 1379 1759 1417 recia
1779 1377 1915 1430 consilia
1934 1377 2076 1427 aegrotis
2092 1377 2241 1417 damuss.

1211 1429 1432 1470 ScAtmER.
1602 1439 1604 1441 '

1260 1494 1295 1530 9.
1324 1484 1504 1531 Qamvis
1524 1482 1584 1520 hoc
1605 1480 1768 1530 contigit,
1802 1494 1916 1518 omnes
1943 1479 2107 1517 Alterius
2134 1478 2257 1522 luffa,

1210 1532 1299 1582 wa]
1317 1534 1370 1571 Ita
1391 1535 1549 1583 quidem·
1561 1535 1599 1571 in
1616 1532 1793 1582 plerisque
1815 1532 2033 1569 editionibus
2054 1531 2258 1580 legitur,ut

1210 1585 1289 1631 post
1311 1584 1463 1622 verbum
1487 1584 1626 1633 contigit
1645 1592 1802 1631 ponatur
1821 1581 2026 1626 distinfflo,
2055 1582 2093 1618 ἃ
2114 1591 2258 1617 nomen

1211 1647 1325 1670 omnes
1341 1635 1386 1673 ad
1407 1634 1595 1684 sequentia
1614 1635 1800 1672 referatur.
1837 1632 1909 1670 Sed
1929 1644 2014 1669 cum
2033 1631 2144 1668 lectio
2163 1630 2258 1667 haec

1209 1684 1347 1722 nullam
1380 1685 1580 1730 idoneam,
1616 1693 1679 1722 aut
1707 1692 1841 1721 certam
1872 1683 2087 1720 sententiam
2107 1679 2258 1724 reddat,

1210 1735 1415 1774 videndum
1440 1737 1549 1785 igitur
1565 1764 1575 1779 ‚
1602 1747 1692 1773 num
1714 1735 1835 1782 potius
1853 1733 2050 1782 legendum
2068 1759 2078 1775 ,
2116 1733 2259 1778 ‹Qcam-

1211 1785 1268 1821 vis
1288 1785 1345 1823 hic
1365 1787 1507 1835 contigit
1530 1799 1668 1825 omnesc
1710 1785 1766 1822 Ut
1794 1784 1836 1821 fit
1864 1783 2006 1821 sensus:
2036 1782 2157 1819 Facile
2182 1780 2253 1835 eit,

1212 1835 1252 1872 in
1280 1837 1424 1875 alterius
1451 1837 1553 1875 luelu
1570 1837 1679 1874 fortia
1697 1835 1806 1872 verba
1824 1835 1953 1883 loqui,
1990 1832 2160 1882 quamvis
2190 1831 2252 1868 lue

1209 1885 1327 1924 iustus
1354 1900 1433 1925 non
1461 1888 1628 1930 alterius,
1660 1887 1734 1924 hoc
1753 1885 1823 1929 est,
1851 1885 1980 1933 privati
2006 1883 2155 1930 alicujus
2185 1881 2250 1935 fit,

1211 1936 1270 1974 sed
1291 1949 1407 1987 aeque
1428 1938 1474 1976 ad
1495 1949 1624 1976 omnes
1646 1936 1834 1985 pertineat.
1871 1935 2048 1971 Micvrt.
2076 1935 2256 1981 Qcamvzs

1210 1986 1266 2024 hic
1291 1988 1429 2037 contigit
1451 1988 1602 2034 ornnes]
1630 1987 1719 2024 Hoc
1747 1986 1794 2024 est
1811 1986 1978 2035 quamvis
1995 1985 2055 2022 hic
2073 1983 2189 2020 luctus
2208 1982 2255 2019 ad

1209 2049 1340 2076 omnes
1365 2040 1530 2088 pertinet.
1566 2037 1775 2075 Menander
1793 2064 1804 2081 ‚
1841 2035 1938 2081 ἱγιῆς
1965 2036 2131 2070 νοσοῦντα
2161 2035 2255 2078 ρᾷςοι

1207 2090 1285 2130 πᾶς,
1311 2102 1365 2131 τις
1395 2091 1555 2126 νουθετεῖ.
1593 2089 1718 2136 Eurip.
1740 2087 1812 2132 ἑῖιον
1833 2085 2071 2131 παραινεῖν,.ἦ
2090 2083 2251 2120 πάθοντκ

1205 2141 1398 2184 καρτερεῖν.
1423 2139 1627 2178 BERSMAN.
1644 2138 1787 2176 Scribe:

1249 2189 1315 2227 Hei
1325 2189 1432 2227 mihi!
1436 2204 1541 2241 quam
1545 2189 1652 2238 facile
1661 2188 1703 2236 est
1716 2187 1897 2239 (quamvis
1909 2186 1945 2223 hi
1949 2200 1963 2222 c
1972 2184 2110 2234 contigit
2119 2182 2251 2233 omnes)

1311 2240 1471 2278 Alterius
1493 2241 1588 2278 luftu
1598 2240 1711 2288 fhrtia
1734 2239 1842 2276 verba
1862 2238 1979 2287 loqui!
2042 2287 2047 2292 ι

1209 2292 1392 2340 Quamvis
1412 2292 1473 2330 hic
1494 2291 1611 2329 iustus
1631 2302 1761 2328 omnes
1783 2289 1973 2336 contingit.
2000 2285 2184 2324 Viderunt
2204 2296 2251 2323 ex

1207 2350 1308 2390 parte
1329 2354 1455 2380 veram
1478 2342 1679 2380 leetionem
1699 2342 1737 2378 in
1757 2341 1876 2378 Variis
1898 2336 2103 2386 Rutgetfius
2122 2337 2161 2374 &
2180 2335 2252 2391 Be-

1207 2393 1331 2430 hotius
1350 2394 1388 2430 in
1417 2393 1667 2442 Apophoretis
1688 2392 1748 2428 lib.
1769 2403 1831 2428 111.
1865 2401 1920 2435 17.
1960 2389 2107 2423 Lucrum
2131 2385 2254 2436 puble-

1206 2456 1285 2480 cum
1305 2443 1466 2491 defignat
1480 2472 1489 2489 ‚
1517 2451 1557 2481 ut
1577 2442 1725 2480 inferius
1742 2442 1925 2490 loquetur.
1980 2438 2126 2474 Herus.

1260 2505 1316 2531 10.
1346 2494 1462 2530 Fortia
1481 2492 1628 2541 verba.]
1659 2491 1775 2528 Fortia
1787 2488 1921 2539 consilia
1938 2488 2054 2525 reddit
2069 2486 2253 2524 Gotallus.

1206 2543 1322 2580 male:
1359 2543 1407 2580 est
1433 2544 1482 2580 ita
1511 2543 1638 2591 loqui,
1667 2553 1709 2579 ac
1725 2541 1752 2578 fi
1769 2541 1885 2578 lucitus
1904 2540 1963 2576 ille
1984 2539 2150 2575 animum
2170 2548 2250 2573 non

1204 2593 1397 2641 frangeret.
1423 2593 1661 2631 constantiam
1683 2603 1766 2640 prae
1792 2592 1827 2628 se
1846 2590 1962 2628 verbis
1981 2590 2085 2625 ferre.
2107 2587 2182 2643 vid.
2203 2586 2250 2624 ad

1210 2655 1240 2680 1.
1266 2645 1344 2680 Art.
1369 2643 1454 2681 281.
1483 2645 1520 2681 &
1544 2642 1701 2680 Remed.
1720 2641 1803 2689 463.
1831 2641 1912 2679 infr.
1942 2639 2024 2684 446.
2054 2644 2250 2693 Fortzper-

1208 2692 1251 2729 ba
1277 2703 1327 2730 tot
1353 2707 1406 2730 ore
1425 2695 1533 2743 fimet.
1574 2694 1634 2731 ubi
1661 2693 1828 2729 Gorallus
1859 2693 1897 2729 in
1923 2687 2125 2744 paraphrasi
2158 2685 2250 2742 illud

1203 2744 1296 2789 forti
1311 2745 1420 2781 etiam
1433 2744 1566 2782 omisit.
1581 2745 1618 2781 in
1637 2744 1712 2780 aliis
1736 2743 1839 2779 rebus
1854 2742 1962 2779 etiam
1977 2740 2120 2786 former
2131 2736 2248 2786 loqui,

1194 2794 1306 2841 fortia
1317 2794 1423 2830 verba
1437 2822 1444 2836 ,
1458 2795 1537 2832 sunt
1547 2792 1917 2843 pienaconfidentiae.
1937 2792 2099 2837 Proper-t.
2110 2801 2136 2827 1.
2148 2799 2182 2825 v.
2196 2799 2249 2833 14,

1253 2847 1376 2892 Qum
1398 2845 1462 2881 tibi
1472 2844 1630 2894 fingultu
1639 2844 1752 2891 fortia
1772 2842 1879 2880 verba
1899 2840 2032 2879 cadent.

1206 2894 1318 2931 Ovid.
1342 2907 1394 2931 iv.
1414 2897 1508 2933 Met.
1529 2896 1611 2944 652.

1255 2945 1407 2982 placidis
1428 2946 1622 2995 miscentem
1633 2945 1745 2993 fortIa
1767 2943 1880 2981 distis.

1204 2995 1291 3032 Vid.
1310 2996 1355 3033 ad
1378 2997 1530 3044 Quinet.
1556 2996 1662 3034 Decl.
1678 3008 1768 3033 xni.
1788 2996 1824 3032 6.
1876 2994 2142 3031 Rumpimus.

1267 3058 1322 3095 13.
1352 3047 1555 3084 Venerabile.
1578 3047 1594 3096 ]
1625 3045 1850 3083 Memorabile
1873 3043 2014 3081 Medic·

1262 3109 1320 3143 24.
1351 3103 1393 3134 Et
1412 3098 1636 3148 quoscumque
1661 3097 1723 3133 coli
1737 3095 1818 3144 effi]
1849 3092 2078 3131 Tollendum
2105 3088 2171 3137 est»
2200 3099 2260 3126 ex*

1209 3147 1281 3185 fide
1299 3148 1491 3195 priscarum
1510 3149 1730 3186 editionum.
1785 3146 1995 3181 Hismstus.

1259 3209 1318 3238 27.
1347 3204 1482 3235 Funera
1494 3209 1555 3248 pro
1568 3198 1679 3247 sacris
1699 3195 1794 3243 effa]
1833 3196 1878 3231 Et
1901 3195 1989 3230 hinc
2008 3191 2170 3246 forte&
2200 3201 2247 3227 ex

1207 3246 1364 3284 versibus
1392 3260 1469 3298 ης.
1488 3251 1525 3288 &
1549 3260 1629 3298 139.
1657 3246 1822 3284 colorem
1844 3244 1946 3283 duxit
1967 3242 2249 3291 Statiusltb.xu0

1204 3296 1328 3344 Theb.
1354 3308 1438 3347 322.

1605 3345 1785 3386 Hh-hhh
1813 3351 1846 3397 3}
2149 3347 2257 3389 ziam
