2553 3676
670 189 1328 252 HEROIDES.

1403 211 1434 247 Ε
1472 214 1515 249 1».
1590 206 1659 253 11.

389 290 598 354 Thesea
621 287 844 350 devovi,
879 286 1002 358 quia
1024 297 1077 339 te
1102 283 1376 338 dimittere
1398 285 1596 348 nollet;

457 366 572 420 Nec
607 361 780 415 tenuit
815 358 992 413 cursus
1016 355 1231 411 forsitan
1254 356 1341 409 ille
1364 364 1498 411 tuos

280 458 341 509 15
379 435 655 495 Interdum
680 432 861 494 timui,
901 447 995 494 ne,
1034 429 1166 482 dum
1189 429 1322 482 vada
1347 429 1522 483 tendis
1545 430 1613 484 ad
1636 429 1841 495 Hebri,

455 507 634 563 Mersa
656 504 798 559 soret
823 506 952 557 cana
975 501 1224 572 naufraga
1245 501 1435 573 puppis
1458 505 1606 575 aqua.

384 581 550 653 Saepe
576 578 708 633 deos
732 576 978 649 supplex,
1015 591 1116 646 pro
1140 586 1220 636 te,
1257 574 1534 637 scelerate,
1569 576 1781 645 rogavi,

436 652 602 706 *Cum
625 667 787 722 prece
812 647 1112 702 turicremis
1137 645 1458 700 deveneram
1481 647 1631 700 focis.

365 724 550 797 ‚Saepe
573 723 760 779 videns
782 734 973 775 ventos
999 719 1155 773 coelo
1177 719 1476 790 pelagoque
1500 719 1736 773 faventes
1750 757 1766 781 ‚

273 819 342 854 20

446 796 556 878 Ipsa
581 795 711 851 mihi
736 794 877 855 dixi3
919 792 973 846 Si
996 793 1135 846 valet
1159 790 1272 854 ille,
1309 792 1471 845 venit.

379 871 632 942 Demque
654 866 791 921 fidus
813 883 988 927 amor,
1027 864 1294 937 quidquid
1316 864 1722 935 properantibus
1747 861 1915 917 obstat
1930 901 1944 925 ‚

450 941 661 1001 Finxit3
705 939 760 992 &
786 938 853 992 ad
877 935 1068 992 cauffas
1092 936 1363 1007 ingeniosa
1386 936 1478 989 fui.

379 1015 457 1070 At
481 1027 541 1074 tu
564 1014 736 1067 lentus
761 1011 908 1073 abes,
945 1027 1045 1063 nec
1071 1021 1125 1062 te
1147 1008 1314 1079 jurata
1339 1008 1607 1062 reducunt

449 1086 711 1146 Numina3
753 1102 853 1138 nec
878 1081 1059 1137 nostro
1082 1096 1261 1136 motus
1284 1099 1465 1136 amore
1490 1081 1647 1134 redis.

268 1178 335 1229 25
374 1159 771 1231 Demophoon,
806 1157 978 1211 ventis
1004 1154 1059 1209 &
1082 1154 1241 1208 verba
1269 1153 1324 1207 &
1349 1154 1462 1207 vela
1485 1152 1703 1207 dedisti:

449 1231 585 1287 Vela
610 1248 808 1304 queror
831 1229 1039 1291 redim,
1072 1226 1233 1281 verba
1258 1245 1437 1280 carere
1460 1226 1583 1279 fide.

373 1306 481 1361 Dic
505 1303 636 1358 mihi
659 1302 792 1376 quid
816 1300 948 1364 feci,
985 1299 1082 1354 nisi
1104 1317 1216 1354 non
1237 1299 1497 1371 sapienter
1521 1297 1723 1351 amavi?

452 1375 695 1431 Crimine
722 1388 776 1428 te
798 1375 952 1446 potui
977 1370 1293 1426 demeruisse
1318 1389 1457 1424 meo,

373 1448 559 1504 Unum
581 1449 636 1501 in
660 1466 747 1501 me
771 1447 936 1501 scelus
960 1444 1062 1509 est,
1097 1444 1247 1518 quod
1271 1457 1352 1507 te,
1390 1443 1669 1504 scelerate,
1704 1443 1899 1514 recepi.

271 1540 336 1587 30

141 1716 214 1760 Spes
225 1722 353 1761 quoque
363 1708 456 1745 lenta
464 1709 577 1753 venit,
587 1708 686 1745 tarde
698 1706 797 1757 (quia
814 1705 943 1743 credita
963 1705 1125 1754 caedant)

194 1761 386 1796 Credimus.
492 1761 699 1796 HfflNsxus.

141 1818 195 1845 12.
225 1808 350 1857 Alba]
381 1807 521 1852 Recte,
549 1809 633 1857 quia
653 1806 742 1844 boni
762 1805 898 1842 ominis
909 1802 1128 1847 fuissentmt:

84 1866 222 1897 notum
242 1871 286 1896 ex
308 1858 453 1896 historia
479 1859 597 1907 Aegei
619 1859 656 1893 δε
671 1856 819 1893 Thesei.
837 1855 1096 1892 BuRMANNus.

139 1921 193 1948 12.
217 1908 356 1958 -Notos.]
388 1908 445 1945 Sic
463 1907 523 1946 lib.
539 1921 583 1945 11.
608 1907 710 1956 Eleg.
733 1908 766 1942 6.

162 1966 247 1996 Vota
259 1957 431 2009 procellofh
442 1967 502 2007 per
519 1971 615 1996 mare
633 1966 732 2006 rapta
752 1962 854 1992 Noto.
908 1955 1077 1993 Cxosm.

139 2021 195 2058 13.
223 2008 440 2058 Dimittere.]
479 2010 532 2047 Ita
564 2020 693 2046 omnes
716 2007 791 2044 fere
813 2006 1018 2050 editiones,
1061 2006 1123 2044 sed

83 2072 205 2099 errore
219 2072 411 2109 operarum
425 2059 638 2109 :legendum
649 2058 837 2094 demittere.
849 2057 1099 2094 HfimsMale
1112 2070 1119 2093 :

86 2112 221 2149 Cicero
237 2111 383 2159 saepius.
403 2123 473 2146 xxx.
505 2110 550 2147 ad
579 2115 639 2147 At.
674 2109 729 2146 18.
754 2107 977 2157 discedentem
996 2117 1028 2143 te
1055 2120 1123 2143 non

77 2160 154 2211 fine
169 2175 291 2210 magno
308 2161 417 2197 dolore
434 2161 626 2197 dimittam.
648 2159 721 2197 vid.
733 2159 801 2207 Ep.
814 2171 848 2196 v.
863 2171 919 2207 51.
932 2159 1019 2195 Am.
1031 2171 1056 2195 1.
1068 2170 1120 2195 vr.

0 2221 19 2231 *
89 2224 145 2262 35.
168 2214 205 2248 δε
226 2213 318 2249 alibi.
347 2212 606 2249 BunMANNtis.

140 2273 194 2308 17.
207 2268 303 2312 Saepe
320 2268 406 2298 Deos
415 2262 570 2312 fitpplex‚
581 2271 621 2298 ut
639 2270 678 2297 tu
688 2258 850 2309 scelerate
867 2257 1013 2302 valeres,
1027 2255 1118 2307 eya]
1138 2310 1142 2311 ⁷

83 2312 200 2350 Recte
217 2313 347 2362 legitur
366 2318 473 2349 Deos:
512 2312 560 2350 fic
579 2313 679 2349 enim
699 2310 879 2360 sequentis
900 2309 1120 2358 pentametri

83 2363 303 2401 construftio
323 2362 488 2412 postulat.
506 2372 547 2401 ut
565 2362 607 2400 sit
627 2361 742 2400 ordo:
784 2361 898 2408 Saepe
923 2362 1021 2397 Deos
1038 2359 1120 2407 sup-

81 2413 163 2462 plex
183 2413 260 2451 sum
281 2413 498 2451 devenerat-a
518 2425 625 2462 prece
640 2413 752 2456 ,focis
769 2411 998 2449 thuricremis
1015 2423 1023 2447 :
1044 2411 1119 2447 hoc

83 2464 155 2507 est,
182 2464 279 2512 apud
298 2476 371 2501 aras
393 2464 453 2501 ubi
463 2465 568 2501 thura
591 2472 806 2501 cremantur.
837 2461 907 2498 Sed
921 2472 1117 2499 commen-

81 2521 214 2551 tatores
243 2523 512 2563 pentametrum
540 2516 614 2551 1106
636 2525 721 2551 611111
738 2513 912 2562 sequente
940 2512 1118 2549 hexame-

81 2571 139 2602 tro
155 2565 346 2608 omittunt,
356 2576 449 2614 quae
463 2577 516 2602 res
529 2564 779 2601 difficultatem
791 2575 832 2599 ac
845 2562 1115 2606 dubitationem

81 2615 174 2652 hanc
185 2615 249 2652 illis
261 2616 360 2663 parit.
372 2616 545 2651 Micrrt.
568 2615 710 2652 Dubito
724 2614 1014 2650 vehementeran
1025 2613 1128 2650 haec-

85 2663 162 2702 satis
180 2666 310 2702 Latina
333 2665 424 2708 sint,
452 2675 493 2703 ut
520 2666 634 2713 vulgo
655 2666 824 2713 leguntur
848 2692 857 2707 ‚
887 2664 925 2699 8<
955 2675 1000 2700 an
1021 2671 1118 2711 prece

85 2715 239 2767 penerari
252 2716 339 2762 fecis
352 2744 362 2759 ,
380 2715 476 2752 reete
496 2715 643 2754 dicatur.
673 2714 830 2752 Codices
850 2725 940 2751 vero
963 2715 1113 2751 variant.

86 2773 127 2800 m
143 2765 249 2818 priori
266 2765 368 2803 versu
389 2765 562 2814 quidam:
586 2776 625 2803 at
652 2775 692 2801 tit
704 2764 865 2814 scelerate
887 2764 1011 2800 redires
1024 2792 1033 2806 ,
1054 2765 1113 2802 vel

87 2824 227 2850 ventres.
253 2824 306 2864 pro
325 2826 356 2851 te
365 2815 526 2864 scelerate
543 2816 684 2864 rogavi,
710 2827 802 2853 unus
814 2815 949 2862 Regius
972 2816 1010 2852 ὅ(
1024 2815 1113 2851 Lei-

86 2860 202 2898 densis
212 2891 230 2918 ³.
257 2866 356 2914 quod
380 2867 533 2903 minime
554 2866 795 2915 rejiciendum
814 2874 905 2913 puto
920 2893 929 2908 ,
957 2865 1042 2914 quia
1073 2866 1112 2902 86

85 2911 336 2966 rotundiorem
366 2917 507 2953 versum
531 2917 616 2953 facit
639 2944 649 2960 ‚
686 2916 724 2953 ὃ(
753 2916 892 2953 sensum
924 2916 1110 2963 optimum

85 2961 232 3017 exhibet
246 2976 255 3018 ³.
268 2977 376 3018 rogare
388 2978 475 3004 vero
492 2977 551 3016 pro
567 2966 682 3015 aliquo
696 2975 822 3003 contra
835 2966 1034 3014 Seoppium
1048 2965 1112 3002 ali-

82 3011 118 3048 b1
137 3011 419 3069 *vindicayimus
441 3028 448 3051 ι
493 3030 569 3052 cum
602 3026 696 3065 prece
731 3017 933 3064 recepimus
963 3027 1007 3052 ex
1044 3015 1112 3053 Pa-

81 3061 196 3098 latmo
223 3064 259 3098 N
278 3062 305 3097 Y
318 3071 467 3100 atie-ano.
495 3071 585 3112 Qum
598 3077 691 3115 prece
706 3066 898 3102 turicremis
911 3068 991 3114 sum
1011 3079 1114 3102 vene-

83 3122 164 3167 rata
191 3116 278 3158 jocis
303 3128 312 3146 :
356 3121 394 3148 ut
430 3114 601 3162 intelligat
643 3117 937 3165 comprecationem
965 3118 1110 3164 proprie

81 3161 238 3205 dietam,
276 3173 369 3210 quac
403 3173 522 3216 preces
543 3164 691 3202 addebat
718 3167 913 3210 sacrificioe
942 3179 1016 3203 non
1046 3167 1113 3204 du-

83 3211 172 3249 dum
195 3221 278 3249 ante
296 3212 448 3248 inducto
472 3223 662 3260 apparatu,
689 3215 745 3252 sed
767 3216 905 3260 subito,
935 3218 972 3258 ὃς
991 3225 1030 3254 ut
1054 3228 1109 3254 res

82 3260 229 3302 ferebat.
254 3262 340 3301 ride
359 3274 453 3312 quae
472 3263 517 3301 ad
533 3263 678 3301 Petron.
690 3275 794 3305 0111.
813 3268 1024 3306 notavimus
1040 3281 1048 3305 ;
1070 3269 1110 3306 &

447 1520 555 1576 Sed
576 1521 741 1576 scelus
769 1519 874 1576 1106
900 1518 1079 1575 meriti
1102 1516 1313 1591 pondus
1337 1514 1570 1571 &instar
1594 1513 1768 1569 habet.

2070 1586 2195 1656 Jura
2206 1625 2225 1650 ,

1179 1706 1267 1744 hinc
1282 1704 1470 1756 supplicare
1495 1714 1571 1741 ture
1594 1696 1641 1744 σφ’
1666 1701 1763 1740 vino.
1790 1700 1904 1750 Apud
1924 1700 2022 1739 Suet.
2043 1699 2140 1749 Aug.
2162 1710 2221 1748 35.

1181 1758 1220 1793 &
1240 1758 1330 1793 Plin.
1352 1767 1441 1792 x111.
1462 1767 1489 1791 1.
1518 1754 1663 1791 Noster.
1685 1766 1738 1790 vr.
1753 1754 1847 1789 Met.
1861 1752 1942 1788 161.

1285 1811 1378 1841 Cum
1389 1815 1484 1854 prece
1502 1813 1584 1841 tura
1605 1801 1674 1839 tuli
1685 1830 1696 1847 ‚

1183 1867 1253 1892 vn.
1279 1855 1364 1904 588,
1572 1852 1664 1902 {lt-cis
1681 1864 1749 1888 non
1771 1849 1945 1888 altaribus
1963 1849 2058 1894 illis,

1233 1906 1340 1943 Irrita
1358 1916 1440 1941 tura
1461 1903 1572 1941 tulit?
1599 1903 1729 1954 quoties
1747 1910 1808 1952 pro
1830 1903 1963 1951 conjuge
1983 1911 2117 1951 corpus.

1229 1962 1295 1993 Pro
1311 1966 1416 2005 gnato
1429 1955 1563 2004 genitor
1575 1983 1585 1999 ‚
1613 1964 1690 1991 tum
1710 1952 1818 1989 verba
1830 1953 2011 2002 precantia
2028 1952 2135 1999 dicit,

1232 2013 1312 2043 Non
1329 2006 1478 2044 exoratis
1493 2005 1654 2043 animam
1665 2003 1794 2052 finivit
1810 2004 1850 2042 in
1864 2003 1962 2042 aris?

1179 2070 1233 2095 rx.
1252 2058 1346 2095 Met.
1374 2069 1452 2105 159.

1230 2113 1323 2144 Tura
1342 2107 1477 2143 dabant
1485 2106 1611 2156 primis
1629 2116 1672 2146 (9³
1689 2104 1797 2142 verba
1811 2104 1991 2155 precantia
2008 2102 2179 2154 flammis.

1177 2158 1382 2195 Turieremis
1404 2169 1494 2195 vero
1513 2158 1832 2201 retinuimus‚non
1852 2155 2018 2203 turiferis,
2030 2165 2069 2193 ut
2088 2155 2217 2193 eratin

1175 2209 1241 2246 illis
1271 2207 1457 2247 codicibus
1480 2220 1489 2244 z
1529 2208 1706 2255 Turtserae
1723 2208 1803 2245 sunt
1826 2208 1993 2256 regiones
2008 2234 2018 2250 ,
2037 2206 2135 2244 unde
2163 2215 2219 2242 tus

1174 2260 1299 2302 venit,
1328 2259 1388 2296 sed
1406 2258 1609 2295 turicremas
1626 2270 1706 2295 arae
1720 2286 1730 2303 ‚
1751 2270 1813 2294 111.
1828 2258 1905 2294 Art.
1917 2257 2005 2293 Am.
2019 2268 2103 2305 393.

1228 2308 1327 2359 Visite
1345 2309 1549 2347 turicremas
1568 2322 1694 2346 vaccae
1718 2307 1964 2359 Memphitidos
1982 2320 2063 2344 aras
2075 2334 2088 2352 ,

1175 2361 1310 2398 Avien.
1331 2360 1439 2398 deser.
1459 2360 1531 2397 arb.
1553 2361 1637 2409 603.

1227 2418 1321 2448 Inter
1337 2412 1540 2448 turicremas
1554 2409 1610 2447 hic
1628 2408 1804 2446 Phoebum
1821 2408 1979 2446 vidimus
1997 2421 2089 2445 aras.

1174 2462 1377 2511 Virgil.1v.
1405 2460 1563 2500 Aene‘i'd.
1594 2472 1679 2509 453.
1710 2462 1748 2497 &
1769 2460 1828 2497 alii
1856 2459 1991 2507 paffim.
2028 2456 2110 2493 Deis
2126 2456 2210 2507 sup-

1165 2512 1247 2562 plex
1269 2513 1416 2550 volebat
1438 2512 1666 2549 Hubertinus
1682 2539 1691 2552 ‚
1717 2510 1777 2547 sed
1796 2510 1884 2547 nihi]
1905 2520 2008 2556 opus.
2035 2507 2164 2545 BuRM.

1229 2576 1284 2612 19.
1313 2562 1511 2610 Faventem]
1541 2568 1693 2597 ferentes
1724 2559 1886 2596 Malebat
1915 2559 2096 2595 Francius.
2140 2569 2212 2595 nec

1171 2625 1270 2662 nego
1290 2614 1393 2662 saepe
1410 2613 1459 2650 ita
1480 2611 1665 2650 Ovidium
1697 2611 1735 2647 &
1765 2609 1853 2646 alios
1873 2609 1977 2658 loqui
2005 2637 2012 2647 .
2048 2607 2110 2645 sed
2131 2619 2211 2645 non

1171 2664 1256 2701 ideo
1279 2664 1414 2713 ubique
1436 2665 1473 2700 in
1493 2674 1606 2700 unam
1627 2660 1824 2698 formulam
1847 2657 2015 2708 cogendi.

1223 2726 1281 2751 20.
1309 2714 1343 2750 si
1362 2713 1459 2750 valet
1473 2741 1482 2757 ‚
1496 2712 1559 2763 ipse
1577 2710 1705 2759 venir]
1731 2710 1843 2747 Liber
1864 2718 1969 2746 vetus
1988 2707 2057 2745 ille.
2077 2707 2208 2757 probo.

1170 2765 1384 2801 C1orANus.
1403 2776 1470 2802 nos
1490 2775 1575 2801 cum
1598 2759 1820 2799 Lovanienfi
1833 2759 1962 2798 codice
1981 2758 2210 2797 distinximus

1168 2814 1195 2852 fi
1213 2815 1311 2852 valet
1329 2815 1387 2850 ille
1402 2843 1411 2857 ‚
1438 2814 1546 2850 venit.
1574 2812 1835 2849 Bummaus.

1220 2878 1280 2901 21.
1302 2863 1450 2913 aretas]
1471 2869 1600 2913 Captus
1618 2871 1688 2899 tres
1707 2862 1787 2899 libri
1799 2860 1880 2905 ‚sed
1891 2860 1981 2898 nihil
1994 2868 2112 2897 muto.
2130 2868 2207 2909 cap-

1166 2925 1222 2951 tas
1241 2928 1355 2950 amore
1372 2915 1441 2952 suit
1467 2913 1725 2961 Demophoon
1739 2940 1750 2956 ,
1771 2923 1856 2949 cum
1879 2912 2040 2959 primum
2067 2910 2208 2947 viderat

1166 2965 1331 3014 Phyllida
1351 2992 1361 3008 ,
1398 2976 1497 3002 nunc
1525 2972 1566 3002 ut
1597 2963 1730 3001 rediret
1758 2962 1889 2998 moveri
1923 2961 2086 3001 debebat.
2113 2971 2205 2997 unus

1167 3017 1277 3052 etiam
1332 3014 1477 3053 Heinfii
1528 3014 1627 3051 venis
1648 3029 1659 3057 ;
1710 3012 1866 3050 solemni
1920 3012 2203 3061 permutatione.

1167 3066 1421 3104 Bonnam-us

1219 3128 1276 3161 27.
1306 3114 1384 3165 Nisi
1399 3113 1497 3164 non]
1526 3114 1676 3152 Rectius
1699 3113 1997 3152 velinvitislibris
2008 3111 2178 3149 scribatur
2193 3136 2207 3155 ,

1221 3167 1290 3203 Dic
1308 3166 1397 3222 mihi
1418 3165 1503 3217 qaid
1511 3165 1604 3213 feci?
1625 3164 1659 3215 Ji
1677 3178 1745 3202 non
1753 3165 1924 3215 sapienter
1941 3162 2065 3200 amavi
2077 3189 2088 3205 ,

1269 3217 1427 3254 Crimine
1444 3218 1515 3254 ἃς.

1171 3274 1248 3306 Non
1258 3268 1429 3318 sapienter
1444 3279 1584 3313 amare,
1604 3273 1645 3304 ut
1661 3266 1757 3315 apud
1770 3265 1914 3313 Calpur.
1926 3264 2019 3301 Flac.
2036 3259 2143 3316 Deci.
2161 3273 2206 3315 11.

2040 3324 2203 3357 miraris,
