2553 3676
778 206 1324 268 P.·OVIDII

1399 203 1924 262 NASONIS

575 303 727 379 Quid
752 320 951 378 queror
975 299 1221 355 officium
1242 299 1374 353 lenti
1398 296 1604 352 cessasse
1628 299 1828 380 mariti!

649 376 1009 450 Obsequium,
1049 387 1242 425 maneo
1269 371 1445 434 sstua,
1485 369 1685 441 grande
1711 371 1824 443 tuh.

575 450 803 505 Barbara
829 458 1068 501 narratur
1090 442 1287 499 Venisse
1310 442 1548 498 venefica
1576 455 1790 504 tecum,

649 521 707 574 In
731 520 862 575 mihi
886 515 1127 591 promissi

469 541 538 576 20
1189 535 1216 569 a

577 592 814 647 Credula
839 609 921 646 res
944 608 1094 645 amor
1119 536 1206 642 eii.

1219 529 1300 570 rte
1325 529 1543 587 recepta
1566 512 1687 566 tori.

1244 588 1448 641 utinam
1473 584 1754 639 temeraria
1778 583 1925 640 dicar

649 664 979 720 Criminibus
1002 660 1133 717 falsis
1157 658 1466 714 insimulasse
1489 657 1689 711 virum!

579 738 768 809 Nuper
791 737 854 790 ab
879 733 1198 789 Haemoniis
1221 731 1408 803 hospes
1433 729 1569 810 mihi
1586 726 1862 794 Thessalus
1888 730 1991 784 oris

647 810 702 866 V
707 820 918 879 enerat;
961 807 1017 860 δε
1041 803 1240 860 πειᾶωῃ
1262 804 1355 859 vix
1377 803 1515 857 bene
1539 803 1703 856 limen
1728 813 1866 856 erat:

338 1006 369 1037 Ο
388 1011 460 1048 ego,
481 998 515 1049 fi
530 998 630 1036 liceat
649 1008 786 1037 mutato
807 998 944 1037 nomine
959 996 1083 1049 jungi,

338 1053 462 1099 Qam
477 1051 557 1087 bene
569 1079 578 1095 ‚
590 1056 711 1087 Caum
722 1079 732 1096 ‚
743 1061 800 1087 tuo
814 1060 970 1100 poteram
988 1064 1097 1087 nurus
1114 1048 1170 1099 effe
1183 1046 1333 1099 parenti.

287 1101 435 1139 Heius.
472 1101 618 1139 Reduxi
640 1111 806 1139 veterem
827 1102 1043 1150 scriptorum
1058 1102 1095 1138 &
1115 1100 1333 1138 excusorum

287 1152 490 1189 lestionem
512 1181 521 1196 ‚
560 1153 624 1201 qui
652 1165 728 1189 non
760 1153 900 1189 variant
922 1179 933 1196 ,
966 1152 1033 1189 nili
1060 1151 1163 1202 quod
1180 1151 1331 1200 quidam

287 1203 445 1240 habeant
472 1202 533 1238 hoc
554 1230 563 1246 ,
601 1202 704 1251 quod
734 1202 871 1240 eodem
907 1201 1012 1239 redit.
1055 1203 1224 1252 quamvis
1250 1201 1333 1238 haec

286 1261 436 1301 propter
456 1252 538 1300 ista,
567 1252 670 1301 quod
687 1252 870 1300 sequitur,
897 1253 1144 1303 praetulerim.
1162 1253 1334 1301 ingenio-

287 1302 323 1340 sa
356 1303 508 1352 quidem
541 1302 684 1340 Heinfii
712 1302 948 1351 conjecstura,
975 1303 1036 1340 sed
1062 1303 1332 1341 nobistantum

287 1364 368 1390 non
392 1354 636 1402 permittimus
653 1381 663 1397 ,
688 1354 732 1391 ut
758 1354 797 1391 in
826 1361 970 1391 textum
997 1355 1214 1402 recipiamus
1241 1366 1332 1391 con-

284 1404 444 1452 jecturas
463 1433 473 1449 ,
502 1417 596 1454 quae
624 1405 742 1442 nihilo
772 1405 968 1442 meliorem
999 1404 1140 1450 sensum
1167 1405 1331 1449 faciunt,

289 1466 361 1491 nec
387 1454 459 1492 fide
489 1455 661 1493 codicum
691 1457 868 1492 nituntur.
899 1455 1077 1492 Ceterum
1096 1455 1241 1504 egregie
1260 1457 1333 1493 huc.

288 1505 378 1542 facit
405 1505 507 1543 locus
534 1507 723 1544 Ciceronis
756 1518 819 1543 ixx.
845 1505 890 1543 ad
918 1505 1020 1542 Fam.
1054 1517 1088 1554 3.
1116 1511 1169 1541 De
1189 1518 1258 1554 qua
1277 1504 1337 1556 etsi

282 1555 499 1604 permultam
519 1567 623 1593 antea
644 1556 763 1593 certior
781 1569 876 1593 eram
891 1557 1011 1602 salius
1032 1555 1141 1592 literis
1154 1584 1163 1600 ,
1184 1557 1333 1600 nuntiis,

281 1607 389 1651 fama
416 1608 560 1657 denique
587 1607 657 1656 ipsa
680 1634 690 1651 ,
727 1617 847 1643 tamen
875 1607 993 1642 eadem
1019 1605 1162 1642 laetiora
1174 1607 1334 1652 fecerunt

290 1655 380 1691 mihi
406 1666 485 1692 tuae
510 1657 641 1694 literae.
669 1670 737 1692 non
756 1655 872 1704 selum
900 1656 983 1705 quia
996 1656 1131 1705 plenius
1149 1655 1335 1705 loqueban-

290 1717 350 1741 tur
363 1734 371 1749 ,
397 1717 441 1744 ω’
461 1706 618 1751 uberius,
647 1719 754 1757 quam
774 1706 872 1754 vulgi
885 1706 998 1755 sermo
1010 1721 1020 1749 ;
1041 1706 1104 1754 sed
1124 1706 1230 1742 etiam
1250 1707 1335 1757 quia

289 1755 438 1801 videbar
469 1758 579 1805 magis
605 1757 669 1794 tibi
690 1757 867 1804 gratulari
889 1784 899 1800 ,
937 1770 1015 1793 cum
1045 1757 1085 1792 de
1112 1767 1143 1793 te
1165 1770 1206 1793 ex
1222 1767 1255 1792 te
1271 1756 1336 1805 ipſs)

292 1805 489 1843 audiebam.
536 1808 646 1844 Forte
685 1808 796 1843 etiam
833 1807 946 1855 magis
973 1807 1089 1844 sensus
1118 1808 1225 1856 hujus
1261 1807 1337 1845 loci

293 1856 493 1904 erigeretur
507 1885 516 1900 ,
546 1856 569 1893 fi
591 1856 793 1904 legeretur:

343 1913 437 1943 Haec
455 1905 683 1956 egofipossem
700 1907 822 1943 timide
845 1907 1056 1944 credentibus
1069 1936 1079 1952 ,
1108 1909 1196 1957 Ipse,

399 1960 465 2006 Ipse
484 1957 573 1994 mihi
585 1955 717 2007 scripfit
731 1986 740 2001 ‚
769 1957 876 1994 dicere
890 1986 899 2002 ,
925 1969 1059 2008 quanta
1070 1961 1181 2006 forem
1193 1963 1208 1995 J

293 2008 339 2046 In
370 2008 435 2046 illis
466 2009 743 2057 repetitionibus
772 2011 824 2046 vis
844 2010 881 2046 ὅ(
901 2009 1066 2046 venustas
1086 2010 1144 2046 est.
1173 2011 1221 2047 ita
1244 2022 1337 2047 mox

291 2059 370 2096 duo
410 2059 555 2096 codices
591 2067 761 2107 repetunt
784 2087 794 2103 ‚
832 2059 978 2106 officium
1007 2073 1128 2096 maneo
1151 2087 1161 2105 ,
1189 2059 1226 2110 fi
1247 2070 1333 2102 ταας

289 2109 423 2158 grande
442 2109 518 2146 tuli.
547 2110 804 2147 Buammaus.

347 2172 406 2196 zo.
444 2167 593 2210 Recepta.
615 2161 629 2210 ]
667 2161 818 2199 Plurimi
858 2160 965 2197 MSS.
1004 2162 1043 2198 δῖ
1075 2159 1164 2198 editi
1181 2162 1335 2207 futuras

293 2212 406 2249 etiam
430 2210 535 2248 bene.
561 2214 636 2248 Art.
660 2211 748 2248 Am.
771 2224 801 2248 1.
825 2211 907 2259 566.

347 2266 469 2311 Atque
484 2262 548 2297 erit
567 2262 604 2298 in
617 2262 700 2310 fhcii
708 2262 865 2307 foemina
880 2271 980 2310 parte
997 2260 1073 2297 tori.

293 2311 368 2349 Sed
392 2312 488 2349 retfte
510 2312 544 2349 se
561 2313 669 2349 habet
687 2322 825 2361 recepta.
847 2326 880 2349 v.
902 2313 976 2360 sup.
1000 2311 1046 2348 ad
1069 2311 1176 2360 Epist.
1199 2323 1256 2350 11.
1280 2324 1338 2361 ςς.

295 2374 389 2401 mox
411 2375 445 2399 v.
465 2375 525 2410 95.
545 2372 585 2400 ut
605 2363 756 2412 quidam
778 2363 922 2400 codices
941 2362 1098 2401 habent:

349 2412 584 2464 Thalamoque
604 2423 750 2463 receptus
770 2413 808 2449 in
830 2427 910 2450 uno.

296 2463 457 2501 Remed.
478 2464 611 2502 Amor.
631 2465 714 2513 456.

349 2513 544 2551 Callirrhoe
557 2515 644 2562 fecit
658 2525 759 2565 parte
777 2524 906 2565 recepta
924 2515 1002 2553 tori.
1080 2516 1290 2555 Heinsius.

295 2564 431 2602 Codex
455 2566 608 2603 Douzae
628 2576 754 2602 vocata
768 2595 778 2610 ,
805 2566 903 2603 unde
923 2567 981 2604 ille
1001 2566 1111 2602 locata
1131 2568 1298 2605 faciebat.

351 2627 409 2662 24.
436 2621 483 2652 Et
510 2616 684 2666 tastum]
715 2618 818 2666 Lege
837 2645 847 2661 ‚
886 2627 925 2653 ut
954 2620 1099 2654 tartum.
1129 2619 1341 2654 Heinsius.

298 2664 469 2703 Francius
489 2667 638 2705 volebat
659 2668 780 2712 venit,
809 2679 851 2706 (φ’
871 2678 911 2704 ut
933 2669 1067 2704 tacitam
1089 2683 1127 2704 v.
1145 2667 1176 2704 b.
1195 2668 1218 2705 l.
1238 2683 1264 2705 e.

350 2716 408 2752 26.
438 2715 625 2767 Oppostta.]
658 2718 752 2755 Tres
780 2719 859 2756 libri
885 2716 1050 2768 appofita‚
1080 2718 1190 2764 idque
1210 2718 1342 2756 reffius

298 2764 457 2804 fort-affe.
479 2767 554 2804 vid.
582 2769 627 2805 ad
650 2769 758 2817 Epist.
784 2782 856 2806 Vit.
884 2781 964 2806 100.
989 2770 1197 2806 Hemsxus.
1227 2770 1344 2806 Mini-

298 2827 372 2854 me.
411 2816 539 2854 millies
567 2820 666 2855 enim
697 2821 834 2857 Po'e'tae
862 2820 1010 2867 adversa
1037 2821 1077 2856 &
1107 2818 1246 2868 oppofita
1276 2831 1345 2856 vo-

299 2875 384 2904 cant
408 2895 418 2912 ,
455 2879 550 2916 quae
578 2877 662 2905 ante
699 2871 828 2908 oculos
864 2871 945 2909 sunt
978 2869 1105 2918 posita.
1141 2870 1202 2909 lib.
1234 2882 1344 2909 XIII.

300 2918 457 2955 Metam.
482 2931 562 2965 541.

351 2968 515 3017 Adversa
527 2967 607 3016 figit
628 2969 725 3005 modo
747 2969 882 3007 lumina
902 2982 1006 3008 terra.

291 3018 474 3067 ¹Heinsius
503 3031 591 3055 vero
631 3019 835 3056 admodum
874 3033 1008 3067 pronus
1042 3022 1110 3059 fuit
1141 3023 1178 3058 in
1207 3034 1343 3060 vocem

300 3067 490 3119 adposttus‚
520 3071 557 3106 &
586 3068 671 3106 idco
702 3070 837 3118 ubique
867 3072 941 3107 fere
971 3083 1052 3106 cam
1087 3072 1247 3108 intrudit.
1287 3072 1346 3109 Sic

301 3122 342 3157 &
368 3133 430 3157 111.
463 3121 594 3157 Amor.
624 3131 676 3155 vi.
710 3131 740 3164 7.
770 3119 974 3169 Adpostticm
993 3130 1165 3163 montem,
1194 3122 1254 3157 ubi
1275 3133 1345 3170 ego

300 3172 414 3208 etiam
434 3168 610 3219 oppositum
626 3199 635 3214 ‚
664 3170 797 3207 scilicet
823 3174 957 3208 l’o'e'tae
983 3170 1027 3207 ad
1048 3172 1162 3218 ripam
1187 3170 1346 3208 fluminis

301 3221 405 3258 stanti
434 3221 634 3258 adversum.
667 3222 704 3258 &
738 3222 785 3258 ita
812 3222 998 3270 adversum
1026 3232 1176 3257 montem
1204 3221 1345 3258 Lucan.

303 3283 357 3310 tv,
380 3271 437 3322 38.
461 3272 571 3317 dicit,
598 3272 660 3310 ubi
688 3280 784 3310 certe
810 3284 887 3310 non
918 3274 1002 3311 licet
1020 3269 1203 3322 appositum
1222 3271 1345 3311 rescri-

2210 878 2437 940 Aesoni-

1386 994 1482 1035 bere.
1510 992 1570 1035 secl
1597 994 1642 1034 de
1671 992 1738 1033 illis
1765 993 1866 1044 plura
1887 992 2053 1032 dicemus
2074 992 2119 1032 ad
2140 992 2266 1033 Valer.
2286 995 2382 1036 Flac.
2404 1003 2440 1038 r:

1386 1059 1469 1096 493.
1505 1048 1676 1085 Francius
1699 1047 1811 1083 etiam
1838 1044 1979 1083 rescribi
2002 1045 2173 1090 volebat,
2192 1043 2231 1082 in
2257 1047 2437 1098 oppositam

1388 1109 1552 1142 terram;
1584 1097 1646 1136 sed
1686 1108 1808 1146 neque
1846 1097 1922 1134 hoc
1950 1094 2204 1134 necessarium.
2237 1109 2291 1136 1v.
2324 1099 2438 1149 Trist.

1389 1163 1433 1187 υ.
1463 1162 1524 1190 20.

1440 1211 1506 1247 Hic
1518 1240 1528 1257 ,
1555 1211 1616 1263 qui
1639 1225 1731 1249 nunc
1749 1211 1788 1248 in
1806 1210 1911 1248 humo
1931 1212 2049 1249 lumen
2066 1211 2258 1261 miſserabile
2270 1211 2366 1264 figit.

1389 1274 1438 1312 Et
1458 1285 1498 1312 ut
1509 1274 1633 1323 figere,
1660 1276 1709 1313 ita
1728 1277 1767 1313 ὅ(
1786 1285 1909 1313 tenere.
1935 1288 1965 1313 1.
1986 1276 2121 1314 Amor.
2143 1288 2197 1314 ix.
2222 1276 2278 1316 18.

1443 1343 1485 1373 In
1500 1337 1615 1374 rivale
1632 1339 1741 1375 oculos
1759 1338 1851 1375 alter
1863 1367 1874 1384 ‚
1902 1349 1943 1376 ut
1961 1339 2069 1388 hoste,
2098 1350 2199 1377 tenet.
2252 1341 2384 1382 BURM.

1437 1411 1494 1445 27.
1524 1401 1682 1451 Eximi]
1712 1402 1858 1445 Exilui,
1885 1403 2006 1452 inquit
2033 1410 2136 1440 metu
2155 1415 2198 1441 ac
2220 1404 2439 1453 trepidatio-J

1386 1451 1601 1495 ne‚scilicet
1617 1464 1683 1500 pro
1706 1453 1815 1490 salute
1837 1461 1899 1490 tua
1920 1454 2028 1491 anxia
2048 1462 2158 1503 atque
2179 1454 2329 1492 sollicita
2343 1455 2436 1493 sum.

1387 1513 1466 1538 non
1496 1501 1628 1551 egressa
1653 1503 1732 1540 sum
1760 1504 1909 1553 propius
1936 1504 1982 1542 ad
2012 1516 2111 1542 eum.
2139 1513 2179 1542 ut
2208 1505 2437 1544 Hubertinus

1389 1555 1556 1600 exponit.
1584 1554 1802 1592 M1critus.

1441 1614 1499 1643 27.
1530 1603 1730 1652 Tunicisque
1751 1618 1773 1640 a
1786 1607 1916 1653 pec'lore
1941 1604 2090 1654 ruptis.]
2121 1606 2238 1655 Raptis
2255 1606 2334 1644 libri
2354 1618 2437 1645 me-

1387 1651 1509 1688 liores.
1537 1652 1585 1688 fic
1614 1653 1758 1701 deripere
1790 1668 1831 1690 ex
1861 1654 2002 1691 humero
2033 1654 2158 1702 vestem
2179 1657 2218 1694 &
2235 1655 2374 1696 similia.
2402 1665 2438 1697 at

1389 1701 1482 1739 libro
1502 1714 1565 1739 111.
1590 1704 1670 1740 Art.
1695 1703 1782 1740 Am.
1807 1715 1891 1749 707.

1733 1764 1849 1791 tenues
1870 1754 1896 1791 ὰ
1907 1757 2037 1804 pellere
2051 1754 2155 1802 vestes

1445 1802 1615 1853 Rumpite.

1395 1852 1526 1890 Statius
1548 1867 1592 1890 11.
1617 1854 1701 1892 Silv.
1728 1867 1758 1892 1.
1781 1866 1862 1900 171.

1446 1910 1550 1939 Nunc
1571 1914 1692 1940 torvus
1705 1905 1837 1953 pariter
1854 1905 1957 1952 vestes
1976 1918 2020 1946 (9⁵
2028 1908 2163 1956 pefft'ora
2182 1909 2326 1959 rumpit.

1394 1954 1567 2003 Sequenti
1589 1963 1774 2002 praeterea
1798 1956 1900 1993 versu
1922 1957 2074 2005 quidam
2095 1958 2172 1995 libri
2189 1960 2287 2005 ‚fata
2308 1968 2439 1997 vocant

1394 2016 1479 2041 cum
1499 2004 1614 2051 Jureti
1632 2007 1820 2054 excerptis.
1848 2014 1888 2044 ut
1908 2008 2018 2055 Epist.
2038 2021 2108 2044 v11.
2134 2020 2164 2045 1.
2191 2010 2281 2047 nihil
2307 2018 2435 2049 tamen

1393 2062 1514 2092 muto.
1544 2055 1615 2092 vid.
1640 2057 1722 2093 infr.
1746 2069 1782 2092 v.
1806 2069 1863 2105 51.
1882 2058 1951 2106 Ep.
1972 2071 2044 2095 x11.
2066 2069 2123 2106 35.
2146 2059 2250 2096 Silius
2274 2072 2327 2097 vx.
2354 2060 2436 2109 191.

1448 2105 1511 2141 Sed
1526 2106 1607 2150 fata
1624 2105 1823 2143 trahebant.
2011 2110 2221 2146 mesxus.

1444 2167 1503 2204 29.
1534 2156 1631 2192 Vivit
1653 2186 1662 2200 ‚
1690 2158 1765 2201 ait,
1793 2157 2028 2208 timidumque
2052 2159 2142 2195 mihi
2164 2163 2286 2208 jurare
2312 2160 2436 2211 co'e'gi.]

1397 2205 1440 2243 In
1458 2207 1615 2255 pluribus
1636 2208 1792 2257 antiquis
1808 2208 1915 2245 libris.
1946 2210 2042 2245 Vivit
2057 2209 2112 2245 ait
2129 2209 2297 2247 timidum
2311 2239 2321 2256 ,
2349 2212 2440 2262 quod

1395 2257 1448 2293 ait
1462 2258 1584 2305 jurare
1603 2258 1700 2307 coe'gi.
1720 2258 1839 2307 Quod
1860 2260 1899 2296 ὃς
1917 2259 2093 2297 Planudes
2113 2262 2285 2308 agnoscit.
2308 2263 2347 2299 ὃς
2367 2274 2439 2312 ego

1395 2308 1528 2346 redius
1552 2308 1695 2357 judico.
1723 2310 1975 2347 NAUGEnius.
2004 2311 2156 2348 Diverse
2173 2312 2315 2361 legitur.
2337 2313 2434 2353 Alii:

1398 2359 1518 2404 Vivit,
1545 2359 1620 2403 ait,
1647 2360 1833 2404 timidum,
1862 2361 1953 2412 quod
1969 2360 2045 2405 ait,
2065 2362 2188 2410 jurare
2214 2363 2311 2411 co'e'gi.
2339 2371 2379 2401 ut
2397 2363 2441 2402 fit

1396 2409 1514 2448 sensus
1527 2438 1537 2453 ‚
1555 2412 1678 2460 Co'e‘gi
1697 2411 1871 2449 timidum
1891 2411 1993 2449 illum
2009 2441 2019 2456 ,
2038 2411 2112 2449 five
2130 2412 2262 2451 timide
2280 2414 2441 2464 loquen-

1398 2470 1475 2499 tem
1491 2489 1500 2505 ,
1513 2470 1552 2499 ut
1566 2462 1806 2511 jurejurando
1828 2462 1865 2500 id
1878 2490 1888 2506 ‚
1901 2462 2004 2512 quod
2024 2463 2096 2507 ait,
2122 2463 2197 2500 hoc
2226 2464 2296 2509 est,
2324 2473 2361 2502 te
2384 2467 2441 2503 vi-

1399 2524 1495 2549 vum
1517 2521 1627 2561 atque
1657 2513 1888 2550 incolumem
1922 2511 1992 2550 effe
2015 2541 2025 2557 ,
2062 2514 2307 2553 confirmaret.
2343 2516 2440 2554 Alii:

1399 2563 1518 2607 Vivit,
1546 2564 1622 2599 ait.-
1650 2564 1842 2609 timidum,
1871 2564 1962 2614 quod
1987 2575 2109 2609 amat,
2128 2565 2252 2614 jurare
2276 2566 2373 2615 co'e'gi.
2399 2575 2442 2604 ut

1398 2612 1440 2651 s1t
1461 2613 1577 2652 sensus
1591 2643 1601 2659 ‚
1630 2616 1825 2663 Quoniam
1846 2616 1910 2664 qui
1927 2623 2073 2658 amant,
2100 2616 2241 2654 solliciti
2261 2628 2302 2653 ac
2318 2616 2440 2655 timidi

1391 2664 1477 2701 sunt
1490 2693 1500 2708 ,
1505 2666 1627 2714 jurare
1645 2665 1749 2703 illum
1774 2666 1894 2714 co‘e‘gi.
1923 2667 1977 2702 Ut
1998 2665 2040 2702 sit
2056 2666 2181 2703 allusio
2203 2666 2249 2703 ad
2266 2666 2441 2715 id,quod

1397 2716 1514 2763 prima
1533 2716 1692 2764 Epistola
1713 2716 1900 2764 Penelope
1921 2717 1972 2753 ait
1993 2729 2001 2752 :
2038 2722 2099 2752 Res
2116 2715 2160 2763 est
2176 2715 2319 2764 Jblliciti
2335 2717 2442 2767 plena

1397 2765 1532 2802 timoris
1558 2779 1666 2803 amor.
1706 2767 1776 2804 Sed
1812 2767 1874 2804 hic
1906 2766 2045 2803 rursum
2072 2766 2273 2804 videndum
2300 2795 2309 2811 ‚
2347 2780 2440 2806 num

1398 2815 1529 2854 rec‘tius
1547 2817 1750 2866 legeretur:
1779 2816 1886 2865 de
1904 2830 2005 2860 amo,
2034 2817 2150 2865 prima
2169 2817 2342 2865 persona:
2371 2831 2439 2867 pro

1400 2878 1447 2904 eo
1475 2867 1578 2916 quod
1610 2868 1658 2905 est
1680 2896 1690 2912 ‚
1736 2868 1836 2917 Quia
1863 2879 1933 2917 ego
1961 2879 2049 2904 aino
2077 2895 2087 2911 ‚
2118 2868 2239 2915 jurare
2265 2869 2441 2907 timidum

1398 2918 1502 2955 illum
1529 2921 1648 2967 coegi.
1697 2920 1873 2956 Ceterum
1909 2917 2166 2966 li1nplicissi1na
2194 2919 2306 2956 leelio
2337 2920 2442 2957 vide-

1399 2976 1458 3006 tur
1478 2981 1541 3013 ea,
1569 2981 1681 3018 quam
1711 2980 1779 3006 nos
1809 2970 1919 3006 secuti
1940 2969 2061 3006 sumus
2085 2997 2094 3013 ‚
2130 2969 2155 3005 li
2177 2969 2274 3018 legas
2294 2983 2302 3006 :
2332 2970 2443 3008 Timi-

1400 3020 1552 3068 dumque
1576 3018 1665 3056 mihi
1683 3020 1806 3068 jurare
1834 3020 1929 3066 coegi.
1962 3028 2000 3056 ut
2024 3020 2196 3057 timidum
2226 3032 2311 3058 eum
2346 3021 2443 3058 acci-

1399 3070 1474 3116 pias
1489 3098 1499 3114 ,
1528 3070 1573 3106 de
1590 3082 1667 3118 quo
1690 3070 1799 3118 paulo
1822 3069 1905 3106 ante
1927 3069 2017 3107 dixit
2037 3083 2044 3107 :
2076 3070 2136 3106 Ille
2153 3070 2281 3119 pudore
2302 3068 2442 3119 Haesit,

1401 3121 1472 3156 &c.
1509 3121 1548 3157 ὃς
1582 3119 1815 3168 Hypsipylen
1850 3119 1896 3157 ad
1926 3120 2124 3169 jurandum
2155 3119 2309 3169 adegisse
2335 3121 2440 3158 illum

1400 3171 1486 3218 quia
1523 3171 1720 3208 timentem
1750 3183 1792 3208 ac
1833 3171 2076 3218 trepidantem
2111 3171 2415 3209 animadverterat
2430 3199 2442 3216 ‚

1403 3232 1488 3257 cum
1512 3221 1672 3268 primum
1694 3221 1739 3259 de
1756 3221 1887 3268 Jasone
1907 3222 2199 3271 interrogaretur.
2221 3222 2444 3259 Mrciitus.

1403 3271 1582 3310 Timidum
1602 3271 1694 3322 quod
1713 3272 1766 3310 ait
1783 3273 1907 3322 jurare
1928 3273 2035 3323 co'e'gi,
2062 3273 2122 3312 vel
2139 3271 2262 3310 timide
2277 3273 2358 3311 libri
2380 3284 2446 3309 ve-

2332 3332 2445 3362 teres:
