2553 3676
788 210 851 268 P,
924 207 1346 269 OVIDII
1419 209 1963 268 NASONIS

558 304 774 361 Scilicet
799 304 876 361 est
899 305 1127 378 aliquid,
1165 322 1292 359 cum
1315 304 1477 360 saevis
1502 305 1684 362 vivere
1711 307 1916 376 ventis:

629 378 854 450 Ingenio
879 378 1066 450 populi
1089 378 1345 433 convenit
1370 378 1457 432 ille
1484 379 1573 432 1111.

561 452 651 507 1116
675 453 828 506 Noto
853 451 1250 525 Zephyroque,
1290 451 1345 504 δε
1370 451 1618 505 Sithonio
1645 453 1908 524 Aquiloni

628 524 887 596 Imperat,
927 526 980 578 ὅ(
1005 525 1224 597 pennis,
1261 523 1408 579 Eure
1432 536 1686 593 proterve
1709 564 1723 587 ‚
1762 527 1881 580 tuis,

453 616 513 668 15
551 596 783 670 Imperat
821 598 997 668 (heu)
1038 597 1238 658 ventis;
1281 595 1521 649 tumidae
1547 614 1662 650 non
1682 597 1910 670 imperat
1937 599 2046 655 irae
2063 620 2080 654 τ

635 669 878 726 Possidet
904 671 960 724 &
988 671 1130 724 vitiis
1154 685 1320 740 regna
1343 667 1553 723 minora
1576 668 1693 723 suis.

559 742 712 816 Quid
731 743 912 814 juvat,
946 742 1222 796 admotam
1243 758 1341 813 per
1366 759 1591 796 avorum
1618 743 1837 797 nomina
1859 745 2054 809 coelo,

639 816 783 870 Inter
808 827 1066 886 cognatos
1088 812 1236 886 poffe
1260 813 1463 868 referre
1483 814 1711 884 Jovem?

562 889 711 945 Num
736 887 910 942 minus
933 885 1213 951 infestum,
1251 886 1496 941 funebria
1523 904 1772 951 munera,
1810 888 2022 945 ferrum.

633 961 890 1015 Feminea
916 971 1110 1024 tene0‚
1147 978 1261 1015 non
1286 978 1404 1015 mea
1429 960 1560 1024 tela,
1597 963 1792 1016 manu?

565 1035 619 1090 O
640 1034 846 1088 utinam
861 1073 876 1097 ‚
919 1032 1179 1088 Macar-eu
1197 1074 1213 1098 ‚
1250 1050 1387 1106 quae
1410 1051 1508 1088 nos
1534 1034 1798 1090 commifit
1821 1035 1878 1091 in
1901 1051 2103 1100 unum,-

637 1106 883 1163 Veniss'et
908 1107 1020 1161 leto
1044 1107 1210 1162 serior
1234 1105 1367 1161 hora
1396 1109 1558 1162 111601

571 1180 687 1236 Cur
713 1198 973 1254 umquam
996 1181 1112 1253 plus
1137 1197 1254 1243 me,
1290 1179 1486 1245 frater,
1519 1198 1682 1254 quam
1704 1182 1877 1238 frater.
1896 1180 2111 1238 amasti?

646 1252 720 1308 Et
744 1253 870 1318 tibi,
906 1271 1017 1308 non
1044 1252 1208 1308 debet
1234 1253 1386 1326 quod
1411 1253 1562 1308 soror
1587 1253 1691 1309 effe
1706 1296 1729 1319 ,ff
1759 1255 1869 1309 fui?

458 1345 532 1396 25
567 1325 678 1401 Ipsa
701 1344 923 1400 quoque
947 1326 1170 1381 incaluit
1212 1327 1540 1399 qualemque
1560 1327 1747 1382 audire
1774 1327 2011 1384 solebam
2023 1366 2045 1391 ‚2

647 1400 846 1454 Nescio
872 1416 1038 1473 quem
1062 1399 1193 1454 senfi
1218 1399 1388 1454 corde
1412 1411 1633 1472 tepente
1659 1400 1859 1455 Deum.

572 1472 808 1545 Fugerat
834 1490 929 1527 ore
954 1473 1131 1527 color:
1169 1472 1367 1527 macies
1394 1471 1694 1528 adduxerat
1720 1486 1862 1530 artus
1876 1492 1895 1528 ;,.

648 1545 945 1604 Sumebant
969 1545 1221 1602 minimos
1246 1564 1341 1604 ora
1365 1544 1548 1602 coatia
1572 1546 1746 1602 611105..

451 979 523 1017 20

2331 1623 2461 1684 Nec:
2528 1583 2532 1587 ·

332 1747 390 1784 17.
415 1737 517 1786 Qid
530 1737 643 1788 juvat
663 1736 846 1776 admotam
865 1737 959 1790 effa]
980 1739 1113 1780 Planus
1136 1739 1253 1779 sensus
1274 1740 1338 1785 est,

280 1799 361 1827 non
386 1787 558 1837 figuratus
576 1819 584 1833 ‚
617 1798 658 1828 ut
677 1791 968 1829 Commentator
999 1792 1220 1829 existimavit
1243 1805 1252 1828 ι
1289 1792 1339 1830 est

280 1840 385 1877 enim
405 1838 522 1885 ordo,
551 1841 641 1889 quid
655 1841 763 1889 juvat
779 1870 788 1884 ‚
818 1853 879 1878 me
910 1854 975 1890 per
996 1844 1154 1880 nomina
1178 1854 1337 1881 avorum

280 1889 474 1928 admotam
494 1892 602 1929 coelo
615 1920 625 1935 ‚
640 1893 714 1929 hoc
735 1891 783 1929 est
800 1893 1014 1930 coelestibus
1034 1893 1274 1943 conjumstam
1297 1895 1338 1931 ὅ(

279 1940 432 1979 affinem
447 1970 457 1986 ‚
488 1940 589 1991 poffe
612 1943 706 1980 inter
727 1951 905 1993 cognatos
921 1945 1060 1992 Jovem
1081 1944 1242 1982 referre?
1261 1945 1337 1983 hoc

280 2000 409 2030 autem
430 2004 477 2030 60
499 1994 682 2042 pertinet,
709 1993 813 2042 quod
841 1995 980 2043 primus
998 1995 1142 2033 Aeolus
1167 1995 1336 2034 Hellenis

279 2041 375 2081 filius
404 2043 474 2081 fuit
495 2072 505 2088 ‚
542 2044 678 2081 Hellen
707 2045 824 2090 Jovis.
852 2047 979 2093 Quare
1008 2058 1073 2094 per
1093 2047 1223 2084 seriem
1244 2058 1337 2084 avo-

280 2105 367 2131 rum
392 2121 402 2138 ,
441 2095 481 2131 &
504 2094 576 2143 ipsa
604 2095 650 2134 ad
674 2095 812 2142 Jovem
847 2107 963 2145 genus
999 2097 1106 2135 suurn
1146 2097 1336 2136 referebat.

282 2144 511 2182 chmus.

342 2208 399 2242 19.
429 2202 500 2232 Nec
527 2195 681 2245 minus.]
714 2197 818 2247 Lege
849 2210 936 2234 num
963 2198 1107 2235 minus?
1134 2199 1339 2246 interroga·

283 2246 374 2285 tive.
393 2247 617 2285 chutus.
648 2254 729 2284 Non
749 2247 867 2283 minus
884 2248 1005 2295 scripti
1023 2248 1188 2298 plerique
1203 2276 1212 2292 ,
1235 2260 1339 2296 prae-

283 2304 341 2335 ter
368 2297 600 2337 Puteaneum
625 2326 635 2344 ‚
671 2299 736 2348 qui
765 2297 865 2336 reue
894 2305 995 2336 Num
1023 2299 1152 2337 minus.
1179 2298 1343 2348 Epistola

287 2348 462 2387 Helenae
490 2349 575 2399 236.

340 2399 448 2448 Pulstz
470 2400 520 2448 est·
534 2398 686 2449 Aesbnia
702 2412 788 2439 num
808 2399 927 2437 minus
948 2400 1013 2438 illa
1033 2401 1159 2441 domo?

290 2450 457 2489 Leandri
490 2462 572 2498 174.

346 2508 445 2539 Num
466 2502 584 2539 minus
605 2501 689 2538 haec
705 2502 800 2540 nohis
817 2511 894 2540 tam
917 2502 1033 2541 brevis
1051 2503 1160 2552 obstat
1176 2514 1297 2555 aqua?

288 2550 382 2592 Fast.
410 2565 440 2590 1.
464 2566 547 2602 525.

345 2610 444 2640 Num
464 2604 582 2642 minus
599 2603 656 2642 hic
675 2613 744 2642 toto
762 2603 805 2653 est
823 2603 934 2642 altior
953 2604 1029 2642 orbe
1047 2606 1133 2644 cinis
1148 2616 1164 2647 ἓ

294 2653 388 2692 Fast.
412 2668 474 2693 111.
496 2656 531 2693 6.

349 2711 446 2741 Num
468 2707 586 2743 minus
603 2706 760 2756 ingenuis
775 2706 913 2745 artibus
929 2706 995 2744 illa
1016 2717 1161 2748 vacate*

294 2753 410 2795 Trist.
434 2769 463 2793 1.
484 2758 537 2795 El.
565 2771 623 2796 11.

348 2810 392 2841 Ut
413 2820 508 2843 mare
529 2807 699 2858 confidat,
728 2809 912 2860 ventisque
922 2809 1119 2857 ferentibus
1136 2814 1255 2858 utar}

299 2907 373 2948 Lb
401 2862 443 2893 Ut
465 2858 553 2895 mihi
566 2861 742 2908 parcatis,
772 2875 858 2899 num
880 2862 997 2899 minus
1017 2861 1098 2899 exul
1114 2871 1196 2901 ero?

339 2921 348 2947 1
379 2938 384 2943 .
418 2920 474 2945 11.

351 2960 487 2996 Praeda
500 2958 576 3004 ficit
597 2961 738 2998 canibus
759 2975 845 2999 num
866 2963 985 3001 minus
1002 2963 1061 3001 ille
1070 2963 1172 3013 suis?

305 3011 391 3048 Lib.
415 3023 449 3047 v.
471 3010 526 3047 El.
546 3022 600 3046 vi.

355 3058 490 3110 Alanfit
506 3060 545 3097 in
563 3060 677 3107 officiis
696 3075 782 3096 num
803 3062 921 3097 minus
937 3063 995 3099 ille
1008 3063 1082 3110 suis
1094 3072 1110 3100 ἓ

303 3113 410 3150 Loca
426 3113 527 3160 plura
547 3111 709 3159 adscripsi
723 3139 732 3155 ,
761 3113 864 3160 quod
884 3124 926 3149 ea
947 3113 983 3149 in
1007 3114 1159 3160 vulgatis
1182 3113 1356 3151 editioni-

303 3164 368 3200 bus
392 3172 431 3199 nt
449 3162 650 3211 plurimum
665 3162 839 3200 mendosa
853 3163 1177 3201 circumferuntur.
1190 3165 1357 3214 Propert.

311 3227 359 3252 11.
390 3214 490 3262 hleg.
517 3225 577 3250 22.

362 3271 461 3300 Num
476 3265 598 3312 jugare
616 3262 907 3315 minusTheffiila
927 3264 997 3304 tela
1019 3264 1194 3316 Phryges?

303 3316 354 3355 Et
374 3315 434 3354 lib.
452 3327 505 3355 iv.
526 3316 629 3365 Eaeg.
650 3315 716 3356 ult.
1191 3313 1196 3317 “

1447 1746 1548 1778 Num
1566 1739 1685 1779 minus
1701 1738 1855 1777 immites
1877 1737 2007 1784 habui,
2035 1737 2200 1776 Cornelia
2213 1767 2224 1784 ‚
2252 1744 2382 1777 Parcas
2397 1748 2416 1786 3

1395 1791 1542 1830 Auetor
1564 1792 1711 1841 Elegiae
1731 1793 1769 1829 in
1790 1792 1935 1829 obitum
1958 1791 2204 1827 Maecenatis:

1449 1850 1547 1880 Num
1570 1843 1688 1880 minus
1707 1841 1806 1879 Urbis
1821 1851 1896 1878 erat
1917 1839 2018 1886 custos
2037 1851 2080 1879 ey·
2102 1839 2261 1888 Caesaris
2283 1840 2424 1890 hospes?

1395 1895 1607 1932 Hssmsms.
1629 1894 1698 1933 Vir
1714 1892 1866 1941 quidam
1886 1902 1963 1928 non
1979 1890 2181 1928 ineruditus
2199 1893 2238 1928 in
2257 1891 2448 1940 Supplemi

1395 1944 1524 1984 Auos.
1546 1943 1707 1991 Lipsien.
1726 1953 1820 1979 tom.
1841 1954 1894 1979 vi.
1911 1941 1995 1979 feet.
2018 1954 2063 1980 11.
2083 1954 2118 1990 p.
2139 1941 2199 1979 80.
2217 1941 2329 1990 legit:

1448 2000 1541 2031 Cum
1565 1994 1683 2030 minus
1699 1992 1882 2040 infestum,
1911 2004 1984 2032 eya.

1394 2046 1505 2082 Certe
1533 2057 1611 2081 non
1643 2045 1797 2094 genium
1825 2045 1885 2081 ille
1904 2043 2116 2081 Ovidi—anae
2135 2042 2331 2081 venustatis
2350 2044 2460 2083 adse-

1393 2097 1458 2146 qui
1489 2095 1645 2133 videtur.
1675 2096 1712 2132 ὃ(
1744 2094 1844 2131 reete
1871 2094 1915 2131 ab
1935 2095 2008 2131 alio
2029 2096 2111 2131 viro
2132 2095 2170 2131 in
2190 2094 2323 2132 iisdem
2345 2095 2455 2134 Astis

1395 2148 1445 2186 A.
1474 2160 1500 2184 M
1517 2160 1540 2184 0
1557 2157 1694 2183 ccxv.
1723 2146 1840 2194 April.
1867 2157 1901 2193 p.
1930 2144 2010 2191 178.
2034 2145 2210 2183 refutatus
2227 2145 2288 2183 estv.
2315 2146 2450 2186 Bum-

1448 2210 1509 2235 21.
1534 2199 1636 2245 Qae
1666 2210 1724 2233 nos
1756 2194 1961 2245 commisit]
1991 2196 2049 2233 Sic
2075 2195 2289 2234 Vaticanus.
2319 2197 2461 2246 placet-

1399 2250 1617 2286 Cmranus.
1632 2248 1759 2285 Editio
1780 2247 1890 2288 Alai,
1904 2246 2115 2284 Bersmanni
2137 2249 2175 2284 ὃ(
2196 2247 2354 2286 aliorum
2375 2262 2457 2285 con·

1391 2300 1541 2350 junxit,
1572 2309 1698 2336 contra
1716 2298 1825 2335 MSS.
1845 2298 1919 2335 vid.
1940 2298 1985 2336 ad
2007 2311 2062 2335 1v.
2082 2299 2240 2336 Metam.
2263 2302 2348 2348 369.

1452 2363 1512 2398 27.
1541 2348 1795 2399 Addua-erat]
1827 2350 1938 2386 Ratio
1966 2350 2015 2386 ita
2033 2349 2233 2398 legendum
2251 2349 2489 2399 persuadeti..v
2512 2362 2513 2366 ¹

1404 2403 1620 2441 Cxofauus.
1649 2402 1746 2438 Vera
1762 2399 1888 2438 166110.
1915 2400 2040 2438 frustra
2064 2400 2210 2438 codices
2234 2400 2432 2438 abduxerat
2443 2428 2493 2446 ,.,

1403 2455 1442 2492 &
1472 2454 1654 2492 editiones
1691 2451 1874 2503 quaedam
1914 2451 2119 2489 obduxerat.
2158 2452 2335 2502 Virgilius
2371 2463 2470 2492 111..

1405 2506 1546 2554 Georg.
1574 2505 1659 2553 483.

1944 2555 2008 2593 Ubi
2025 2555 2124 2604 ignea
2144 2555 2258 2592 venir·

1459 2607 1630 2645 Omnibus
1650 2608 1729 2644 aaa
1739 2605 1818 2658 fitis
1834 2606 1969 2656 miseros
1987 2608 2188 2643 adduxerat
2208 2616 2323 2644 artus&

1406 2659 1483 2697 Ubi
1502 2661 1613 2697 etiam
1634 2659 1780 2696 codices
1802 2658 2011 2695 abduxerat.
2027 2659 2161 2696 Noster
2179 2670 2243 2695 111.
2264 2659 2473 2706 Met.3973,

1459 2710 1697 2761 Aclduxitque
1717 2720 1829 2746 cutem
1850 2709 1985 2746 macies.

1407 2761 1491 2799 Nec
1510 2762 1612 2799 aliter
1633 2762 1824 2799 ciofanus.
1849 2761 2022 2797 Lucanus
2038 2759 2099 2797 lib.
2121 2770 2177 2796 iv.
2197 2757 2296 2796 288„

1818 2810 1964 2861 Offizque
1981 2810 2135 2861 nondum

1462 2863 1654 2901 Adduxere
1671 2872 1796 2899 cutem.

1412 2913 1470 2952 Sic
1490 2914 1565 2951 duo
1591 2914 1736 2952 codices
1765 2911 1952 2950 Rumfiani
1970 2940 1980 2956 ‚
2009 2913 2047 2948 ὅ(
2076 2912 2259 2961 quaedam
2292 2912 2476 2963 vulgatae?

1412 2964 1616 3009 editiones,
1645 2963 1748 3013 quod
1778 2963 1874 3000 male
1906 2964 1943 2999 in
1979 2963 2158 3000 Grotiana
2186 2973 2384 3003 mutatum.
2410 2964 2475 3002 fic·

1411 3015 1584 3052 adductius
1595 3013 1698 3061 fimis
1720 3015 1802 3052 eod.
1818 3015 1878 3051 lib.
1902 3025 1984 3062 454.
2015 3015 2225 3052 HisiNsius.

1465 3065 1535 3102 28..
1555 3071 1626 3099 Ora
1656 3064 1806 3114 coaciai]
1839 3065 1945 3101 Haec
1968 3066 2121 3111 probant
2141 3094 2151 3110 ‚
2187 3067 2384 3104 adduxerat
2409 3065 2490 3110 16-·,

1412 3115 1576 3164 gendum
1604 3113 1674 3152 effe
1703 3116 1741 3152 in
1774 3115 2006 3164 praecedenti
2042 3117 2147 3154 versu
2171 3131 2180 3154 ε
2226 3119 2324 3155 idem
2361 3118 2474 3155 enim·

1412 3174 1531 3203 notat.
1566 3177 1652 3202 nam
1693 3166 1790 3203 male
1829 3168 2057 3204 Hubertinus
2093 3169 2247 3217 exponit
2285 3167 2480 3217 compulsa..
2529 3167 2531 3174 '

1416 3217 1601 3265 Crispinus
1629 3217 1772 3261 iuvita3
1799 3218 1847 3255 cst
1877 3219 1976 3256 enim
2009 3218 2109 3256 idem
2129 3220 2232 3268 quod
2251 3218 2480 3263 contradi-a„
2527 3247 2533 3260 ,

1418 3268 1564 3306 minora
1601 3280 1664 3316 per
1701 3270 1859 3307 maciem
1891 3271 1930 3307 &
1956 3269 2222 3319 aegritudinem
2252 3269 2345 3306 faeta
2369 3298 2379 3314 ,
2417 3268 2480 3306 fic·
2547 3263 2553 3303 1

1418 3319 1692 3367 φίνκηοαῐῐιινη
1706 3348 1717 3368 ,
1732 3321 1875 3362 Lucan.
1888 3333 1941 3362 vt.
1964 3320 2045 3371 548.
2061 3321 2176 3359 coatia
2195 3319 2481 3371 tempestasLuv·
2526 3349 2528 3354 .
2551 3330 2553 3350 =

2352 3369 2483 3412 cretioe
