<?xml version="1.0" encoding="UTF-8"?>
<!DOCTYPE html PUBLIC "-//W3C//DTD XHTML 1.0 Transitional//EN"
    "http://www.w3.org/TR/xhtml1/DTD/xhtml1-transitional.dtd">
<html xmlns="http://www.w3.org/1999/xhtml" xml:lang="en" lang="en">
 <head>
  <title>
</title>
<meta http-equiv="Content-Type" content="text/html;charset=utf-8" />
  <meta name='ocr-system' content='tesseract 3.04.00' />
  <meta name='ocr-capabilities' content='ocr_page ocr_carea ocr_par ocr_line ocrx_word'/>
</head>
<body>
  <div class='ocr_page' id='page_1' title='image "./publiiovidiinaso01ovid_0070.png"; bbox 0 0 2553 3676; ppageno 0'>
   <div class='ocr_carea' id='block_1_1' title="bbox 723 157 1273 240">
    <p class='ocr_par' dir='ltr' id='par_1_1' title="bbox 723 157 1273 240">
     <span class='ocr_line' id='line_1_1' title="bbox 723 157 1273 240; baseline -0.005 0"><span class='ocrx_word' id='word_1_1' title='bbox 723 183 784 240; x_wconf 86' lang='lat' dir='ltr'>P.</span> <span class='ocrx_word' id='word_1_2' title='bbox 859 157 1273 238; x_wconf 76' lang='lat' dir='ltr'>o&#39;vinri</span> 
     </span>
    </p>
   </div>
   <div class='ocr_carea' id='block_1_2' title="bbox 1346 179 1878 239">
    <p class='ocr_par' dir='ltr' id='par_1_2' title="bbox 1346 179 1878 239">
     <span class='ocr_line' id='line_1_2' title="bbox 1346 179 1878 239; baseline 0.004 -2"><span class='ocrx_word' id='word_1_3' title='bbox 1346 179 1878 239; x_wconf 88' lang='lat' dir='ltr'>NASONIS</span> 
     </span>
    </p>
   </div>
   <div class='ocr_carea' id='block_1_3' title="bbox 520 270 1784 493">
    <p class='ocr_par' dir='ltr' id='par_1_3' title="bbox 520 270 1784 493">
     <span class='ocr_line' id='line_1_3' title="bbox 520 270 1724 344; baseline 0 -14"><span class='ocrx_word' id='word_1_4' title='bbox 520 276 615 330; x_wconf 90' lang='lat' dir='ltr'>Tu</span> <span class='ocrx_word' id='word_1_5' title='bbox 637 290 778 330; x_wconf 83' lang='lat' dir='ltr'>nova</span> <span class='ocrx_word' id='word_1_6' title='bbox 799 272 1031 328; x_wconf 83' lang='lat' dir='ltr'>servatae</span> <span class='ocrx_word' id='word_1_7' title='bbox 1056 272 1231 344; x_wconf 80' lang='lat' dir='ltr'>capies</span> <span class='ocrx_word' id='word_1_8' title='bbox 1254 270 1502 328; x_wconf 80' lang='lat' dir='ltr'>libamina</span> <span class='ocrx_word' id='word_1_9' title='bbox 1523 272 1724 339; x_wconf 81' lang='lat' dir='ltr'>famae;</span> 
     </span>
     <span class='ocr_line' id='line_1_4' title="bbox 592 344 1762 420; baseline 0.001 -18"><span class='ocrx_word' id='word_1_10' title='bbox 592 346 666 402; x_wconf 87' lang='lat' dir='ltr'>Et</span> <span class='ocrx_word' id='word_1_11' title='bbox 688 347 886 420; x_wconf 79' lang='lat' dir='ltr'>pariter</span> <span class='ocrx_word' id='word_1_12' title='bbox 911 344 1153 400; x_wconf 71' lang='lat' dir='ltr'>nostrum</span> <span class='ocrx_word' id='word_1_13' title='bbox 1175 344 1268 399; x_wconf 89' lang='lat' dir='ltr'>fiet</span> <span class='ocrx_word' id='word_1_14' title='bbox 1290 357 1520 419; x_wconf 90' lang='lat' dir='ltr'>uterque</span> <span class='ocrx_word' id='word_1_15' title='bbox 1543 364 1762 403; x_wconf 82' lang='lat' dir='ltr'>nocens,</span> 
     </span>
     <span class='ocr_line' id='line_1_5' title="bbox 523 417 1784 493; baseline 0 -18"><span class='ocrx_word' id='word_1_16' title='bbox 523 420 617 475; x_wconf 82' lang='lat' dir='ltr'>Est</span> <span class='ocrx_word' id='word_1_17' title='bbox 639 418 837 493; x_wconf 87' lang='lat' dir='ltr'>aliquid</span> <span class='ocrx_word' id='word_1_18' title='bbox 852 457 866 481; x_wconf 91' lang='lat'>‚</span> <span class='ocrx_word' id='word_1_19' title='bbox 903 418 1071 490; x_wconf 83' lang='lat' dir='ltr'>plenis</span> <span class='ocrx_word' id='word_1_20' title='bbox 1094 417 1333 491; x_wconf 83' lang='lat' dir='ltr'>pomaria</span> <span class='ocrx_word' id='word_1_21' title='bbox 1357 436 1575 490; x_wconf 85' lang='lat' dir='ltr'>carpere</span> <span class='ocrx_word' id='word_1_22' title='bbox 1599 422 1784 485; x_wconf 81' lang='lat' dir='ltr'>ramiS‚</span> 
     </span>
    </p>
   </div>
   <div class='ocr_carea' id='block_1_4' title="bbox 420 513 485 559">
    <p class='ocr_par' dir='ltr' id='par_1_4' title="bbox 420 513 485 559">
     <span class='ocr_line' id='line_1_6' title="bbox 420 513 485 559; baseline 0 -12"><span class='ocrx_word' id='word_1_23' title='bbox 420 513 485 559; x_wconf 79' lang='lat'>30</span> 
     </span>
    </p>
   </div>
   <div class='ocr_carea' id='block_1_5' title="bbox 596 490 1770 562">
    <p class='ocr_par' dir='ltr' id='par_1_5' title="bbox 596 490 1770 562">
     <span class='ocr_line' id='line_1_7' title="bbox 596 490 1770 562; baseline 0 -16"><span class='ocrx_word' id='word_1_24' title='bbox 596 492 668 546; x_wconf 84' lang='lat' dir='ltr'>Et</span> <span class='ocrx_word' id='word_1_25' title='bbox 694 491 842 545; x_wconf 88' lang='lat' dir='ltr'>tenui</span> <span class='ocrx_word' id='word_1_26' title='bbox 867 491 1094 562; x_wconf 82' lang='lat' dir='ltr'>primam</span> <span class='ocrx_word' id='word_1_27' title='bbox 1119 490 1356 562; x_wconf 80' lang='lat' dir='ltr'>deligere</span> <span class='ocrx_word' id='word_1_28' title='bbox 1380 508 1560 561; x_wconf 84' lang='lat' dir='ltr'>ungue</span> <span class='ocrx_word' id='word_1_29' title='bbox 1584 492 1770 546; x_wconf 85' lang='lat' dir='ltr'>rosam.</span> 
     </span>
    </p>
   </div>
   <div class='ocr_carea' id='block_1_6' title="bbox 526 561 1916 699">
    <p class='ocr_par' dir='ltr' id='par_1_6' title="bbox 526 561 1916 699">
     <span class='ocr_line' id='line_1_8' title="bbox 526 561 1916 637; baseline 0.001 -18"><span class='ocrx_word' id='word_1_30' title='bbox 526 565 579 619; x_wconf 82' lang='lat' dir='ltr'>Si</span> <span class='ocrx_word' id='word_1_31' title='bbox 604 580 783 618; x_wconf 81' lang='lat' dir='ltr'>tamen</span> <span class='ocrx_word' id='word_1_32' title='bbox 808 563 893 617; x_wconf 90' lang='lat' dir='ltr'>ille</span> <span class='ocrx_word' id='word_1_33' title='bbox 918 563 1092 636; x_wconf 82' lang='lat' dir='ltr'>prior,</span> <span class='ocrx_word' id='word_1_34' title='bbox 1130 581 1241 637; x_wconf 90' lang='lat' dir='ltr'>quo</span> <span class='ocrx_word' id='word_1_35' title='bbox 1268 580 1355 616; x_wconf 89' lang='lat' dir='ltr'>me</span> <span class='ocrx_word' id='word_1_36' title='bbox 1381 561 1486 617; x_wconf 88' lang='lat' dir='ltr'>fine</span> <span class='ocrx_word' id='word_1_37' title='bbox 1512 564 1734 618; x_wconf 86' lang='lat' dir='ltr'>erimine</span> <span class='ocrx_word' id='word_1_38' title='bbox 1759 563 1916 637; x_wconf 82' lang='lat' dir='ltr'>gessi,</span> 
     </span>
     <span class='ocr_line' id='line_1_9' title="bbox 600 635 1737 699; baseline -0.001 -8"><span class='ocrx_word' id='word_1_39' title='bbox 600 636 824 692; x_wconf 87' lang='lat' dir='ltr'>Candor</span> <span class='ocrx_word' id='word_1_40' title='bbox 848 635 911 690; x_wconf 88' lang='lat' dir='ltr'>ab</span> <span class='ocrx_word' id='word_1_41' title='bbox 934 635 1141 691; x_wconf 84' lang='lat' dir='ltr'>insolita</span> <span class='ocrx_word' id='word_1_42' title='bbox 1164 635 1279 690; x_wconf 83' lang='lat' dir='ltr'>labe</span> <span class='ocrx_word' id='word_1_43' title='bbox 1302 635 1570 690; x_wconf 83' lang='lat' dir='ltr'>notandus</span> <span class='ocrx_word' id='word_1_44' title='bbox 1595 650 1737 699; x_wconf 88' lang='lat' dir='ltr'>erat;</span> 
     </span>
    </p>
   </div>
   <div class='ocr_carea' id='block_1_7' title="bbox 527 708 1333 832">
    <p class='ocr_par' dir='ltr' id='par_1_7' title="bbox 527 708 1333 832">
     <span class='ocr_line' id='line_1_10' title="bbox 527 708 1333 832; baseline -0.006 -66"><span class='ocrx_word' id='word_1_45' title='bbox 527 709 605 766; x_wconf 92' lang='lat' dir='ltr'>At</span> <span class='ocrx_word' id='word_1_46' title='bbox 629 710 767 765; x_wconf 93' lang='lat' dir='ltr'>bene</span> <span class='ocrx_word' id='word_1_47' title='bbox 792 708 1064 772; x_wconf 85' lang='lat' dir='ltr'>successit‚</span> <span class='ocrx_word' id='word_1_48' title='bbox 1103 708 1270 779; x_wconf 84' lang='lat' dir='ltr'>digno</span> <span class='ocrx_word' id='word_1_49' title='bbox 1294 725 1333 832; x_wconf 53' lang='lat' dir='ltr'>q</span> 
     </span>
    </p>
   </div>
   <div class='ocr_carea' id='block_1_8' title="bbox 605 781 1293 853">
    <p class='ocr_par' dir='ltr' id='par_1_8' title="bbox 605 781 1293 853">
     <span class='ocr_line' id='line_1_11' title="bbox 605 781 1293 853; baseline -0.007 -16"><span class='ocrx_word' id='word_1_50' title='bbox 605 782 762 853; x_wconf 87' lang='lat' dir='ltr'>Pejus</span> <span class='ocrx_word' id='word_1_51' title='bbox 787 781 1050 835; x_wconf 84' lang='lat' dir='ltr'>adulterio</span> <span class='ocrx_word' id='word_1_52' title='bbox 1075 781 1242 852; x_wconf 86' lang='lat' dir='ltr'>turpis</span> <span class='ocrx_word' id='word_1_53' title='bbox 1266 799 1293 832; x_wconf 84' lang='lat' dir='ltr'>a</span> 
     </span>
    </p>
   </div>
   <div class='ocr_carea' id='block_1_9' title="bbox 1333 708 1906 835">
    <p class='ocr_par' dir='ltr' id='par_1_9' title="bbox 1333 708 1906 835">
     <span class='ocr_line' id='line_1_12' title="bbox 1333 708 1906 781; baseline 0.005 -20"><span class='ocrx_word' id='word_1_54' title='bbox 1333 708 1446 762; x_wconf 88' lang='lat' dir='ltr'>uod</span> <span class='ocrx_word' id='word_1_55' title='bbox 1469 708 1743 764; x_wconf 81' lang='lat' dir='ltr'>adurimur</span> <span class='ocrx_word' id='word_1_56' title='bbox 1768 710 1906 781; x_wconf 85' lang='lat' dir='ltr'>igni:</span> 
     </span>
     <span class='ocr_line' id='line_1_13' title="bbox 1336 779 1653 835; baseline 0.003 -2"><span class='ocrx_word' id='word_1_57' title='bbox 1336 781 1475 835; x_wconf 70' lang='lat' dir='ltr'>ulter</span> <span class='ocrx_word' id='word_1_58' title='bbox 1499 779 1653 835; x_wconf 87' lang='lat' dir='ltr'>abest.</span> 
     </span>
    </p>
   </div>
   <div class='ocr_carea' id='block_1_10' title="bbox 426 851 1884 1001">
    <p class='ocr_par' dir='ltr' id='par_1_10' title="bbox 426 851 1884 1001">
     <span class='ocr_line' id='line_1_14' title="bbox 426 851 1884 927; baseline -0.001 -16"><span class='ocrx_word' id='word_1_59' title='bbox 426 876 449 923; x_wconf 84' lang='lat'>3</span> <span class='ocrx_word' id='word_1_60' title='bbox 461 874 489 924; x_wconf 86' lang='lat'><em>5</em></span> <span class='ocrx_word' id='word_1_61' title='bbox 531 855 586 911; x_wconf 91' lang='lat' dir='ltr'>Si</span> <span class='ocrx_word' id='word_1_62' title='bbox 609 855 741 910; x_wconf 88' lang='lat' dir='ltr'>mihi</span> <span class='ocrx_word' id='word_1_63' title='bbox 765 853 1030 907; x_wconf 81' lang='lat' dir='ltr'>concedat</span> <span class='ocrx_word' id='word_1_64' title='bbox 1048 852 1192 924; x_wconf 87' lang='lat' dir='ltr'>Juno</span> <span class='ocrx_word' id='word_1_65' title='bbox 1215 851 1543 926; x_wconf 82' lang='lat' dir='ltr'>fratremque</span> <span class='ocrx_word' id='word_1_66' title='bbox 1568 854 1850 927; x_wconf 83' lang='lat' dir='ltr'>virumque</span> <span class='ocrx_word' id='word_1_67' title='bbox 1870 877 1884 919; x_wconf 72' lang='grc' dir='ltr'><strong>ς</strong></span> 
     </span>
     <span class='ocr_line' id='line_1_15' title="bbox 605 925 1728 1001; baseline -0.004 -16"><span class='ocrx_word' id='word_1_68' title='bbox 605 926 972 1001; x_wconf 80' lang='lat' dir='ltr'>Hippolytum</span> <span class='ocrx_word' id='word_1_69' title='bbox 995 926 1179 983; x_wconf 82' lang='lat' dir='ltr'>videar</span> <span class='ocrx_word' id='word_1_70' title='bbox 1202 925 1562 1000; x_wconf 86' lang='lat' dir='ltr'>praepositura</span> <span class='ocrx_word' id='word_1_71' title='bbox 1578 925 1728 998; x_wconf 86' lang='lat' dir='ltr'>Jovi:</span> 
     </span>
    </p>
   </div>
   <div class='ocr_carea' id='block_1_11' title="bbox 244 1133 1113 1438">
    <p class='ocr_par' dir='ltr' id='par_1_11' title="bbox 244 1133 1083 1226">
     <span class='ocr_line' id='line_1_16' title="bbox 295 1133 1083 1185; baseline -0.001 -11"><span class='ocrx_word' id='word_1_72' title='bbox 295 1134 365 1174; x_wconf 83' lang='lat' dir='ltr'>Cui</span> <span class='ocrx_word' id='word_1_73' title='bbox 383 1133 483 1173; x_wconf 81' lang='lat' dir='ltr'>venit</span> <span class='ocrx_word' id='word_1_74' title='bbox 501 1134 665 1185; x_wconf 80' lang='lat' dir='ltr'>indignae</span> <span class='ocrx_word' id='word_1_75' title='bbox 675 1144 784 1185; x_wconf 86' lang='lat' dir='ltr'>poena</span> <span class='ocrx_word' id='word_1_76' title='bbox 804 1134 953 1174; x_wconf 76' lang='lat' dir='ltr'>dolenda</span> <span class='ocrx_word' id='word_1_77' title='bbox 970 1135 1083 1174; x_wconf 80' lang='lat' dir='ltr'>venit.</span> 
     </span>
     <span class='ocr_line' id='line_1_17' title="bbox 244 1185 766 1226; baseline -0.004 0"><span class='ocrx_word' id='word_1_78' title='bbox 244 1185 327 1226; x_wconf 80' lang='lat' dir='ltr'>Art.</span> <span class='ocrx_word' id='word_1_79' title='bbox 346 1188 435 1225; x_wconf 83' lang='lat' dir='ltr'>Am.</span> <span class='ocrx_word' id='word_1_80' title='bbox 457 1199 503 1224; x_wconf 89' lang='lat'>11.</span> <span class='ocrx_word' id='word_1_81' title='bbox 527 1199 582 1225; x_wconf 92' lang='lat'>11.</span> <span class='ocrx_word' id='word_1_82' title='bbox 604 1187 766 1224; x_wconf 78' lang='lat' dir='ltr'>exMSS.</span> 
     </span>
    </p>

    <p class='ocr_par' dir='ltr' id='par_1_12' title="bbox 245 1235 1113 1427">
     <span class='ocr_line' id='line_1_18' title="bbox 297 1235 1113 1287; baseline 0.001 -14"><span class='ocrx_word' id='word_1_83' title='bbox 297 1244 368 1274; x_wconf 82' lang='lat' dir='ltr'>Nec</span> <span class='ocrx_word' id='word_1_84' title='bbox 378 1237 469 1286; x_wconf 67' lang='lat' dir='ltr'>satis</span> <span class='ocrx_word' id='word_1_85' title='bbox 486 1237 530 1285; x_wconf 84' lang='lat' dir='ltr'>est</span> <span class='ocrx_word' id='word_1_86' title='bbox 549 1235 673 1286; x_wconf 71' lang='lat' dir='ltr'>veniffie</span> <span class='ocrx_word' id='word_1_87' title='bbox 692 1236 757 1274; x_wconf 84' lang='lat' dir='ltr'>tibi</span> <span class='ocrx_word' id='word_1_88' title='bbox 776 1250 831 1275; x_wconf 81' lang='lat' dir='ltr'>me</span> <span class='ocrx_word' id='word_1_89' title='bbox 851 1247 936 1274; x_wconf 81' lang='lat' dir='ltr'>vate</span> <span class='ocrx_word' id='word_1_90' title='bbox 943 1236 1113 1287; x_wconf 74' lang='lat' dir='ltr'>puellam.</span> 
     </span>
     <span class='ocr_line' id='line_1_19' title="bbox 245 1287 697 1337; baseline 0.002 -12"><span class='ocrx_word' id='word_1_91' title='bbox 245 1287 323 1325; x_wconf 88' lang='lat' dir='ltr'>Ubi</span> <span class='ocrx_word' id='word_1_92' title='bbox 344 1287 419 1325; x_wconf 83' lang='lat' dir='ltr'>vid.</span> <span class='ocrx_word' id='word_1_93' title='bbox 442 1288 511 1337; x_wconf 89' lang='lat' dir='ltr'>Ep.</span> <span class='ocrx_word' id='word_1_94' title='bbox 533 1300 586 1326; x_wconf 79' lang='lat' dir='ltr'>vr.</span> <span class='ocrx_word' id='word_1_95' title='bbox 614 1287 697 1326; x_wconf 89' lang='lat'>106.</span> 
     </span>
     <span class='ocr_line' id='line_1_20' title="bbox 249 1337 1025 1427; baseline 0.001 -52"><span class='ocrx_word' id='word_1_96' title='bbox 249 1388 277 1427; x_wconf 77' lang='lat' dir='ltr'>P</span> <span class='ocrx_word' id='word_1_97' title='bbox 297 1351 397 1359; x_wconf 89' lang='grc'>·-·</span> <span class='ocrx_word' id='word_1_98' title='bbox 425 1337 450 1375; x_wconf 71' lang='lat' dir='ltr'>a</span> <span class='ocrx_word' id='word_1_99' title='bbox 463 1338 572 1387; x_wconf 86' lang='lat' dir='ltr'>gelido</span> <span class='ocrx_word' id='word_1_100' title='bbox 590 1338 685 1388; x_wconf 79' lang='lat' dir='ltr'>queis</span> <span class='ocrx_word' id='word_1_101' title='bbox 703 1337 804 1376; x_wconf 81' lang='lat' dir='ltr'>venit</span> <span class='ocrx_word' id='word_1_102' title='bbox 821 1351 887 1376; x_wconf 89' lang='lat' dir='ltr'>axe</span> <span class='ocrx_word' id='word_1_103' title='bbox 904 1351 1025 1377; x_wconf 84' lang='lat' dir='ltr'>nurus.</span> 
     </span>
    </p>

    <p class='ocr_par' dir='ltr' id='par_1_13' title="bbox 280 1400 494 1438">
     <span class='ocr_line' id='line_1_21' title="bbox 280 1400 494 1438; baseline 0.005 -12"><span class='ocrx_word' id='word_1_104' title='bbox 280 1400 362 1438; x_wconf 90' lang='lat' dir='ltr'>rop.</span> <span class='ocrx_word' id='word_1_105' title='bbox 389 1401 494 1428; x_wconf 84' lang='lat' dir='ltr'>1.-1x.</span> 
     </span>
    </p>
   </div>
   <div class='ocr_carea' id='block_1_12' title="bbox 250 1439 1032 1540">
    <p class='ocr_par' dir='ltr' id='par_1_14' title="bbox 250 1439 1032 1540">
     <span class='ocr_line' id='line_1_22' title="bbox 300 1439 1032 1491; baseline 0.005 -16"><span class='ocrx_word' id='word_1_106' title='bbox 300 1439 469 1477; x_wconf 77' lang='lat' dir='ltr'>Dicebam</span> <span class='ocrx_word' id='word_1_107' title='bbox 487 1439 552 1477; x_wconf 84' lang='lat' dir='ltr'>tibi</span> <span class='ocrx_word' id='word_1_108' title='bbox 571 1450 737 1479; x_wconf 81' lang='lat' dir='ltr'>venturos</span> <span class='ocrx_word' id='word_1_109' title='bbox 753 1439 871 1491; x_wconf 77' lang='lat' dir='ltr'>irrifhr</span> <span class='ocrx_word' id='word_1_110' title='bbox 885 1453 1032 1479; x_wconf 79' lang='lat' dir='ltr'>amores.</span> 
     </span>
     <span class='ocr_line' id='line_1_23' title="bbox 250 1488 578 1540; baseline 0.003 -12"><span class='ocrx_word' id='word_1_111' title='bbox 250 1488 299 1528; x_wconf 88' lang='lat' dir='ltr'>Et</span> <span class='ocrx_word' id='word_1_112' title='bbox 322 1503 367 1527; x_wconf 86' lang='lat'>11.</span> <span class='ocrx_word' id='word_1_113' title='bbox 388 1491 491 1540; x_wconf 85' lang='lat' dir='ltr'>Eleg.</span> <span class='ocrx_word' id='word_1_114' title='bbox 514 1503 578 1529; x_wconf 89' lang='lat'>111.</span> 
     </span>
    </p>
   </div>
   <div class='ocr_carea' id='block_1_13' title="bbox 250 1540 1322 2556">
    <p class='ocr_par' dir='ltr' id='par_1_15' title="bbox 250 1540 1304 1681">
     <span class='ocr_line' id='line_1_24' title="bbox 301 1540 1304 1595; baseline 0.002 -16"><span class='ocrx_word' id='word_1_115' title='bbox 301 1541 367 1579; x_wconf 81' lang='lat' dir='ltr'>His</span> <span class='ocrx_word' id='word_1_116' title='bbox 377 1541 508 1591; x_wconf 87' lang='lat' dir='ltr'>saltem</span> <span class='ocrx_word' id='word_1_117' title='bbox 527 1552 567 1580; x_wconf 88' lang='lat' dir='ltr'>ut</span> <span class='ocrx_word' id='word_1_118' title='bbox 587 1552 703 1580; x_wconf 85' lang='lat' dir='ltr'>tenear</span> <span class='ocrx_word' id='word_1_119' title='bbox 707 1544 787 1593; x_wconf 91' lang='lat' dir='ltr'>jam</span> <span class='ocrx_word' id='word_1_120' title='bbox 799 1541 933 1590; x_wconf 82' lang='lat' dir='ltr'>finibus</span> <span class='ocrx_word' id='word_1_121' title='bbox 947 1572 957 1588; x_wconf 95' lang='lat'>,</span> <span class='ocrx_word' id='word_1_122' title='bbox 974 1552 1039 1580; x_wconf 87' lang='lat' dir='ltr'>aut</span> <span class='ocrx_word' id='word_1_123' title='bbox 1048 1542 1137 1581; x_wconf 79' lang='lat' dir='ltr'>mihi</span> <span class='ocrx_word' id='word_1_124' title='bbox 1147 1540 1184 1594; x_wconf 80' lang='lat' dir='ltr'>si</span> <span class='ocrx_word' id='word_1_125' title='bbox 1199 1542 1276 1595; x_wconf 79' lang='lat' dir='ltr'>quis</span> <span class='ocrx_word' id='word_1_126' title='bbox 1289 1569 1304 1589; x_wconf 90' lang='lat'><em>,</em></span> 
     </span>
     <span class='ocr_line' id='line_1_25' title="bbox 350 1593 1114 1640; baseline 0.004 -11"><span class='ocrx_word' id='word_1_127' title='bbox 350 1593 482 1629; x_wconf 87' lang='lat' dir='ltr'>Acrius</span> <span class='ocrx_word' id='word_1_128' title='bbox 499 1603 539 1630; x_wconf 89' lang='lat' dir='ltr'>ut</span> <span class='ocrx_word' id='word_1_129' title='bbox 556 1594 710 1640; x_wconf 85' lang='lat' dir='ltr'>moriar,</span> <span class='ocrx_word' id='word_1_130' title='bbox 738 1594 875 1631; x_wconf 80' lang='lat' dir='ltr'>venerit</span> <span class='ocrx_word' id='word_1_131' title='bbox 895 1593 986 1631; x_wconf 86' lang='lat' dir='ltr'>alter</span> <span class='ocrx_word' id='word_1_132' title='bbox 1002 1608 1114 1633; x_wconf 81' lang='lat' dir='ltr'>amor.</span> 
     </span>
     <span class='ocr_line' id='line_1_26' title="bbox 250 1640 605 1681; baseline 0 0"><span class='ocrx_word' id='word_1_133' title='bbox 250 1640 300 1681; x_wconf 87' lang='lat' dir='ltr'>Et</span> <span class='ocrx_word' id='word_1_134' title='bbox 319 1641 381 1679; x_wconf 85' lang='lat' dir='ltr'>lib.</span> <span class='ocrx_word' id='word_1_135' title='bbox 404 1656 432 1680; x_wconf 89' lang='lat'>1.</span> <span class='ocrx_word' id='word_1_136' title='bbox 454 1643 511 1680; x_wconf 84' lang='lat' dir='ltr'>El.</span> <span class='ocrx_word' id='word_1_137' title='bbox 528 1656 605 1681; x_wconf 86' lang='lat' dir='ltr'>v11.</span> 
     </span>
    </p>

    <p class='ocr_par' dir='ltr' id='par_1_16' title="bbox 303 1693 1083 1743">
     <span class='ocr_line' id='line_1_27' title="bbox 303 1693 1083 1743; baseline 0.006 -15"><span class='ocrx_word' id='word_1_138' title='bbox 303 1697 402 1742; x_wconf 85' lang='lat' dir='ltr'>Saepe</span> <span class='ocrx_word' id='word_1_139' title='bbox 420 1693 519 1729; x_wconf 84' lang='lat' dir='ltr'>venit</span> <span class='ocrx_word' id='word_1_140' title='bbox 538 1707 662 1743; x_wconf 85' lang='lat' dir='ltr'>magno</span> <span class='ocrx_word' id='word_1_141' title='bbox 674 1695 812 1742; x_wconf 81' lang='lat' dir='ltr'>fhenore</span> <span class='ocrx_word' id='word_1_142' title='bbox 831 1693 957 1731; x_wconf 85' lang='lat' dir='ltr'>tardus</span> <span class='ocrx_word' id='word_1_143' title='bbox 972 1707 1083 1734; x_wconf 86' lang='lat' dir='ltr'>amor.</span> 
     </span>
    </p>

    <p class='ocr_par' dir='ltr' id='par_1_17' title="bbox 251 1743 1309 1999">
     <span class='ocr_line' id='line_1_28' title="bbox 251 1743 1304 1794; baseline 0.003 -13"><span class='ocrx_word' id='word_1_144' title='bbox 251 1755 289 1781; x_wconf 81' lang='lat' dir='ltr'>v.</span> <span class='ocrx_word' id='word_1_145' title='bbox 314 1743 388 1782; x_wconf 84' lang='lat' dir='ltr'>Inf.</span> <span class='ocrx_word' id='word_1_146' title='bbox 403 1756 440 1782; x_wconf 81' lang='lat' dir='ltr'>v.</span> <span class='ocrx_word' id='word_1_147' title='bbox 466 1757 548 1793; x_wconf 84' lang='lat'>115.</span> <span class='ocrx_word' id='word_1_148' title='bbox 568 1746 607 1782; x_wconf 90' lang='lat'>&amp;</span> <span class='ocrx_word' id='word_1_149' title='bbox 627 1745 697 1794; x_wconf 86' lang='lat' dir='ltr'>Ep.</span> <span class='ocrx_word' id='word_1_150' title='bbox 716 1745 797 1783; x_wconf 86' lang='lat' dir='ltr'>v.8.</span> <span class='ocrx_word' id='word_1_151' title='bbox 825 1746 917 1783; x_wconf 88' lang='lat' dir='ltr'>haec</span> <span class='ocrx_word' id='word_1_152' title='bbox 938 1746 1124 1784; x_wconf 83' lang='lat' dir='ltr'>Heinsius.</span> <span class='ocrx_word' id='word_1_153' title='bbox 1146 1747 1185 1784; x_wconf 88' lang='lat'>&amp;</span> <span class='ocrx_word' id='word_1_154' title='bbox 1206 1753 1304 1784; x_wconf 87' lang='lat' dir='ltr'>certe</span> 
     </span>
     <span class='ocr_line' id='line_1_29' title="bbox 252 1794 1305 1843; baseline 0 -11"><span class='ocrx_word' id='word_1_155' title='bbox 252 1794 367 1838; x_wconf 84' lang='lat' dir='ltr'>illud,</span> <span class='ocrx_word' id='word_1_156' title='bbox 395 1794 501 1843; x_wconf 90' lang='lat' dir='ltr'>quod</span> <span class='ocrx_word' id='word_1_157' title='bbox 525 1794 693 1838; x_wconf 79' lang='lat' dir='ltr'>additur,</span> <span class='ocrx_word' id='word_1_158' title='bbox 714 1796 812 1843; x_wconf 85' lang='lat' dir='ltr'>pejus</span> <span class='ocrx_word' id='word_1_159' title='bbox 838 1805 961 1840; x_wconf 87' lang='lat' dir='ltr'>amat,</span> <span class='ocrx_word' id='word_1_160' title='bbox 987 1797 1083 1834; x_wconf 90' lang='lat' dir='ltr'>hanc</span> <span class='ocrx_word' id='word_1_161' title='bbox 1100 1797 1305 1834; x_wconf 69' lang='lat' dir='ltr'>lec‘tionem</span> 
     </span>
     <span class='ocr_line' id='line_1_30' title="bbox 254 1844 1309 1893; baseline 0 -11"><span class='ocrx_word' id='word_1_162' title='bbox 254 1844 408 1893; x_wconf 78' lang='lat' dir='ltr'>requirit</span> <span class='ocrx_word' id='word_1_163' title='bbox 422 1872 433 1889; x_wconf 91' lang='lat'>‚</span> <span class='ocrx_word' id='word_1_164' title='bbox 459 1856 538 1882; x_wconf 93' lang='lat' dir='ltr'>non</span> <span class='ocrx_word' id='word_1_165' title='bbox 567 1845 668 1888; x_wconf 83' lang='lat' dir='ltr'>enim</span> <span class='ocrx_word' id='word_1_166' title='bbox 688 1858 746 1881; x_wconf 87' lang='lat' dir='ltr'>ars</span> <span class='ocrx_word' id='word_1_167' title='bbox 764 1853 864 1882; x_wconf 85' lang='lat' dir='ltr'>amat</span> <span class='ocrx_word' id='word_1_168' title='bbox 878 1873 888 1890; x_wconf 95' lang='lat'><strong>,</strong></span> <span class='ocrx_word' id='word_1_169' title='bbox 916 1845 976 1883; x_wconf 88' lang='lat' dir='ltr'>sed</span> <span class='ocrx_word' id='word_1_170' title='bbox 995 1846 1076 1891; x_wconf 86' lang='lat' dir='ltr'>illa,</span> <span class='ocrx_word' id='word_1_171' title='bbox 1105 1847 1165 1884; x_wconf 85' lang='lat' dir='ltr'>cui</span> <span class='ocrx_word' id='word_1_172' title='bbox 1182 1858 1236 1884; x_wconf 85' lang='lat' dir='ltr'>ars</span> <span class='ocrx_word' id='word_1_173' title='bbox 1254 1845 1309 1882; x_wconf 88' lang='lat' dir='ltr'>se-</span> 
     </span>
     <span class='ocr_line' id='line_1_31' title="bbox 252 1895 1308 1946; baseline 0 -13"><span class='ocrx_word' id='word_1_174' title='bbox 252 1895 328 1934; x_wconf 83' lang='lat' dir='ltr'>rius</span> <span class='ocrx_word' id='word_1_175' title='bbox 358 1895 473 1933; x_wconf 89' lang='lat' dir='ltr'>venit.</span> <span class='ocrx_word' id='word_1_176' title='bbox 501 1895 539 1933; x_wconf 90' lang='lat' dir='ltr'>in</span> <span class='ocrx_word' id='word_1_177' title='bbox 570 1895 743 1933; x_wconf 78' lang='lat' dir='ltr'>Francof.</span> <span class='ocrx_word' id='word_1_178' title='bbox 761 1905 837 1933; x_wconf 79' lang='lat' dir='ltr'>erat</span> <span class='ocrx_word' id='word_1_179' title='bbox 862 1895 954 1946; x_wconf 76' lang='lat' dir='ltr'>quod</span> <span class='ocrx_word' id='word_1_180' title='bbox 975 1897 1099 1943; x_wconf 82' lang='lat' dir='ltr'>venit,</span> <span class='ocrx_word' id='word_1_181' title='bbox 1124 1897 1221 1935; x_wconf 89' lang='lat' dir='ltr'>forte</span> <span class='ocrx_word' id='word_1_182' title='bbox 1239 1907 1308 1946; x_wconf 89' lang='lat' dir='ltr'>pro</span> 
     </span>
     <span class='ocr_line' id='line_1_32' title="bbox 255 1945 1058 1999; baseline 0.002 -16"><span class='ocrx_word' id='word_1_183' title='bbox 255 1945 336 1999; x_wconf 76' lang='lat' dir='ltr'>quoi</span> <span class='ocrx_word' id='word_1_184' title='bbox 349 1973 360 1991; x_wconf 91' lang='lat'><strong>,</strong></span> <span class='ocrx_word' id='word_1_185' title='bbox 380 1954 421 1984; x_wconf 92' lang='lat' dir='ltr'>ut</span> <span class='ocrx_word' id='word_1_186' title='bbox 442 1946 534 1984; x_wconf 87' lang='lat' dir='ltr'>olim</span> <span class='ocrx_word' id='word_1_187' title='bbox 554 1946 767 1985; x_wconf 79' lang='lat' dir='ltr'>scribebant.</span> <span class='ocrx_word' id='word_1_188' title='bbox 791 1946 1058 1985; x_wconf 76' lang='lat' dir='ltr'>BURMANNUS.</span> 
     </span>
    </p>

    <p class='ocr_par' dir='ltr' id='par_1_18' title="bbox 257 1997 1311 2149">
     <span class='ocr_line' id='line_1_33' title="bbox 308 1997 1311 2048; baseline 0.002 -14"><span class='ocrx_word' id='word_1_189' title='bbox 308 2008 371 2042; x_wconf 87' lang='lat'>27.</span> <span class='ocrx_word' id='word_1_190' title='bbox 405 2002 531 2047; x_wconf 88' lang='lat' dir='ltr'>Carpes</span> <span class='ocrx_word' id='word_1_191' title='bbox 560 1997 733 2035; x_wconf 84' lang='lat' dir='ltr'>libamina</span> <span class='ocrx_word' id='word_1_192' title='bbox 748 1998 933 2048; x_wconf 86' lang='lat' dir='ltr'>fhrmae.]</span> <span class='ocrx_word' id='word_1_193' title='bbox 973 2004 1118 2048; x_wconf 86' lang='lat' dir='ltr'>Carpere</span> <span class='ocrx_word' id='word_1_194' title='bbox 1143 1997 1311 2047; x_wconf 85' lang='lat' dir='ltr'>sequenti</span> 
     </span>
     <span class='ocr_line' id='line_1_34' title="bbox 257 2047 1309 2098; baseline 0 -12"><span class='ocrx_word' id='word_1_195' title='bbox 257 2047 365 2086; x_wconf 76' lang='lat' dir='ltr'>versu</span> <span class='ocrx_word' id='word_1_196' title='bbox 392 2047 520 2086; x_wconf 91' lang='lat' dir='ltr'>denuo</span> <span class='ocrx_word' id='word_1_197' title='bbox 546 2048 668 2087; x_wconf 90' lang='lat' dir='ltr'>habes.</span> <span class='ocrx_word' id='word_1_198' title='bbox 714 2060 826 2098; x_wconf 89' lang='lat' dir='ltr'>quare</span> <span class='ocrx_word' id='word_1_199' title='bbox 864 2049 1099 2098; x_wconf 86' lang='lat' dir='ltr'>praetulerim</span> <span class='ocrx_word' id='word_1_200' title='bbox 1137 2047 1243 2098; x_wconf 87' lang='lat' dir='ltr'>quod</span> <span class='ocrx_word' id='word_1_201' title='bbox 1269 2049 1309 2086; x_wconf 85' lang='lat' dir='ltr'>in</span> 
     </span>
     <span class='ocr_line' id='line_1_35' title="bbox 259 2097 1311 2149; baseline -0.002 -11"><span class='ocrx_word' id='word_1_202' title='bbox 259 2098 448 2138; x_wconf 79' lang='lat' dir='ltr'>nonnullis</span> <span class='ocrx_word' id='word_1_203' title='bbox 463 2127 473 2143; x_wconf 94' lang='lat'>‚</span> <span class='ocrx_word' id='word_1_204' title='bbox 502 2099 618 2149; x_wconf 86' lang='lat' dir='ltr'>capies.</span> <span class='ocrx_word' id='word_1_205' title='bbox 645 2098 713 2137; x_wconf 88' lang='lat' dir='ltr'>nifi</span> <span class='ocrx_word' id='word_1_206' title='bbox 730 2099 839 2149; x_wconf 85' lang='lat' dir='ltr'>rapies</span> <span class='ocrx_word' id='word_1_207' title='bbox 857 2097 1003 2138; x_wconf 82' lang='lat' dir='ltr'>fort-affe</span> <span class='ocrx_word' id='word_1_208' title='bbox 1023 2100 1140 2138; x_wconf 88' lang='lat' dir='ltr'>malis.</span> <span class='ocrx_word' id='word_1_209' title='bbox 1164 2100 1311 2137; x_wconf 65' lang='lat' dir='ltr'>Hizms.</span> 
     </span>
    </p>

    <p class='ocr_par' dir='ltr' id='par_1_19' title="bbox 262 2149 1322 2556">
     <span class='ocr_line' id='line_1_36' title="bbox 314 2149 1312 2200; baseline 0 -14"><span class='ocrx_word' id='word_1_210' title='bbox 314 2149 483 2200; x_wconf 59' lang='lat' dir='ltr'>Famae]</span> <span class='ocrx_word' id='word_1_211' title='bbox 506 2150 622 2188; x_wconf 89' lang='lat' dir='ltr'>Vetus</span> <span class='ocrx_word' id='word_1_212' title='bbox 644 2150 759 2188; x_wconf 90' lang='lat' dir='ltr'>editio</span> <span class='ocrx_word' id='word_1_213' title='bbox 771 2178 782 2195; x_wconf 90' lang='lat'>‚</span> <span class='ocrx_word' id='word_1_214' title='bbox 800 2162 872 2200; x_wconf 87' lang='lat' dir='ltr'>qua</span> <span class='ocrx_word' id='word_1_215' title='bbox 888 2151 970 2188; x_wconf 88' lang='lat' dir='ltr'>usus</span> <span class='ocrx_word' id='word_1_216' title='bbox 991 2151 1169 2189; x_wconf 79' lang='lat' dir='ltr'>Gruterus</span> <span class='ocrx_word' id='word_1_217' title='bbox 1181 2178 1190 2194; x_wconf 93' lang='lat'>‚</span> <span class='ocrx_word' id='word_1_218' title='bbox 1199 2149 1312 2200; x_wconf 86' lang='lat' dir='ltr'>flam-</span> 
     </span>
     <span class='ocr_line' id='line_1_37' title="bbox 262 2200 1315 2251; baseline 0.001 -13"><span class='ocrx_word' id='word_1_219' title='bbox 262 2213 352 2239; x_wconf 85' lang='lat' dir='ltr'>mae.</span> <span class='ocrx_word' id='word_1_220' title='bbox 378 2200 439 2238; x_wconf 89' lang='lat' dir='ltr'>sed</span> <span class='ocrx_word' id='word_1_221' title='bbox 458 2202 584 2248; x_wconf 88' lang='lat' dir='ltr'>famae</span> <span class='ocrx_word' id='word_1_222' title='bbox 614 2200 764 2250; x_wconf 84' lang='lat' dir='ltr'>praestat</span> <span class='ocrx_word' id='word_1_223' title='bbox 786 2214 794 2239; x_wconf 93' lang='lat'><strong>:</strong></span> <span class='ocrx_word' id='word_1_224' title='bbox 822 2202 872 2239; x_wconf 89' lang='lat' dir='ltr'>ita</span> <span class='ocrx_word' id='word_1_225' title='bbox 886 2201 1022 2251; x_wconf 83' lang='lat' dir='ltr'>perdere</span> <span class='ocrx_word' id='word_1_226' title='bbox 1032 2203 1178 2248; x_wconf 84' lang='lat' dir='ltr'>famam</span> <span class='ocrx_word' id='word_1_227' title='bbox 1202 2200 1315 2250; x_wconf 86' lang='lat' dir='ltr'>Epist.</span> 
     </span>
     <span class='ocr_line' id='line_1_38' title="bbox 263 2251 1314 2302; baseline 0 -12"><span class='ocrx_word' id='word_1_228' title='bbox 263 2263 301 2290; x_wconf 84' lang='lat' dir='ltr'>v.</span> <span class='ocrx_word' id='word_1_229' title='bbox 323 2252 358 2290; x_wconf 92' lang='lat'>6.</span> <span class='ocrx_word' id='word_1_230' title='bbox 379 2252 486 2290; x_wconf 87' lang='lat' dir='ltr'>multi</span> <span class='ocrx_word' id='word_1_231' title='bbox 506 2251 652 2290; x_wconf 81' lang='lat' dir='ltr'>codices</span> <span class='ocrx_word' id='word_1_232' title='bbox 667 2252 728 2290; x_wconf 90' lang='lat' dir='ltr'>hic</span> <span class='ocrx_word' id='word_1_233' title='bbox 748 2264 902 2302; x_wconf 88' lang='lat' dir='ltr'>quoque</span> <span class='ocrx_word' id='word_1_234' title='bbox 916 2280 928 2297; x_wconf 91' lang='lat'>,</span> <span class='ocrx_word' id='word_1_235' title='bbox 951 2253 1107 2290; x_wconf 81' lang='lat' dir='ltr'>solemni</span> <span class='ocrx_word' id='word_1_236' title='bbox 1127 2260 1314 2301; x_wconf 82' lang='lat' dir='ltr'>permuta-</span> 
     </span>
     <span class='ocr_line' id='line_1_39' title="bbox 263 2302 1316 2352; baseline 0.001 -11"><span class='ocrx_word' id='word_1_237' title='bbox 263 2302 390 2347; x_wconf 85' lang='lat' dir='ltr'>tione,</span> <span class='ocrx_word' id='word_1_238' title='bbox 410 2304 548 2350; x_wconf 85' lang='lat' dir='ltr'>formae</span> <span class='ocrx_word' id='word_1_239' title='bbox 567 2303 714 2340; x_wconf 86' lang='lat' dir='ltr'>habent.</span> <span class='ocrx_word' id='word_1_240' title='bbox 742 2303 803 2341; x_wconf 91' lang='lat' dir='ltr'>sed</span> <span class='ocrx_word' id='word_1_241' title='bbox 821 2304 961 2341; x_wconf 80' lang='lat' dir='ltr'>famam</span> <span class='ocrx_word' id='word_1_242' title='bbox 978 2303 1152 2341; x_wconf 80' lang='lat' dir='ltr'>illibatam</span> <span class='ocrx_word' id='word_1_243' title='bbox 1170 2303 1316 2352; x_wconf 86' lang='lat' dir='ltr'>pudici-</span> 
     </span>
     <span class='ocr_line' id='line_1_40' title="bbox 266 2352 1317 2404; baseline 0.001 -12"><span class='ocrx_word' id='word_1_244' title='bbox 266 2354 340 2392; x_wconf 88' lang='lat' dir='ltr'>tiae</span> <span class='ocrx_word' id='word_1_245' title='bbox 360 2353 395 2391; x_wconf 88' lang='lat' dir='ltr'>se</span> <span class='ocrx_word' id='word_1_246' title='bbox 416 2354 491 2392; x_wconf 87' lang='lat' dir='ltr'>huc</span> <span class='ocrx_word' id='word_1_247' title='bbox 509 2354 623 2404; x_wconf 88' lang='lat' dir='ltr'>usque</span> <span class='ocrx_word' id='word_1_248' title='bbox 641 2352 791 2391; x_wconf 80' lang='lat' dir='ltr'>servasse</span> <span class='ocrx_word' id='word_1_249' title='bbox 814 2382 824 2398; x_wconf 93' lang='lat'>‚</span> <span class='ocrx_word' id='word_1_250' title='bbox 864 2355 902 2391; x_wconf 72' lang='grc' dir='ltr'>δε</span> <span class='ocrx_word' id='word_1_251' title='bbox 925 2355 963 2392; x_wconf 90' lang='lat' dir='ltr'>in</span> <span class='ocrx_word' id='word_1_252' title='bbox 987 2355 1092 2392; x_wconf 89' lang='lat' dir='ltr'>unius</span> <span class='ocrx_word' id='word_1_253' title='bbox 1114 2355 1317 2404; x_wconf 88' lang='lat' dir='ltr'>Hippolyti</span> 
     </span>
     <span class='ocr_line' id='line_1_41' title="bbox 265 2404 1318 2454; baseline 0 -12"><span class='ocrx_word' id='word_1_254' title='bbox 265 2405 421 2454; x_wconf 81' lang='lat' dir='ltr'>gratiam</span> <span class='ocrx_word' id='word_1_255' title='bbox 440 2405 476 2443; x_wconf 88' lang='lat' dir='ltr'>se</span> <span class='ocrx_word' id='word_1_256' title='bbox 496 2413 731 2454; x_wconf 78' lang='lat' dir='ltr'>peccaturam</span> <span class='ocrx_word' id='word_1_257' title='bbox 745 2404 915 2442; x_wconf 79' lang='lat' dir='ltr'>ostendit.</span> <span class='ocrx_word' id='word_1_258' title='bbox 928 2417 994 2454; x_wconf 89' lang='lat' dir='ltr'>pro</span> <span class='ocrx_word' id='word_1_259' title='bbox 1007 2405 1163 2454; x_wconf 84' lang='lat' dir='ltr'>deligere,</span> <span class='ocrx_word' id='word_1_260' title='bbox 1174 2404 1318 2454; x_wconf 83' lang='lat' dir='ltr'>difficere</span> 
     </span>
     <span class='ocr_line' id='line_1_42' title="bbox 268 2455 1320 2506; baseline 0.002 -14"><span class='ocrx_word' id='word_1_261' title='bbox 268 2458 309 2493; x_wconf 89' lang='lat' dir='ltr'>in</span> <span class='ocrx_word' id='word_1_262' title='bbox 324 2456 475 2505; x_wconf 86' lang='lat' dir='ltr'>antiqua</span> <span class='ocrx_word' id='word_1_263' title='bbox 495 2455 661 2495; x_wconf 86' lang='lat' dir='ltr'>editione</span> <span class='ocrx_word' id='word_1_264' title='bbox 681 2457 825 2494; x_wconf 78' lang='lat' dir='ltr'>invenit</span> <span class='ocrx_word' id='word_1_265' title='bbox 846 2456 1320 2506; x_wconf 81' lang='lat' dir='ltr'>Heinsius.scriptiplurimi</span> 
     </span>
     <span class='ocr_line' id='line_1_43' title="bbox 269 2506 1322 2556; baseline 0.003 -13"><span class='ocrx_word' id='word_1_266' title='bbox 269 2506 420 2554; x_wconf 81' lang='lat' dir='ltr'>diligere.</span> <span class='ocrx_word' id='word_1_267' title='bbox 444 2506 657 2552; x_wconf 86' lang='lat' dir='ltr'>Leidenfis,</span> <span class='ocrx_word' id='word_1_268' title='bbox 679 2507 718 2545; x_wconf 63' lang='grc' dir='ltr'>ὃς</span> <span class='ocrx_word' id='word_1_269' title='bbox 736 2507 797 2544; x_wconf 84' lang='lat' dir='ltr'>alii</span> <span class='ocrx_word' id='word_1_270' title='bbox 818 2507 990 2545; x_wconf 88' lang='lat' dir='ltr'>nonnulli</span> <span class='ocrx_word' id='word_1_271' title='bbox 1007 2507 1322 2556; x_wconf 81' lang='lat' dir='ltr'>colligere‚omnes</span> 
     </span>
    </p>
   </div>
   <div class='ocr_carea' id='block_1_14' title="bbox 271 2555 1321 2658">
    <p class='ocr_par' dir='ltr' id='par_1_20' title="bbox 271 2555 1321 2658">
     <span class='ocr_line' id='line_1_44' title="bbox 271 2555 1321 2609; baseline 0.002 -14"><span class='ocrx_word' id='word_1_272' title='bbox 271 2557 408 2595; x_wconf 79' lang='lat' dir='ltr'>frustra.</span> <span class='ocrx_word' id='word_1_273' title='bbox 429 2569 464 2595; x_wconf 88' lang='lat' dir='ltr'>v.</span> <span class='ocrx_word' id='word_1_274' title='bbox 484 2555 650 2596; x_wconf 84' lang='lat' dir='ltr'>Paffcrat.</span> <span class='ocrx_word' id='word_1_275' title='bbox 666 2557 713 2596; x_wconf 87' lang='lat' dir='ltr'>ad</span> <span class='ocrx_word' id='word_1_276' title='bbox 727 2557 893 2607; x_wconf 85' lang='lat' dir='ltr'>Propert.</span> <span class='ocrx_word' id='word_1_277' title='bbox 917 2558 978 2596; x_wconf 89' lang='lat' dir='ltr'>lib.</span> <span class='ocrx_word' id='word_1_278' title='bbox 1006 2571 1054 2597; x_wconf 84' lang='lat'>11.</span> <span class='ocrx_word' id='word_1_279' title='bbox 1081 2559 1185 2609; x_wconf 80' lang='lat' dir='ltr'>Eleg.</span> <span class='ocrx_word' id='word_1_280' title='bbox 1205 2570 1264 2609; x_wconf 85' lang='lat'>32.</span> <span class='ocrx_word' id='word_1_281' title='bbox 1285 2572 1321 2609; x_wconf 89' lang='lat' dir='ltr'>p.</span> 
     </span>
     <span class='ocr_line' id='line_1_45' title="bbox 275 2607 655 2658; baseline 0.008 -15"><span class='ocrx_word' id='word_1_282' title='bbox 275 2607 359 2658; x_wconf 74' lang='lat'>386.</span> <span class='ocrx_word' id='word_1_283' title='bbox 388 2608 655 2646; x_wconf 72' lang='lat' dir='ltr'>BURMANNUS.</span> 
     </span>
    </p>
   </div>
   <div class='ocr_carea' id='block_1_15' title="bbox 273 2658 1335 3165">
    <p class='ocr_par' dir='ltr' id='par_1_21' title="bbox 273 2658 1335 3154">
     <span class='ocr_line' id='line_1_46' title="bbox 330 2658 1324 2710; baseline 0.004 -16"><span class='ocrx_word' id='word_1_284' title='bbox 330 2669 387 2706; x_wconf 86' lang='lat'>31.</span> <span class='ocrx_word' id='word_1_285' title='bbox 415 2660 468 2695; x_wconf 81' lang='lat' dir='ltr'>Sic</span> <span class='ocrx_word' id='word_1_286' title='bbox 497 2670 618 2696; x_wconf 85' lang='lat' dir='ltr'>tamen</span> <span class='ocrx_word' id='word_1_287' title='bbox 643 2658 702 2696; x_wconf 86' lang='lat' dir='ltr'>ille</span> <span class='ocrx_word' id='word_1_288' title='bbox 719 2658 863 2710; x_wconf 90' lang='lat' dir='ltr'>prior.]</span> <span class='ocrx_word' id='word_1_289' title='bbox 892 2660 1012 2700; x_wconf 88' lang='lat' dir='ltr'>Vetus</span> <span class='ocrx_word' id='word_1_290' title='bbox 1035 2660 1148 2700; x_wconf 69' lang='lat' dir='ltr'>leffio</span> <span class='ocrx_word' id='word_1_291' title='bbox 1178 2659 1324 2700; x_wconf 85' lang='lat' dir='ltr'>fortasse</span> 
     </span>
     <span class='ocr_line' id='line_1_47' title="bbox 277 2707 1328 2762; baseline 0.001 -15"><span class='ocrx_word' id='word_1_292' title='bbox 277 2709 412 2747; x_wconf 83' lang='lat' dir='ltr'>melior</span> <span class='ocrx_word' id='word_1_293' title='bbox 426 2738 436 2754; x_wconf 92' lang='lat'>‚</span> <span class='ocrx_word' id='word_1_294' title='bbox 448 2707 481 2758; x_wconf 82' lang='lat' dir='ltr'><em>fi</em></span> <span class='ocrx_word' id='word_1_295' title='bbox 496 2721 615 2747; x_wconf 82' lang='lat' dir='ltr'>tamen</span> <span class='ocrx_word' id='word_1_296' title='bbox 634 2710 692 2747; x_wconf 89' lang='lat' dir='ltr'>ille</span> <span class='ocrx_word' id='word_1_297' title='bbox 702 2710 808 2760; x_wconf 84' lang='lat' dir='ltr'>prior.</span> <span class='ocrx_word' id='word_1_298' title='bbox 834 2712 995 2762; x_wconf 89' lang='lat' dir='ltr'>sequitur</span> <span class='ocrx_word' id='word_1_299' title='bbox 1017 2714 1118 2751; x_wconf 88' lang='lat' dir='ltr'>enim</span> <span class='ocrx_word' id='word_1_300' title='bbox 1134 2726 1142 2750; x_wconf 94' lang='lat'>:</span> <span class='ocrx_word' id='word_1_301' title='bbox 1173 2718 1229 2750; x_wconf 87' lang='lat' dir='ltr'>At</span> <span class='ocrx_word' id='word_1_302' title='bbox 1245 2711 1328 2749; x_wconf 84' lang='lat' dir='ltr'>bene</span> 
     </span>
     <span class='ocr_line' id='line_1_48' title="bbox 273 2758 1328 2813; baseline 0.006 -18"><span class='ocrx_word' id='word_1_303' title='bbox 273 2758 423 2810; x_wconf 78' lang='lat' dir='ltr'>succeffit</span> <span class='ocrx_word' id='word_1_304' title='bbox 445 2788 454 2804; x_wconf 88' lang='lat'>‚</span> <span class='ocrx_word' id='word_1_305' title='bbox 490 2761 590 2809; x_wconf 80' lang='lat' dir='ltr'>digno</span> <span class='ocrx_word' id='word_1_306' title='bbox 618 2762 708 2810; x_wconf 82' lang='lat' dir='ltr'>quod</span> <span class='ocrx_word' id='word_1_307' title='bbox 732 2762 920 2801; x_wconf 82' lang='lat' dir='ltr'>adurimur</span> <span class='ocrx_word' id='word_1_308' title='bbox 947 2764 1030 2813; x_wconf 83' lang='lat' dir='ltr'>igni.</span> <span class='ocrx_word' id='word_1_309' title='bbox 1067 2766 1328 2802; x_wconf 50' lang='lat' dir='ltr'>Naueemus.</span> 
     </span>
     <span class='ocr_line' id='line_1_49' title="bbox 280 2810 1329 2865; baseline 0.007 -19"><span class='ocrx_word' id='word_1_310' title='bbox 280 2810 334 2847; x_wconf 86' lang='lat' dir='ltr'>Sic</span> <span class='ocrx_word' id='word_1_311' title='bbox 357 2820 476 2847; x_wconf 83' lang='lat' dir='ltr'>tamen</span> <span class='ocrx_word' id='word_1_312' title='bbox 502 2812 656 2851; x_wconf 79' lang='lat' dir='ltr'>Putcani</span> <span class='ocrx_word' id='word_1_313' title='bbox 687 2812 777 2851; x_wconf 90' lang='lat' dir='ltr'>liber</span> <span class='ocrx_word' id='word_1_314' title='bbox 807 2826 894 2852; x_wconf 82' lang='lat' dir='ltr'>curn</span> <span class='ocrx_word' id='word_1_315' title='bbox 914 2815 1092 2865; x_wconf 85' lang='lat' dir='ltr'>plerisque</span> <span class='ocrx_word' id='word_1_316' title='bbox 1115 2816 1204 2853; x_wconf 80' lang='lat' dir='ltr'>aliis.</span> <span class='ocrx_word' id='word_1_317' title='bbox 1255 2814 1329 2854; x_wconf 80' lang='lat' dir='ltr'>Sed</span> 
     </span>
     <span class='ocr_line' id='line_1_50' title="bbox 283 2861 1330 2917; baseline 0.007 -19"><span class='ocrx_word' id='word_1_318' title='bbox 283 2872 414 2898; x_wconf 88' lang='lat' dir='ltr'>verum</span> <span class='ocrx_word' id='word_1_319' title='bbox 436 2861 484 2898; x_wconf 87' lang='lat' dir='ltr'>cst</span> <span class='ocrx_word' id='word_1_320' title='bbox 499 2890 509 2906; x_wconf 91' lang='lat'>,</span> <span class='ocrx_word' id='word_1_321' title='bbox 530 2863 633 2911; x_wconf 89' lang='lat' dir='ltr'>quod</span> <span class='ocrx_word' id='word_1_322' title='bbox 651 2876 695 2900; x_wconf 82' lang='lat' dir='ltr'>ex</span> <span class='ocrx_word' id='word_1_323' title='bbox 714 2863 781 2901; x_wconf 89' lang='lat' dir='ltr'>suis</span> <span class='ocrx_word' id='word_1_324' title='bbox 800 2867 941 2914; x_wconf 84' lang='lat' dir='ltr'>profert</span> <span class='ocrx_word' id='word_1_325' title='bbox 959 2867 1164 2916; x_wconf 85' lang='lat' dir='ltr'>Naugerius</span> <span class='ocrx_word' id='word_1_326' title='bbox 1176 2895 1186 2911; x_wconf 91' lang='lat'>‚</span> <span class='ocrx_word' id='word_1_327' title='bbox 1208 2866 1330 2917; x_wconf 84' lang='lat' dir='ltr'>quod-</span> 
     </span>
     <span class='ocr_line' id='line_1_51' title="bbox 283 2914 1333 2963; baseline 0.007 -15"><span class='ocrx_word' id='word_1_328' title='bbox 283 2923 357 2961; x_wconf 78' lang='lat' dir='ltr'>que</span> <span class='ocrx_word' id='word_1_329' title='bbox 379 2924 450 2960; x_wconf 83' lang='lat' dir='ltr'>ego</span> <span class='ocrx_word' id='word_1_330' title='bbox 473 2914 510 2949; x_wconf 88' lang='lat' dir='ltr'>in</span> <span class='ocrx_word' id='word_1_331' title='bbox 533 2925 610 2950; x_wconf 87' lang='lat' dir='ltr'>uno</span> <span class='ocrx_word' id='word_1_332' title='bbox 628 2915 818 2963; x_wconf 81' lang='lat' dir='ltr'>alteroque</span> <span class='ocrx_word' id='word_1_333' title='bbox 838 2916 1002 2962; x_wconf 80' lang='lat' dir='ltr'>offendi,</span> <span class='ocrx_word' id='word_1_334' title='bbox 1023 2919 1057 2954; x_wconf 88' lang='lat' dir='ltr'>Si</span> <span class='ocrx_word' id='word_1_335' title='bbox 1079 2928 1210 2955; x_wconf 80' lang='lat' dir='ltr'>tamen.</span> <span class='ocrx_word' id='word_1_336' title='bbox 1238 2917 1333 2955; x_wconf 87' lang='lat' dir='ltr'>Vul-</span> 
     </span>
     <span class='ocr_line' id='line_1_52' title="bbox 285 2963 1334 3019; baseline 0.008 -20"><span class='ocrx_word' id='word_1_337' title='bbox 285 2964 383 3019; x_wconf 77' lang='lat' dir='ltr'>gati,</span> <span class='ocrx_word' id='word_1_338' title='bbox 411 2963 475 3018; x_wconf 72' lang='lat' dir='ltr'>secl</span> <span class='ocrx_word' id='word_1_339' title='bbox 503 2973 631 3001; x_wconf 77' lang='lat' dir='ltr'>tamen.</span> <span class='ocrx_word' id='word_1_340' title='bbox 661 2965 836 3015; x_wconf 83' lang='lat' dir='ltr'>Sequenti</span> <span class='ocrx_word' id='word_1_341' title='bbox 864 2968 968 3006; x_wconf 85' lang='lat' dir='ltr'>versu</span> <span class='ocrx_word' id='word_1_342' title='bbox 998 2968 1098 3006; x_wconf 88' lang='lat' dir='ltr'>idem</span> <span class='ocrx_word' id='word_1_343' title='bbox 1126 2970 1334 3007; x_wconf 85' lang='lat' dir='ltr'>Puteaneus</span> 
     </span>
     <span class='ocr_line' id='line_1_53' title="bbox 285 3016 1335 3070; baseline 0.008 -21"><span class='ocrx_word' id='word_1_344' title='bbox 285 3026 358 3060; x_wconf 69' lang='lat' dir='ltr'>zgm</span> <span class='ocrx_word' id='word_1_345' title='bbox 377 3025 443 3062; x_wconf 87' lang='lat' dir='ltr'>pro</span> <span class='ocrx_word' id='word_1_346' title='bbox 456 3027 537 3070; x_wconf 25' lang='lat' dir='ltr'>‘tgne</span> <span class='ocrx_word' id='word_1_347' title='bbox 555 3016 736 3062; x_wconf 68' lang='grc' dir='ltr'>ἀρχαϊκῶς</span> <span class='ocrx_word' id='word_1_348' title='bbox 751 3045 762 3062; x_wconf 86' lang='grc'>,</span> <span class='ocrx_word' id='word_1_349' title='bbox 789 3026 829 3055; x_wconf 86' lang='lat' dir='ltr'>ut</span> <span class='ocrx_word' id='word_1_350' title='bbox 849 3017 954 3066; x_wconf 78' lang='lat' dir='ltr'>saepe</span> <span class='ocrx_word' id='word_1_351' title='bbox 976 3019 1072 3056; x_wconf 81' lang='lat' dir='ltr'>alias.</span> <span class='ocrx_word' id='word_1_352' title='bbox 1098 3020 1275 3066; x_wconf 88' lang='lat' dir='ltr'>Junianus</span> <span class='ocrx_word' id='word_1_353' title='bbox 1296 3022 1335 3057; x_wconf 86' lang='lat'>&amp;</span> 
     </span>
     <span class='ocr_line' id='line_1_54' title="bbox 289 3064 1334 3154; baseline 0.009 -53"><span class='ocrx_word' id='word_1_354' title='bbox 289 3064 554 3154; x_wconf 40' lang='lat' dir='ltr'>{ronow-anus</span> <span class='ocrx_word' id='word_1_355' title='bbox 577 3095 587 3111; x_wconf 94' lang='lat'>,</span> <span class='ocrx_word' id='word_1_356' title='bbox 626 3068 725 3115; x_wconf 84' lang='lat' dir='ltr'>aestu.</span> <span class='ocrx_word' id='word_1_357' title='bbox 766 3070 879 3108; x_wconf 85' lang='lat' dir='ltr'>etiam</span> <span class='ocrx_word' id='word_1_358' title='bbox 911 3080 991 3107; x_wconf 92' lang='lat' dir='ltr'>non</span> <span class='ocrx_word' id='word_1_359' title='bbox 1027 3070 1137 3108; x_wconf 86' lang='lat' dir='ltr'>male.</span> <span class='ocrx_word' id='word_1_360' title='bbox 1174 3070 1262 3110; x_wconf 83' lang='lat' dir='ltr'>Stat.</span> <span class='ocrx_word' id='word_1_361' title='bbox 1302 3083 1334 3110; x_wconf 67' lang='grc' dir='ltr'>ι.</span> 
     </span>
    </p>

    <p class='ocr_par' dir='ltr' id='par_1_22' title="bbox 320 3127 532 3165">
     <span class='ocr_line' id='line_1_55' title="bbox 320 3127 532 3165; baseline 0.005 -12"><span class='ocrx_word' id='word_1_362' title='bbox 320 3127 380 3153; x_wconf 82' lang='lat' dir='ltr'>iv.</span> <span class='ocrx_word' id='word_1_363' title='bbox 402 3128 445 3152; x_wconf 88' lang='lat'>11.</span> <span class='ocrx_word' id='word_1_364' title='bbox 469 3127 532 3165; x_wconf 84' lang='lat'>93.</span> 
     </span>
    </p>
   </div>
   <div class='ocr_carea' id='block_1_16' title="bbox 292 3166 1186 3267">
    <p class='ocr_par' dir='ltr' id='par_1_23' title="bbox 292 3166 1186 3267">
     <span class='ocr_line' id='line_1_56' title="bbox 347 3166 1186 3222; baseline 0.01 -20"><span class='ocrx_word' id='word_1_365' title='bbox 347 3166 486 3222; x_wconf 22' lang='lat' dir='ltr'>Ipsenego</span> <span class='ocrx_word' id='word_1_366' title='bbox 505 3177 537 3204; x_wconf 85' lang='lat' dir='ltr'>te</span> <span class='ocrx_word' id='word_1_367' title='bbox 556 3177 673 3204; x_wconf 82' lang='lat' dir='ltr'>tantos</span> <span class='ocrx_word' id='word_1_368' title='bbox 689 3169 804 3219; x_wconf 83' lang='lat' dir='ltr'>stupui</span> <span class='ocrx_word' id='word_1_369' title='bbox 817 3169 975 3221; x_wconf 73' lang='lat' dir='ltr'>supereffit</span> <span class='ocrx_word' id='word_1_370' title='bbox 988 3170 1186 3222; x_wconf 53' lang='lat' dir='ltr'>perae-stus.</span> 
     </span>
     <span class='ocr_line' id='line_1_57' title="bbox 292 3216 799 3267; baseline 0.008 -13"><span class='ocrx_word' id='word_1_371' title='bbox 292 3216 487 3255; x_wconf 78' lang='lat' dir='ltr'>Claudmn.</span> <span class='ocrx_word' id='word_1_372' title='bbox 507 3219 628 3267; x_wconf 84' lang='lat' dir='ltr'>Epith.</span> <span class='ocrx_word' id='word_1_373' title='bbox 651 3220 799 3258; x_wconf 83' lang='lat' dir='ltr'>Honor.</span> 
     </span>
    </p>
   </div>
   <div class='ocr_carea' id='block_1_17' title="bbox 343 3268 1180 3326">
    <p class='ocr_par' dir='ltr' id='par_1_24' title="bbox 343 3268 1180 3326">
     <span class='ocr_line' id='line_1_58' title="bbox 343 3268 1180 3326; baseline 0.006 -18"><span class='ocrx_word' id='word_1_374' title='bbox 343 3268 518 3319; x_wconf 72' lang='lat' dir='ltr'>Haufirat</span> <span class='ocrx_word' id='word_1_375' title='bbox 538 3270 688 3321; x_wconf 80' lang='lat' dir='ltr'>insolitos</span> <span class='ocrx_word' id='word_1_376' title='bbox 699 3271 878 3324; x_wconf 81' lang='lat' dir='ltr'>promiffae</span> <span class='ocrx_word' id='word_1_377' title='bbox 893 3272 1042 3325; x_wconf 82' lang='lat' dir='ltr'>virginis</span> <span class='ocrx_word' id='word_1_378' title='bbox 1059 3272 1180 3326; x_wconf 71' lang='lat' dir='ltr'>aestus.</span> 
     </span>
    </p>
   </div>
   <div class='ocr_carea' id='block_1_18' title="bbox 2274 993 2399 1070">
    <p class='ocr_par' dir='ltr' id='par_1_25' title="bbox 2274 993 2399 1070">
     <span class='ocr_line' id='line_1_59' title="bbox 2274 993 2399 1070; baseline 0 -17"><span class='ocrx_word' id='word_1_379' title='bbox 2274 993 2399 1070; x_wconf 71' lang='lat' dir='ltr'>jam</span> 
     </span>
    </p>
   </div>
   <div class='ocr_carea' id='block_1_19' title="bbox 1352 1133 2405 1486">
    <p class='ocr_par' dir='ltr' id='par_1_26' title="bbox 1352 1133 1644 1184">
     <span class='ocr_line' id='line_1_60' title="bbox 1352 1133 1644 1184; baseline -0.003 -10"><span class='ocrx_word' id='word_1_380' title='bbox 1352 1133 1463 1184; x_wconf 87' lang='lat' dir='ltr'>Epist.</span> <span class='ocrx_word' id='word_1_381' title='bbox 1481 1145 1560 1173; x_wconf 81' lang='lat' dir='ltr'>xvr.</span> <span class='ocrx_word' id='word_1_382' title='bbox 1583 1147 1644 1184; x_wconf 81' lang='lat'>25.</span> 
     </span>
    </p>

    <p class='ocr_par' dir='ltr' id='par_1_27' title="bbox 1352 1184 2356 1288">
     <span class='ocr_line' id='line_1_61' title="bbox 1405 1184 2356 1237; baseline 0 -16"><span class='ocrx_word' id='word_1_383' title='bbox 1405 1186 1551 1233; x_wconf 84' lang='lat' dir='ltr'>Perstet,</span> <span class='ocrx_word' id='word_1_384' title='bbox 1579 1199 1623 1226; x_wconf 64' lang='lat' dir='ltr'>&lt;J</span> <span class='ocrx_word' id='word_1_385' title='bbox 1643 1195 1683 1224; x_wconf 91' lang='lat' dir='ltr'>ut</span> <span class='ocrx_word' id='word_1_386' title='bbox 1696 1185 1830 1237; x_wconf 78' lang='lat' dir='ltr'>pelagi,</span> <span class='ocrx_word' id='word_1_387' title='bbox 1848 1185 1898 1236; x_wconf 82' lang='lat' dir='ltr'>fic</span> <span class='ocrx_word' id='word_1_388' title='bbox 1913 1185 2054 1236; x_wconf 71' lang='lat' dir='ltr'>pek&#39;loris</span> <span class='ocrx_word' id='word_1_389' title='bbox 2072 1186 2220 1236; x_wconf 81' lang='lat' dir='ltr'>adjuvet</span> <span class='ocrx_word' id='word_1_390' title='bbox 2235 1184 2356 1233; x_wconf 82' lang='lat' dir='ltr'>aestus.</span> 
     </span>
     <span class='ocr_line' id='line_1_62' title="bbox 1352 1236 2342 1288; baseline -0.001 -14"><span class='ocrx_word' id='word_1_391' title='bbox 1352 1237 1498 1275; x_wconf 74' lang='lat' dir='ltr'>HE1Ns.</span> <span class='ocrx_word' id='word_1_392' title='bbox 1527 1237 1580 1274; x_wconf 81' lang='lat' dir='ltr'>sic</span> <span class='ocrx_word' id='word_1_393' title='bbox 1597 1248 1717 1275; x_wconf 76' lang='lat' dir='ltr'>tamen</span> <span class='ocrx_word' id='word_1_394' title='bbox 1738 1238 1894 1288; x_wconf 84' lang='lat' dir='ltr'>Scaliger</span> <span class='ocrx_word' id='word_1_395' title='bbox 1914 1240 1953 1275; x_wconf 70' lang='grc' dir='ltr'>δε</span> <span class='ocrx_word' id='word_1_396' title='bbox 1972 1239 2107 1275; x_wconf 78' lang='lat' dir='ltr'>Douza</span> <span class='ocrx_word' id='word_1_397' title='bbox 2128 1236 2342 1285; x_wconf 85' lang='lat' dir='ltr'>probabant.</span> 
     </span>
    </p>

    <p class='ocr_par' dir='ltr' id='par_1_28' title="bbox 1352 1286 2402 1384">
     <span class='ocr_line' id='line_1_63' title="bbox 1404 1286 2402 1339; baseline 0.001 -15"><span class='ocrx_word' id='word_1_398' title='bbox 1404 1299 1463 1336; x_wconf 81' lang='lat'>32.</span> <span class='ocrx_word' id='word_1_399' title='bbox 1499 1287 1602 1327; x_wconf 83' lang='lat' dir='ltr'>Labe.</span> <span class='ocrx_word' id='word_1_400' title='bbox 1620 1288 1636 1339; x_wconf 92' lang='lat'>]</span> <span class='ocrx_word' id='word_1_401' title='bbox 1674 1290 1825 1338; x_wconf 85' lang='lat' dir='ltr'>Proprie</span> <span class='ocrx_word' id='word_1_402' title='bbox 1864 1289 2007 1326; x_wconf 86' lang='lat' dir='ltr'>macula</span> <span class='ocrx_word' id='word_1_403' title='bbox 2028 1317 2038 1333; x_wconf 90' lang='lat'>‚</span> <span class='ocrx_word' id='word_1_404' title='bbox 2076 1300 2170 1338; x_wconf 88' lang='lat' dir='ltr'>quae</span> <span class='ocrx_word' id='word_1_405' title='bbox 2200 1286 2402 1325; x_wconf 87' lang='lat' dir='ltr'>candorem</span> 
     </span>
     <span class='ocr_line' id='line_1_64' title="bbox 1352 1338 2273 1384; baseline -0.002 -7"><span class='ocrx_word' id='word_1_406' title='bbox 1352 1338 1490 1377; x_wconf 85' lang='lat' dir='ltr'>foedat.</span> <span class='ocrx_word' id='word_1_407' title='bbox 1517 1339 1604 1377; x_wconf 87' lang='lat' dir='ltr'>vide</span> <span class='ocrx_word' id='word_1_408' title='bbox 1623 1340 1810 1378; x_wconf 89' lang='lat' dir='ltr'>somnium</span> <span class='ocrx_word' id='word_1_409' title='bbox 1831 1340 1892 1377; x_wconf 90' lang='lat' dir='ltr'>lib.</span> <span class='ocrx_word' id='word_1_410' title='bbox 1915 1353 1978 1376; x_wconf 87' lang='lat'>111.</span> <span class='ocrx_word' id='word_1_411' title='bbox 2000 1340 2134 1377; x_wconf 87' lang='lat' dir='ltr'>Amor.</span> <span class='ocrx_word' id='word_1_412' title='bbox 2159 1353 2193 1376; x_wconf 91' lang='lat' dir='ltr'>v.</span> <span class='ocrx_word' id='word_1_413' title='bbox 2213 1350 2273 1384; x_wconf 77' lang='lat'>44.</span> 
     </span>
    </p>

    <p class='ocr_par' dir='ltr' id='par_1_29' title="bbox 1357 1388 2405 1486">
     <span class='ocr_line' id='line_1_65' title="bbox 1407 1388 2405 1441; baseline -0.003 -13"><span class='ocrx_word' id='word_1_414' title='bbox 1407 1401 1467 1439; x_wconf 83' lang='lat'>34.</span> <span class='ocrx_word' id='word_1_415' title='bbox 1494 1389 1627 1441; x_wconf 81' lang='lat' dir='ltr'>Obest.]</span> <span class='ocrx_word' id='word_1_416' title='bbox 1658 1390 1764 1439; x_wconf 84' lang='lat' dir='ltr'>Abest</span> <span class='ocrx_word' id='word_1_417' title='bbox 1786 1390 1987 1440; x_wconf 85' lang='lat' dir='ltr'>legendum</span> <span class='ocrx_word' id='word_1_418' title='bbox 2008 1390 2182 1432; x_wconf 88' lang='lat' dir='ltr'>videtur;</span> <span class='ocrx_word' id='word_1_419' title='bbox 2220 1397 2330 1439; x_wconf 84' lang='lat' dir='ltr'>atque</span> <span class='ocrx_word' id='word_1_420' title='bbox 2352 1388 2405 1425; x_wconf 84' lang='lat' dir='ltr'>ita</span> 
     </span>
     <span class='ocr_line' id='line_1_66' title="bbox 1357 1439 2404 1486; baseline -0.001 -8"><span class='ocrx_word' id='word_1_421' title='bbox 1357 1439 1603 1480; x_wconf 86' lang='lat' dir='ltr'>Scriverianus</span> <span class='ocrx_word' id='word_1_422' title='bbox 1621 1442 1723 1480; x_wconf 88' lang='lat' dir='ltr'>liber.</span> <span class='ocrx_word' id='word_1_423' title='bbox 1744 1442 1957 1480; x_wconf 68' lang='lat' dir='ltr'>Heinsius.</span> <span class='ocrx_word' id='word_1_424' title='bbox 1987 1441 2176 1479; x_wconf 87' lang='lat' dir='ltr'>Landinus</span> <span class='ocrx_word' id='word_1_425' title='bbox 2202 1439 2248 1478; x_wconf 83' lang='lat' dir='ltr'>acl</span> <span class='ocrx_word' id='word_1_426' title='bbox 2269 1441 2404 1486; x_wconf 63' lang='lat' dir='ltr'>Horat.</span> 
     </span>
    </p>
   </div>
   <div class='ocr_carea' id='block_1_20' title="bbox 1277 1492 1695 1540">
    <p class='ocr_par' dir='ltr' id='par_1_30' title="bbox 1277 1492 1695 1540">
     <span class='ocr_line' id='line_1_67' title="bbox 1277 1492 1695 1540; baseline 0 -9"><span class='ocrx_word' id='word_1_427' title='bbox 1277 1518 1280 1519; x_wconf 29' lang='grc' dir='ltr'><em>ν</em></span> <span class='ocrx_word' id='word_1_428' title='bbox 1359 1503 1392 1531; x_wconf 86' lang='lat'>1.</span> <span class='ocrx_word' id='word_1_429' title='bbox 1415 1492 1491 1530; x_wconf 92' lang='lat' dir='ltr'>Od.</span> <span class='ocrx_word' id='word_1_430' title='bbox 1509 1504 1568 1540; x_wconf 86' lang='lat'>27.</span> <span class='ocrx_word' id='word_1_431' title='bbox 1590 1494 1695 1531; x_wconf 86' lang='lat' dir='ltr'>citat:</span> 
     </span>
    </p>
   </div>
   <div class='ocr_carea' id='block_1_21' title="bbox 1357 1543 2442 2405">
    <p class='ocr_par' dir='ltr' id='par_1_31' title="bbox 1357 1543 2442 1947">
     <span class='ocr_line' id='line_1_68' title="bbox 1411 1543 2082 1596; baseline 0.003 -17"><span class='ocrx_word' id='word_1_432' title='bbox 1411 1543 1532 1593; x_wconf 84' lang='lat' dir='ltr'>Turpis</span> <span class='ocrx_word' id='word_1_433' title='bbox 1548 1544 1719 1582; x_wconf 81' lang='lat' dir='ltr'>adulterio</span> <span class='ocrx_word' id='word_1_434' title='bbox 1733 1545 1829 1596; x_wconf 84' lang='lat' dir='ltr'>pejus</span> <span class='ocrx_word' id='word_1_435' title='bbox 1848 1543 1987 1581; x_wconf 80' lang='lat' dir='ltr'>adulter</span> <span class='ocrx_word' id='word_1_436' title='bbox 2005 1543 2082 1581; x_wconf 86' lang='lat' dir='ltr'>erit.</span> 
     </span>
     <span class='ocr_line' id='line_1_69' title="bbox 1359 1591 2442 1644; baseline -0.002 -13"><span class='ocrx_word' id='word_1_437' title='bbox 1359 1592 1432 1631; x_wconf 87' lang='lat' dir='ltr'>Sed</span> <span class='ocrx_word' id='word_1_438' title='bbox 1449 1595 1546 1631; x_wconf 84' lang='lat' dir='ltr'>male</span> <span class='ocrx_word' id='word_1_439' title='bbox 1559 1604 1622 1640; x_wconf 85' lang='lat' dir='ltr'>‚ut</span> <span class='ocrx_word' id='word_1_440' title='bbox 1641 1595 1866 1644; x_wconf 85' lang='lat' dir='ltr'>puto.turpis</span> <span class='ocrx_word' id='word_1_441' title='bbox 1881 1596 1942 1632; x_wconf 88' lang='lat' dir='ltr'>hic</span> <span class='ocrx_word' id='word_1_442' title='bbox 1959 1607 2038 1632; x_wconf 92' lang='lat' dir='ltr'>non</span> <span class='ocrx_word' id='word_1_443' title='bbox 2058 1605 2135 1631; x_wconf 84' lang='lat' dir='ltr'>tam</span> <span class='ocrx_word' id='word_1_444' title='bbox 2158 1591 2203 1629; x_wconf 89' lang='lat' dir='ltr'>ad</span> <span class='ocrx_word' id='word_1_445' title='bbox 2221 1592 2408 1638; x_wconf 66' lang='lat' dir='ltr'>animum3</span> <span class='ocrx_word' id='word_1_446' title='bbox 2439 1640 2442 1642; x_wconf 32' lang='grc'>-</span> 
     </span>
     <span class='ocr_line' id='line_1_70' title="bbox 1357 1642 2406 1694; baseline 0 -14"><span class='ocrx_word' id='word_1_447' title='bbox 1357 1655 1473 1693; x_wconf 84' lang='lat' dir='ltr'>quam</span> <span class='ocrx_word' id='word_1_448' title='bbox 1513 1644 1561 1681; x_wconf 87' lang='lat' dir='ltr'>ad</span> <span class='ocrx_word' id='word_1_449' title='bbox 1598 1647 1760 1683; x_wconf 86' lang='lat' dir='ltr'>formam</span> <span class='ocrx_word' id='word_1_450' title='bbox 1793 1646 1957 1694; x_wconf 84' lang='lat' dir='ltr'>corporis</span> <span class='ocrx_word' id='word_1_451' title='bbox 1987 1643 2237 1682; x_wconf 87' lang='lat' dir='ltr'>referendum.</span> <span class='ocrx_word' id='word_1_452' title='bbox 2271 1651 2312 1680; x_wconf 89' lang='lat' dir='ltr'>ut</span> <span class='ocrx_word' id='word_1_453' title='bbox 2340 1642 2406 1680; x_wconf 88' lang='lat' dir='ltr'>fibi</span> 
     </span>
     <span class='ocr_line' id='line_1_71' title="bbox 1358 1694 2410 1746; baseline -0.001 -15"><span class='ocrx_word' id='word_1_454' title='bbox 1358 1694 1502 1744; x_wconf 87' lang='lat' dir='ltr'>placeat</span> <span class='ocrx_word' id='word_1_455' title='bbox 1520 1694 1686 1733; x_wconf 84' lang='lat' dir='ltr'>Phaedra</span> <span class='ocrx_word' id='word_1_456' title='bbox 1702 1723 1713 1740; x_wconf 94' lang='lat'>‚</span> <span class='ocrx_word' id='word_1_457' title='bbox 1739 1695 1844 1746; x_wconf 90' lang='lat' dir='ltr'>quod</span> <span class='ocrx_word' id='word_1_458' title='bbox 1863 1695 2012 1744; x_wconf 87' lang='lat' dir='ltr'>elegerit</span> <span class='ocrx_word' id='word_1_459' title='bbox 2034 1694 2242 1733; x_wconf 88' lang='lat' dir='ltr'>adulterum</span> <span class='ocrx_word' id='word_1_460' title='bbox 2263 1694 2410 1731; x_wconf 89' lang='lat' dir='ltr'>formo-</span> 
     </span>
     <span class='ocr_line' id='line_1_72' title="bbox 1359 1744 2410 1794; baseline -0.001 -13"><span class='ocrx_word' id='word_1_461' title='bbox 1359 1745 1439 1782; x_wconf 89' lang='lat' dir='ltr'>sum</span> <span class='ocrx_word' id='word_1_462' title='bbox 1454 1772 1465 1788; x_wconf 95' lang='lat'>‚</span> <span class='ocrx_word' id='word_1_463' title='bbox 1494 1745 1534 1781; x_wconf 89' lang='lat'>&amp;</span> <span class='ocrx_word' id='word_1_464' title='bbox 1551 1747 1653 1793; x_wconf 88' lang='lat' dir='ltr'>cujus</span> <span class='ocrx_word' id='word_1_465' title='bbox 1669 1758 1777 1783; x_wconf 87' lang='lat' dir='ltr'>amor</span> <span class='ocrx_word' id='word_1_466' title='bbox 1800 1746 1960 1784; x_wconf 78' lang='lat' dir='ltr'>excusari</span> <span class='ocrx_word' id='word_1_467' title='bbox 1978 1744 2095 1794; x_wconf 85' lang='lat' dir='ltr'>poffet</span> <span class='ocrx_word' id='word_1_468' title='bbox 2114 1744 2384 1793; x_wconf 83' lang='lat' dir='ltr'>pulchritudine</span> <span class='ocrx_word' id='word_1_469' title='bbox 2394 1767 2410 1786; x_wconf 77' lang='lat'>‚</span> 
     </span>
     <span class='ocr_line' id='line_1_73' title="bbox 1360 1795 2189 1843; baseline 0.001 -12"><span class='ocrx_word' id='word_1_470' title='bbox 1360 1805 1435 1843; x_wconf 90' lang='lat' dir='ltr'>qua</span> <span class='ocrx_word' id='word_1_471' title='bbox 1453 1801 1556 1842; x_wconf 86' lang='lat' dir='ltr'>capta</span> <span class='ocrx_word' id='word_1_472' title='bbox 1575 1795 1657 1833; x_wconf 87' lang='lat' dir='ltr'>fuit.</span> <span class='ocrx_word' id='word_1_473' title='bbox 1683 1796 1734 1834; x_wconf 84' lang='lat' dir='ltr'>ita</span> <span class='ocrx_word' id='word_1_474' title='bbox 1752 1797 1791 1834; x_wconf 69' lang='grc' dir='ltr'>ὃ(</span> <span class='ocrx_word' id='word_1_475' title='bbox 1818 1797 1952 1833; x_wconf 83' lang='lat' dir='ltr'>Horat.</span> <span class='ocrx_word' id='word_1_476' title='bbox 1979 1809 2010 1833; x_wconf 90' lang='lat'>1.</span> <span class='ocrx_word' id='word_1_477' title='bbox 2034 1795 2108 1832; x_wconf 91' lang='lat' dir='ltr'>Od.</span> <span class='ocrx_word' id='word_1_478' title='bbox 2130 1806 2189 1843; x_wconf 82' lang='lat'>33.</span> 
     </span>
     <span class='ocr_line' id='line_1_74' title="bbox 1826 1845 2164 1896; baseline 0 -14"><span class='ocrx_word' id='word_1_479' title='bbox 1826 1846 1890 1882; x_wconf 80' lang='lat' dir='ltr'>Sed</span> <span class='ocrx_word' id='word_1_480' title='bbox 1904 1846 2000 1896; x_wconf 85' lang='lat' dir='ltr'>prius</span> <span class='ocrx_word' id='word_1_481' title='bbox 2016 1845 2164 1896; x_wconf 81' lang='lat' dir='ltr'>Appulis</span> 
     </span>
     <span class='ocr_line' id='line_1_75' title="bbox 1543 1895 2032 1947; baseline 0 -15"><span class='ocrx_word' id='word_1_482' title='bbox 1543 1895 1751 1945; x_wconf 80' lang='lat' dir='ltr'>Jungentur</span> <span class='ocrx_word' id='word_1_483' title='bbox 1771 1905 1905 1947; x_wconf 85' lang='lat' dir='ltr'>capreae</span> <span class='ocrx_word' id='word_1_484' title='bbox 1924 1896 2032 1946; x_wconf 81' lang='lat' dir='ltr'>lupis,</span> 
     </span>
    </p>

    <p class='ocr_par' dir='ltr' id='par_1_32' title="bbox 1416 1946 2105 1998">
     <span class='ocr_line' id='line_1_76' title="bbox 1416 1946 2105 1998; baseline 0.001 -16"><span class='ocrx_word' id='word_1_485' title='bbox 1416 1946 1538 1995; x_wconf 76' lang='lat' dir='ltr'>Qam</span> <span class='ocrx_word' id='word_1_486' title='bbox 1558 1948 1649 1997; x_wconf 85' lang='lat' dir='ltr'>turpi</span> <span class='ocrx_word' id='word_1_487' title='bbox 1670 1946 1793 1985; x_wconf 73' lang='lat' dir='ltr'>Pholoe·</span> <span class='ocrx_word' id='word_1_488' title='bbox 1808 1957 1917 1998; x_wconf 85' lang='lat' dir='ltr'>peccet</span> <span class='ocrx_word' id='word_1_489' title='bbox 1936 1947 2105 1984; x_wconf 83' lang='lat' dir='ltr'>adultero.</span> 
     </span>
    </p>

    <p class='ocr_par' dir='ltr' id='par_1_33' title="bbox 1364 1996 2416 2098">
     <span class='ocr_line' id='line_1_77' title="bbox 1366 1996 2416 2046; baseline 0.002 -12"><span class='ocrx_word' id='word_1_490' title='bbox 1366 1996 1494 2035; x_wconf 87' lang='lat' dir='ltr'>Sensus</span> <span class='ocrx_word' id='word_1_491' title='bbox 1513 2009 1601 2046; x_wconf 85' lang='lat' dir='ltr'>ergo</span> <span class='ocrx_word' id='word_1_492' title='bbox 1619 1998 1667 2036; x_wconf 91' lang='lat' dir='ltr'>est</span> <span class='ocrx_word' id='word_1_493' title='bbox 1682 1999 1797 2043; x_wconf 88' lang='lat' dir='ltr'>‚abest</span> <span class='ocrx_word' id='word_1_494' title='bbox 1817 2011 1837 2036; x_wconf 81' lang='lat' dir='ltr'>a</span> <span class='ocrx_word' id='word_1_495' title='bbox 1858 2010 1947 2036; x_wconf 89' lang='lat' dir='ltr'>meo</span> <span class='ocrx_word' id='word_1_496' title='bbox 1964 2011 2092 2036; x_wconf 85' lang='lat' dir='ltr'>amore</span> <span class='ocrx_word' id='word_1_497' title='bbox 2105 1997 2289 2035; x_wconf 50' lang='lat' dir='ltr'>*deformis</span> <span class='ocrx_word' id='word_1_498' title='bbox 2313 1997 2416 2036; x_wconf 88' lang='lat' dir='ltr'>adul-</span> 
     </span>
     <span class='ocr_line' id='line_1_78' title="bbox 1364 2048 2370 2098; baseline 0 -13"><span class='ocrx_word' id='word_1_499' title='bbox 1364 2055 1443 2092; x_wconf 87' lang='lat' dir='ltr'>ter,</span> <span class='ocrx_word' id='word_1_500' title='bbox 1469 2049 1574 2098; x_wconf 91' lang='lat' dir='ltr'>quod</span> <span class='ocrx_word' id='word_1_501' title='bbox 1595 2049 1672 2097; x_wconf 89' lang='lat' dir='ltr'>ipso</span> <span class='ocrx_word' id='word_1_502' title='bbox 1694 2049 1875 2086; x_wconf 87' lang='lat' dir='ltr'>adulterio</span> <span class='ocrx_word' id='word_1_503' title='bbox 1895 2050 1998 2098; x_wconf 85' lang='lat' dir='ltr'>pejus</span> <span class='ocrx_word' id='word_1_504' title='bbox 2016 2049 2078 2086; x_wconf 84' lang='lat' dir='ltr'>est.</span> <span class='ocrx_word' id='word_1_505' title='bbox 2105 2048 2370 2085; x_wconf 70' lang='lat' dir='ltr'>BURMANsz.</span> 
     </span>
    </p>

    <p class='ocr_par' dir='ltr' id='par_1_34' title="bbox 1364 2099 2417 2196">
     <span class='ocr_line' id='line_1_79' title="bbox 1419 2099 2417 2149; baseline 0.001 -14"><span class='ocrx_word' id='word_1_506' title='bbox 1419 2099 1478 2147; x_wconf 84' lang='lat'>36.</span> <span class='ocrx_word' id='word_1_507' title='bbox 1507 2099 1669 2149; x_wconf 62' lang='lat' dir='ltr'>Videon]</span> <span class='ocrx_word' id='word_1_508' title='bbox 1702 2099 1826 2135; x_wconf 81' lang='lat' dir='ltr'>Videar</span> <span class='ocrx_word' id='word_1_509' title='bbox 1848 2127 1859 2143; x_wconf 87' lang='lat'><strong>,</strong></span> <span class='ocrx_word' id='word_1_510' title='bbox 1896 2099 2098 2137; x_wconf 84' lang='lat' dir='ltr'>Vaticanus</span> <span class='ocrx_word' id='word_1_511' title='bbox 2121 2100 2159 2136; x_wconf 64' lang='grc' dir='ltr'>ὃς</span> <span class='ocrx_word' id='word_1_512' title='bbox 2180 2099 2417 2138; x_wconf 83' lang='lat' dir='ltr'>Farnesranus</span> 
     </span>
     <span class='ocr_line' id='line_1_80' title="bbox 1364 2150 1888 2196; baseline 0 -8"><span class='ocrx_word' id='word_1_513' title='bbox 1364 2161 1484 2196; x_wconf 87' lang='lat' dir='ltr'>unus,</span> <span class='ocrx_word' id='word_1_514' title='bbox 1503 2150 1650 2188; x_wconf 60' lang='lat' dir='ltr'>rectius.</span> <span class='ocrx_word' id='word_1_515' title='bbox 1676 2151 1888 2188; x_wconf 76' lang='lat' dir='ltr'>HEINSIUS.</span> 
     </span>
    </p>

    <p class='ocr_par' dir='ltr' id='par_1_35' title="bbox 1368 2200 2423 2405">
     <span class='ocr_line' id='line_1_81' title="bbox 1420 2200 2417 2251; baseline 0.001 -14"><span class='ocrx_word' id='word_1_516' title='bbox 1420 2212 1479 2250; x_wconf 86' lang='lat'>37.</span> <span class='ocrx_word' id='word_1_517' title='bbox 1508 2201 1637 2237; x_wconf 87' lang='lat' dir='ltr'>Mittor</span> <span class='ocrx_word' id='word_1_518' title='bbox 1655 2201 1694 2238; x_wconf 82' lang='lat' dir='ltr'>in</span> <span class='ocrx_word' id='word_1_519' title='bbox 1710 2201 1840 2251; x_wconf 84' lang='lat' dir='ltr'>arte5.]</span> <span class='ocrx_word' id='word_1_520' title='bbox 1867 2207 1990 2238; x_wconf 86' lang='lat' dir='ltr'>Mutor</span> <span class='ocrx_word' id='word_1_521' title='bbox 2006 2201 2212 2239; x_wconf 83' lang='lat' dir='ltr'>Puteaneus</span> <span class='ocrx_word' id='word_1_522' title='bbox 2235 2200 2353 2238; x_wconf 84' lang='lat' dir='ltr'>codex</span> <span class='ocrx_word' id='word_1_523' title='bbox 2377 2201 2417 2238; x_wconf 84' lang='lat'>&amp;</span> 
     </span>
     <span class='ocr_line' id='line_1_82' title="bbox 1368 2251 2422 2300; baseline -0.002 -9"><span class='ocrx_word' id='word_1_524' title='bbox 1368 2251 1657 2300; x_wconf 77' lang='lat' dir='ltr'>Argentinenfis.</span> <span class='ocrx_word' id='word_1_525' title='bbox 1683 2252 1835 2291; x_wconf 86' lang='lat' dir='ltr'>venuste</span> <span class='ocrx_word' id='word_1_526' title='bbox 1849 2281 1860 2298; x_wconf 90' lang='lat'><strong>,</strong></span> <span class='ocrx_word' id='word_1_527' title='bbox 1885 2252 1952 2291; x_wconf 82' lang='lat' dir='ltr'>nisi</span> <span class='ocrx_word' id='word_1_528' title='bbox 1975 2253 2079 2290; x_wconf 86' lang='lat' dir='ltr'>malis</span> <span class='ocrx_word' id='word_1_529' title='bbox 2100 2252 2201 2289; x_wconf 86' lang='lat' dir='ltr'>nitor.</span> <span class='ocrx_word' id='word_1_530' title='bbox 2215 2251 2315 2289; x_wconf 83' lang='lat' dir='ltr'>Vide</span> <span class='ocrx_word' id='word_1_531' title='bbox 2336 2252 2422 2289; x_wconf 86' lang='lat' dir='ltr'>No-</span> 
     </span>
     <span class='ocr_line' id='line_1_83' title="bbox 1368 2303 2422 2350; baseline -0.001 -9"><span class='ocrx_word' id='word_1_532' title='bbox 1368 2311 1422 2342; x_wconf 85' lang='lat' dir='ltr'>tas</span> <span class='ocrx_word' id='word_1_533' title='bbox 1452 2305 1532 2341; x_wconf 83' lang='lat' dir='ltr'>Art.</span> <span class='ocrx_word' id='word_1_534' title='bbox 1559 2303 1650 2341; x_wconf 87' lang='lat' dir='ltr'>Am.</span> <span class='ocrx_word' id='word_1_535' title='bbox 1680 2317 1744 2341; x_wconf 87' lang='lat'>111.</span> <span class='ocrx_word' id='word_1_536' title='bbox 1774 2303 1859 2350; x_wconf 90' lang='lat'>667.</span> <span class='ocrx_word' id='word_1_537' title='bbox 1898 2303 2013 2340; x_wconf 86' lang='lat' dir='ltr'>Miror</span> <span class='ocrx_word' id='word_1_538' title='bbox 2039 2303 2129 2340; x_wconf 83' lang='lat' dir='ltr'>alter</span> <span class='ocrx_word' id='word_1_539' title='bbox 2158 2303 2422 2340; x_wconf 78' lang='lat' dir='ltr'>Mentelianus.</span> 
     </span>
     <span class='ocr_line' id='line_1_84' title="bbox 1372 2352 2423 2405; baseline 0.001 -13"><span class='ocrx_word' id='word_1_540' title='bbox 1372 2355 1488 2392; x_wconf 84' lang='lat' dir='ltr'>credas</span> <span class='ocrx_word' id='word_1_541' title='bbox 1505 2366 1573 2404; x_wconf 93' lang='lat' dir='ltr'>pro</span> <span class='ocrx_word' id='word_1_542' title='bbox 1592 2355 1701 2392; x_wconf 85' lang='lat' dir='ltr'>credes</span> <span class='ocrx_word' id='word_1_543' title='bbox 1721 2355 1887 2405; x_wconf 91' lang='lat' dir='ltr'>quinque</span> <span class='ocrx_word' id='word_1_544' title='bbox 1905 2355 1999 2393; x_wconf 84' lang='lat' dir='ltr'>libri.</span> <span class='ocrx_word' id='word_1_545' title='bbox 2026 2352 2074 2391; x_wconf 91' lang='lat' dir='ltr'>fic</span> <span class='ocrx_word' id='word_1_546' title='bbox 2092 2353 2203 2403; x_wconf 89' lang='lat' dir='ltr'>Epist.</span> <span class='ocrx_word' id='word_1_547' title='bbox 2226 2366 2342 2392; x_wconf 82' lang='lat' dir='ltr'>xvm.</span> <span class='ocrx_word' id='word_1_548' title='bbox 2358 2365 2423 2402; x_wconf 69' lang='lat'>99.</span> 
     </span>
    </p>
   </div>
   <div class='ocr_carea' id='block_1_22' title="bbox 1376 2405 2389 2508">
    <p class='ocr_par' dir='ltr' id='par_1_36' title="bbox 1376 2405 2389 2508">
     <span class='ocr_line' id='line_1_85' title="bbox 1376 2405 2389 2497; baseline 0.001 -55"><span class='ocrx_word' id='word_1_549' title='bbox 1376 2458 1410 2497; x_wconf 77' lang='lat' dir='ltr'>E</span> <span class='ocrx_word' id='word_1_550' title='bbox 1427 2409 1550 2455; x_wconf 69' lang='lat' dir='ltr'>Qum</span> <span class='ocrx_word' id='word_1_551' title='bbox 1570 2406 1698 2444; x_wconf 88' lang='lat' dir='ltr'>multos</span> <span class='ocrx_word' id='word_1_552' title='bbox 1717 2406 1834 2444; x_wconf 81' lang='lat' dir='ltr'>credas</span> <span class='ocrx_word' id='word_1_553' title='bbox 1846 2407 1995 2457; x_wconf 83' lang='lat' dir='ltr'>juvenes</span> <span class='ocrx_word' id='word_1_554' title='bbox 2012 2415 2126 2456; x_wconf 84' lang='lat' dir='ltr'>optare</span> <span class='ocrx_word' id='word_1_555' title='bbox 2139 2434 2150 2452; x_wconf 90' lang='lat'>‚</span> <span class='ocrx_word' id='word_1_556' title='bbox 2175 2405 2267 2456; x_wconf 74' lang='lat' dir='ltr'>quod</span> <span class='ocrx_word' id='word_1_557' title='bbox 2283 2414 2389 2454; x_wconf 82' lang='lat' dir='ltr'>optas.</span> 
     </span>
     <span class='ocr_line' id='line_1_86' title="bbox 1411 2459 1690 2508; baseline 0 -12"><span class='ocrx_word' id='word_1_558' title='bbox 1411 2459 1486 2508; x_wconf 83' lang='lat' dir='ltr'>pist.</span> <span class='ocrx_word' id='word_1_559' title='bbox 1505 2470 1584 2495; x_wconf 70' lang='lat' dir='ltr'>iux.</span> <span class='ocrx_word' id='word_1_560' title='bbox 1609 2470 1690 2496; x_wconf 81' lang='lat'>122.</span> 
     </span>
    </p>
   </div>
   <div class='ocr_carea' id='block_1_23' title="bbox 1374 2507 2428 2761">
    <p class='ocr_par' dir='ltr' id='par_1_37' title="bbox 1374 2507 2428 2761">
     <span class='ocr_line' id='line_1_87' title="bbox 1430 2507 1900 2560; baseline 0 -15"><span class='ocrx_word' id='word_1_561' title='bbox 1430 2509 1521 2546; x_wconf 77' lang='lat' dir='ltr'>Hinc</span> <span class='ocrx_word' id='word_1_562' title='bbox 1542 2522 1672 2560; x_wconf 77' lang='lat' dir='ltr'>quoque</span> <span class='ocrx_word' id='word_1_563' title='bbox 1689 2507 1756 2545; x_wconf 81' lang='lat' dir='ltr'>vix</span> <span class='ocrx_word' id='word_1_564' title='bbox 1774 2508 1900 2545; x_wconf 82' lang='lat' dir='ltr'>credas.</span> 
     </span>
     <span class='ocr_line' id='line_1_88' title="bbox 1375 2557 2426 2609; baseline -0.002 -11"><span class='ocrx_word' id='word_1_565' title='bbox 1375 2561 1431 2598; x_wconf 91' lang='lat' dir='ltr'>Ut</span> <span class='ocrx_word' id='word_1_566' title='bbox 1454 2573 1500 2598; x_wconf 85' lang='lat' dir='ltr'>ex</span> <span class='ocrx_word' id='word_1_567' title='bbox 1516 2560 1623 2597; x_wconf 87' lang='lat' dir='ltr'>MSS.</span> <span class='ocrx_word' id='word_1_568' title='bbox 1651 2561 1702 2598; x_wconf 87' lang='lat' dir='ltr'>ibi</span> <span class='ocrx_word' id='word_1_569' title='bbox 1724 2559 1939 2609; x_wconf 87' lang='lat' dir='ltr'>legendum.</span> <span class='ocrx_word' id='word_1_570' title='bbox 1966 2560 2183 2597; x_wconf 59' lang='lat' dir='ltr'>Heinsius.</span> <span class='ocrx_word' id='word_1_571' title='bbox 2211 2557 2339 2595; x_wconf 87' lang='lat' dir='ltr'>Mittor</span> <span class='ocrx_word' id='word_1_572' title='bbox 2368 2559 2426 2596; x_wconf 91' lang='lat' dir='ltr'>ni-</span> 
     </span>
     <span class='ocr_line' id='line_1_89' title="bbox 1374 2609 2427 2661; baseline -0.002 -12"><span class='ocrx_word' id='word_1_573' title='bbox 1374 2612 1442 2649; x_wconf 90' lang='lat' dir='ltr'>hili</span> <span class='ocrx_word' id='word_1_574' title='bbox 1470 2611 1519 2648; x_wconf 86' lang='lat' dir='ltr'>est</span> <span class='ocrx_word' id='word_1_575' title='bbox 1547 2611 1661 2649; x_wconf 65' lang='lat' dir='ltr'>lectio</span> <span class='ocrx_word' id='word_1_576' title='bbox 1680 2627 1692 2656; x_wconf 88' lang='grc'><strong>;</strong></span> <span class='ocrx_word' id='word_1_577' title='bbox 1722 2611 1974 2661; x_wconf 68' lang='lat' dir='ltr'>conjec‘turam</span> <span class='ocrx_word' id='word_1_578' title='bbox 1999 2611 2145 2649; x_wconf 78' lang='lat' dir='ltr'>Heiniii</span> <span class='ocrx_word' id='word_1_579' title='bbox 2169 2611 2262 2646; x_wconf 85' lang='lat' dir='ltr'>nitor</span> <span class='ocrx_word' id='word_1_580' title='bbox 2279 2609 2427 2647; x_wconf 76' lang='lat' dir='ltr'>firmant</span> 
     </span>
     <span class='ocr_line' id='line_1_90' title="bbox 1377 2661 2428 2701; baseline -0.002 -1"><span class='ocrx_word' id='word_1_581' title='bbox 1377 2662 1629 2700; x_wconf 81' lang='lat' dir='ltr'>Mentelianus</span> <span class='ocrx_word' id='word_1_582' title='bbox 1657 2664 1696 2701; x_wconf 65' lang='grc' dir='ltr'>ὅ(</span> <span class='ocrx_word' id='word_1_583' title='bbox 1726 2661 2049 2700; x_wconf 82' lang='lat' dir='ltr'>Francofurtenfis.</span> <span class='ocrx_word' id='word_1_584' title='bbox 2086 2661 2135 2699; x_wconf 89' lang='lat' dir='ltr'>fic</span> <span class='ocrx_word' id='word_1_585' title='bbox 2158 2661 2257 2698; x_wconf 85' lang='lat' dir='ltr'>Flor.</span> <span class='ocrx_word' id='word_1_586' title='bbox 2283 2672 2337 2697; x_wconf 79' lang='lat' dir='ltr'>iv.</span> <span class='ocrx_word' id='word_1_587' title='bbox 2371 2671 2428 2698; x_wconf 74' lang='lat'>11.</span> 
     </span>
     <span class='ocr_line' id='line_1_91' title="bbox 1382 2713 2060 2761; baseline -0.003 -9"><span class='ocrx_word' id='word_1_588' title='bbox 1382 2713 1464 2752; x_wconf 85' lang='lat' dir='ltr'>Niti</span> <span class='ocrx_word' id='word_1_589' title='bbox 1481 2713 1519 2749; x_wconf 80' lang='lat' dir='ltr'>in</span> <span class='ocrx_word' id='word_1_590' title='bbox 1536 2713 1647 2750; x_wconf 85' lang='lat' dir='ltr'>decus.</span> <span class='ocrx_word' id='word_1_591' title='bbox 1668 2714 1809 2751; x_wconf 78' lang='lat' dir='ltr'>Lucan.</span> <span class='ocrx_word' id='word_1_592' title='bbox 1829 2713 1890 2750; x_wconf 91' lang='lat' dir='ltr'>lib.</span> <span class='ocrx_word' id='word_1_593' title='bbox 1912 2724 1947 2749; x_wconf 85' lang='lat' dir='ltr'>v.</span> <span class='ocrx_word' id='word_1_594' title='bbox 1978 2724 2060 2761; x_wconf 82' lang='lat'>197.</span> 
     </span>
    </p>
   </div>
   <div class='ocr_carea' id='block_1_24' title="bbox 1434 2757 2353 2853">
    <p class='ocr_par' dir='ltr' id='par_1_38' title="bbox 1434 2757 2353 2853">
     <span class='ocr_line' id='line_1_92' title="bbox 1434 2757 2353 2814; baseline -0.001 -14"><span class='ocrx_word' id='word_1_595' title='bbox 1434 2769 1550 2800; x_wconf 86' lang='lat' dir='ltr'>Tanta</span> <span class='ocrx_word' id='word_1_596' title='bbox 1562 2773 1660 2813; x_wconf 78' lang='lat' dir='ltr'>patet</span> <span class='ocrx_word' id='word_1_597' title='bbox 1677 2778 1793 2802; x_wconf 83' lang='lat' dir='ltr'>rerum</span> <span class='ocrx_word' id='word_1_598' title='bbox 1801 2763 1904 2814; x_wconf 87' lang='lat' dir='ltr'>series</span> <span class='ocrx_word' id='word_1_599' title='bbox 1917 2791 1928 2808; x_wconf 91' lang='lat'>‚</span> <span class='ocrx_word' id='word_1_600' title='bbox 1955 2773 2060 2813; x_wconf 81' lang='lat' dir='ltr'>atque</span> <span class='ocrx_word' id='word_1_601' title='bbox 2075 2775 2174 2800; x_wconf 80' lang='lat' dir='ltr'>omne</span> <span class='ocrx_word' id='word_1_602' title='bbox 2181 2757 2353 2809; x_wconf 74' lang='lat' dir='ltr'>futurum</span> 
     </span>
     <span class='ocr_line' id='line_1_93' title="bbox 1438 2815 1778 2853; baseline 0.006 -2"><span class='ocrx_word' id='word_1_603' title='bbox 1438 2815 1582 2852; x_wconf 84' lang='lat' dir='ltr'>Nititur</span> <span class='ocrx_word' id='word_1_604' title='bbox 1599 2816 1638 2852; x_wconf 86' lang='lat' dir='ltr'>in</span> <span class='ocrx_word' id='word_1_605' title='bbox 1656 2815 1778 2853; x_wconf 85' lang='lat' dir='ltr'>lucem.</span> 
     </span>
    </p>
   </div>
   <div class='ocr_carea' id='block_1_25' title="bbox 1386 2857 2517 2916">
    <p class='ocr_par' dir='ltr' id='par_1_39' title="bbox 1386 2857 2517 2916">
     <span class='ocr_line' id='line_1_94' title="bbox 1386 2857 2517 2916; baseline -0.002 -12"><span class='ocrx_word' id='word_1_606' title='bbox 1386 2865 1442 2904; x_wconf 78' lang='lat' dir='ltr'>Ita</span> <span class='ocrx_word' id='word_1_607' title='bbox 1454 2866 1565 2904; x_wconf 88' lang='lat' dir='ltr'>MSS.</span> <span class='ocrx_word' id='word_1_608' title='bbox 1578 2879 1767 2916; x_wconf 87' lang='lat' dir='ltr'>perperam</span> <span class='ocrx_word' id='word_1_609' title='bbox 1780 2864 1960 2904; x_wconf 87' lang='lat' dir='ltr'>editiones</span> <span class='ocrx_word' id='word_1_610' title='bbox 1972 2863 2106 2913; x_wconf 85' lang='lat' dir='ltr'>priscae</span> <span class='ocrx_word' id='word_1_611' title='bbox 2120 2864 2290 2900; x_wconf 74' lang='lat' dir='ltr'>mittitur.</span> <span class='ocrx_word' id='word_1_612' title='bbox 2308 2864 2354 2902; x_wconf 84' lang='lat' dir='ltr'>ita</span> <span class='ocrx_word' id='word_1_613' title='bbox 2367 2876 2432 2903; x_wconf 79' lang='lat' dir='ltr'>m.</span> <span class='ocrx_word' id='word_1_614' title='bbox 2457 2862 2469 2869; x_wconf 86' lang='lat'><strong><em>‘</em></strong></span> <span class='ocrx_word' id='word_1_615' title='bbox 2516 2857 2517 2860; x_wconf 30' lang='lat'>¹</span> 
     </span>
    </p>
   </div>
   <div class='ocr_carea' id='block_1_26' title="bbox 1388 2915 2436 3115">
    <p class='ocr_par' dir='ltr' id='par_1_40' title="bbox 1388 2915 2436 3115">
     <span class='ocr_line' id='line_1_95' title="bbox 1389 2915 2432 2967; baseline -0.002 -12"><span class='ocrx_word' id='word_1_616' title='bbox 1389 2919 1484 2956; x_wconf 87' lang='lat' dir='ltr'>Met.</span> <span class='ocrx_word' id='word_1_617' title='bbox 1497 2930 1579 2966; x_wconf 81' lang='lat'>599.</span> <span class='ocrx_word' id='word_1_618' title='bbox 1598 2930 1665 2967; x_wconf 91' lang='lat' dir='ltr'>pro</span> <span class='ocrx_word' id='word_1_619' title='bbox 1679 2918 1832 2967; x_wconf 84' lang='lat' dir='ltr'>udaeque</span> <span class='ocrx_word' id='word_1_620' title='bbox 1842 2916 1971 2953; x_wconf 82' lang='lat' dir='ltr'>innitor</span> <span class='ocrx_word' id='word_1_621' title='bbox 1984 2928 2122 2959; x_wconf 83' lang='lat' dir='ltr'>arenae,</span> <span class='ocrx_word' id='word_1_622' title='bbox 2140 2916 2198 2953; x_wconf 75' lang='lat' dir='ltr'>alii</span> <span class='ocrx_word' id='word_1_623' title='bbox 2213 2915 2358 2953; x_wconf 79' lang='lat' dir='ltr'>codices</span> <span class='ocrx_word' id='word_1_624' title='bbox 2367 2917 2432 2953; x_wconf 90' lang='lat' dir='ltr'>ha-</span> 
     </span>
     <span class='ocr_line' id='line_1_96' title="bbox 1388 2964 2434 3015; baseline -0.003 -9"><span class='ocrx_word' id='word_1_625' title='bbox 1388 2968 1477 3006; x_wconf 86' lang='lat' dir='ltr'>bent</span> <span class='ocrx_word' id='word_1_626' title='bbox 1496 2968 1681 3006; x_wconf 87' lang='lat' dir='ltr'>immittor.</span> <span class='ocrx_word' id='word_1_627' title='bbox 1701 2978 1817 3006; x_wconf 80' lang='lat' dir='ltr'>mutor</span> <span class='ocrx_word' id='word_1_628' title='bbox 1834 2977 1960 3004; x_wconf 87' lang='lat' dir='ltr'>tamen</span> <span class='ocrx_word' id='word_1_629' title='bbox 1983 2965 2131 3003; x_wconf 83' lang='lat' dir='ltr'>defendi</span> <span class='ocrx_word' id='word_1_630' title='bbox 2144 2964 2259 3015; x_wconf 73' lang='lat' dir='ltr'>poss&#39;et</span> <span class='ocrx_word' id='word_1_631' title='bbox 2273 2966 2434 3004; x_wconf 64' lang='lat' dir='ltr'>auetori-</span> 
     </span>
     <span class='ocr_line' id='line_1_97' title="bbox 1389 3016 2436 3106; baseline -0.003 -50"><span class='ocrx_word' id='word_1_632' title='bbox 1389 3028 1464 3057; x_wconf 84' lang='lat' dir='ltr'>tate</span> <span class='ocrx_word' id='word_1_633' title='bbox 1485 3020 1670 3106; x_wconf 55' lang='grc' dir='ltr'><strong>8611661ἑοό,</strong></span> <span class='ocrx_word' id='word_1_634' title='bbox 1696 3019 1793 3069; x_wconf 85' lang='lat' dir='ltr'>apud</span> <span class='ocrx_word' id='word_1_635' title='bbox 1813 3029 1927 3068; x_wconf 84' lang='lat' dir='ltr'>quem</span> <span class='ocrx_word' id='word_1_636' title='bbox 1944 3016 2106 3055; x_wconf 74' lang='lat' dir='ltr'>Phaedra</span> <span class='ocrx_word' id='word_1_637' title='bbox 2125 3019 2174 3056; x_wconf 83' lang='lat' dir='ltr'>ita</span> <span class='ocrx_word' id='word_1_638' title='bbox 2190 3017 2237 3056; x_wconf 89' lang='lat' dir='ltr'>ad</span> <span class='ocrx_word' id='word_1_639' title='bbox 2249 3016 2436 3067; x_wconf 69' lang='lat' dir='ltr'>Hippoly-</span> 
     </span>
     <span class='ocr_line' id='line_1_98' title="bbox 1391 3078 1694 3115; baseline -0.003 -7"><span class='ocrx_word' id='word_1_640' title='bbox 1391 3078 1473 3108; x_wconf 89' lang='lat' dir='ltr'>tum</span> <span class='ocrx_word' id='word_1_641' title='bbox 1494 3082 1587 3108; x_wconf 67' lang='grc' dir='ltr'><em>νοτε.</em></span> <span class='ocrx_word' id='word_1_642' title='bbox 1661 3082 1694 3115; x_wconf 91' lang='lat'>7.</span> 
     </span>
    </p>
   </div>
   <div class='ocr_carea' id='block_1_27' title="bbox 1441 3118 2262 3209">
    <p class='ocr_par' dir='ltr' id='par_1_41' title="bbox 1441 3118 2262 3209">
     <span class='ocr_line' id='line_1_99' title="bbox 1441 3118 2262 3170; baseline -0.004 -12"><span class='ocrx_word' id='word_1_643' title='bbox 1441 3120 1595 3170; x_wconf 75' lang='lat' dir='ltr'>Resperfiz</span> <span class='ocrx_word' id='word_1_644' title='bbox 1614 3120 1690 3158; x_wconf 88' lang='lat' dir='ltr'>labe</span> <span class='ocrx_word' id='word_1_645' title='bbox 1709 3120 1830 3166; x_wconf 84' lang='lat' dir='ltr'>nulla,</span> <span class='ocrx_word' id='word_1_646' title='bbox 1857 3130 1902 3161; x_wconf 66' lang='grc' dir='ltr'>φ’</span> <span class='ocrx_word' id='word_1_647' title='bbox 1916 3120 2053 3158; x_wconf 52' lang='lat' dir='ltr'>intaeta</span> <span class='ocrx_word' id='word_1_648' title='bbox 2066 3148 2078 3167; x_wconf 92' lang='lat'>,</span> <span class='ocrx_word' id='word_1_649' title='bbox 2103 3118 2262 3158; x_wconf 79' lang='lat' dir='ltr'>innocens</span> 
     </span>
     <span class='ocr_line' id='line_1_100' title="bbox 1445 3172 1752 3209; baseline 0 -1"><span class='ocrx_word' id='word_1_650' title='bbox 1445 3172 1522 3209; x_wconf 78' lang='lat' dir='ltr'>Tibi</span> <span class='ocrx_word' id='word_1_651' title='bbox 1541 3181 1658 3208; x_wconf 84' lang='lat' dir='ltr'>mutor</span> <span class='ocrx_word' id='word_1_652' title='bbox 1677 3172 1752 3209; x_wconf 79' lang='lat' dir='ltr'>uni.</span> 
     </span>
    </p>
   </div>
   <div class='ocr_carea' id='block_1_28' title="bbox 1393 3220 2441 3327">
    <p class='ocr_par' dir='ltr' id='par_1_42' title="bbox 1393 3220 2441 3327">
     <span class='ocr_line' id='line_1_101' title="bbox 1393 3220 2440 3273; baseline 0 -13"><span class='ocrx_word' id='word_1_653' title='bbox 1393 3222 1472 3260; x_wconf 90' lang='lat' dir='ltr'>Ubi</span> <span class='ocrx_word' id='word_1_654' title='bbox 1492 3223 1610 3261; x_wconf 86' lang='lat' dir='ltr'>codex</span> <span class='ocrx_word' id='word_1_655' title='bbox 1638 3223 1725 3273; x_wconf 86' lang='lat' dir='ltr'>Traj</span> <span class='ocrx_word' id='word_1_656' title='bbox 1733 3223 1875 3262; x_wconf 68' lang='lat' dir='ltr'>effla-ae</span> <span class='ocrx_word' id='word_1_657' title='bbox 1894 3222 2143 3263; x_wconf 84' lang='lat' dir='ltr'>Bibliothecae</span> <span class='ocrx_word' id='word_1_658' title='bbox 2156 3249 2167 3266; x_wconf 89' lang='lat'>‚</span> <span class='ocrx_word' id='word_1_659' title='bbox 2186 3221 2224 3258; x_wconf 72' lang='grc' dir='ltr'>δε</span> <span class='ocrx_word' id='word_1_660' title='bbox 2242 3220 2302 3258; x_wconf 89' lang='lat' dir='ltr'>alii</span> <span class='ocrx_word' id='word_1_661' title='bbox 2325 3221 2440 3260; x_wconf 87' lang='lat' dir='ltr'>etiam</span> 
     </span>
     <span class='ocr_line' id='line_1_102' title="bbox 1394 3271 2441 3327; baseline -0.005 -13"><span class='ocrx_word' id='word_1_662' title='bbox 1394 3273 1528 3315; x_wconf 79' lang='lat' dir='ltr'>mittor.</span> <span class='ocrx_word' id='word_1_663' title='bbox 1555 3274 1710 3316; x_wconf 87' lang='lat' dir='ltr'>Tacitus</span> <span class='ocrx_word' id='word_1_664' title='bbox 1743 3287 1776 3316; x_wconf 77' lang='grc' dir='ltr'>ι.</span> <span class='ocrx_word' id='word_1_665' title='bbox 1800 3274 1895 3316; x_wconf 88' lang='lat' dir='ltr'>Hist.</span> <span class='ocrx_word' id='word_1_666' title='bbox 1925 3286 2003 3327; x_wconf 84' lang='lat' dir='ltr'>cap.</span> <span class='ocrx_word' id='word_1_667' title='bbox 2035 3287 2095 3326; x_wconf 86' lang='lat'>50.</span> <span class='ocrx_word' id='word_1_668' title='bbox 2122 3272 2168 3313; x_wconf 88' lang='lat' dir='ltr'>de</span> <span class='ocrx_word' id='word_1_669' title='bbox 2193 3271 2441 3323; x_wconf 61' lang='lat' dir='ltr'>Vespasianoz</span> 
     </span>
    </p>
   </div>
   <div class='ocr_carea' id='block_1_29' title="bbox 2346 3317 2553 3372">
    <p class='ocr_par' dir='ltr' id='par_1_43' title="bbox 2346 3317 2553 3372">
     <span class='ocr_line' id='line_1_103' title="bbox 2346 3317 2553 3372; baseline 0.01 -11"><span class='ocrx_word' id='word_1_670' title='bbox 2346 3321 2444 3372; x_wconf 64' lang='lat' dir='ltr'>§olna</span> <span class='ocrx_word' id='word_1_671' title='bbox 2506 3355 2508 3359; x_wconf 65' lang='grc'>,</span> <span class='ocrx_word' id='word_1_672' title='bbox 2551 3317 2553 3326; x_wconf 72' lang='grc'>’</span> 
     </span>
    </p>
   </div>
   <div class='ocr_carea' id='block_1_30' title="bbox 2488 0 2553 415">
    <p class='ocr_par' dir='ltr' id='par_1_44' title="bbox 2488 0 2553 415">
     <span class='ocr_line' id='line_1_104' title="bbox 2488 0 2553 415; baseline 0 3261"><span class='ocrx_word' id='word_1_673' title='bbox 2488 0 2553 415; x_wconf 95' lang='lat' dir='ltr'> </span> 
     </span>
    </p>
   </div>
   <div class='ocr_carea' id='block_1_31' title="bbox 2495 584 2553 3308">
    <p class='ocr_par' dir='ltr' id='par_1_45' title="bbox 2495 584 2553 3308">
     <span class='ocr_line' id='line_1_105' title="bbox 2495 584 2553 3308; baseline 0 0"><span class='ocrx_word' id='word_1_674' title='bbox 2495 584 2553 3308; x_wconf 95' lang='lat' dir='ltr'> </span> 
     </span>
    </p>
   </div>
  </div>
 </body>
</html>
