<?xml version="1.0" encoding="UTF-8"?>
<!DOCTYPE html PUBLIC "-//W3C//DTD XHTML 1.0 Transitional//EN"
    "http://www.w3.org/TR/xhtml1/DTD/xhtml1-transitional.dtd">
<html xmlns="http://www.w3.org/1999/xhtml" xml:lang="en" lang="en">
 <head>
  <title>
</title>
<meta http-equiv="Content-Type" content="text/html;charset=utf-8" />
  <meta name='ocr-system' content='tesseract 3.04.00' />
  <meta name='ocr-capabilities' content='ocr_page ocr_carea ocr_par ocr_line ocrx_word'/>
</head>
<body>
  <div class='ocr_page' id='page_1' title='image "./publiiovidiinaso01ovid_0108.png"; bbox 0 0 2553 3676; ppageno 0'>
   <div class='ocr_carea' id='block_1_1' title="bbox 745 194 1910 259">
    <p class='ocr_par' dir='ltr' id='par_1_1' title="bbox 745 194 1910 259">
     <span class='ocr_line' id='line_1_1' title="bbox 745 194 1910 259; baseline -0.006 0"><span class='ocrx_word' id='word_1_1' title='bbox 745 201 807 259; x_wconf 91' lang='lat' dir='ltr'>P.</span> <span class='ocrx_word' id='word_1_2' title='bbox 882 195 1300 258; x_wconf 91' lang='lat' dir='ltr'>OVIDII</span> <span class='ocrx_word' id='word_1_3' title='bbox 1374 194 1910 254; x_wconf 87' lang='lat' dir='ltr'>NASONIS</span> 
     </span>
    </p>
   </div>
   <div class='ocr_carea' id='block_1_2' title="bbox 529 288 1998 443">
    <p class='ocr_par' dir='ltr' id='par_1_2' title="bbox 529 288 1998 443">
     <span class='ocr_line' id='line_1_2' title="bbox 529 288 1786 363; baseline -0.008 -11"><span class='ocrx_word' id='word_1_4' title='bbox 529 293 746 352; x_wconf 80' lang='lat' dir='ltr'>Scilicet</span> <span class='ocrx_word' id='word_1_5' title='bbox 766 305 828 352; x_wconf 90' lang='lat' dir='ltr'>ut</span> <span class='ocrx_word' id='word_1_6' title='bbox 852 306 1031 349; x_wconf 87' lang='lat' dir='ltr'>tauros</span> <span class='ocrx_word' id='word_1_7' title='bbox 1046 332 1061 357; x_wconf 92' lang='lat'>,</span> <span class='ocrx_word' id='word_1_8' title='bbox 1097 292 1170 346; x_wconf 86' lang='lat' dir='ltr'>ita</span> <span class='ocrx_word' id='word_1_9' title='bbox 1195 304 1248 347; x_wconf 90' lang='lat' dir='ltr'>te</span> <span class='ocrx_word' id='word_1_10' title='bbox 1269 290 1393 363; x_wconf 81' lang='lat' dir='ltr'>juga</span> <span class='ocrx_word' id='word_1_11' title='bbox 1415 288 1554 344; x_wconf 87' lang='lat' dir='ltr'>ferre</span> <span class='ocrx_word' id='word_1_12' title='bbox 1579 289 1786 360; x_wconf 79' lang='lat' dir='ltr'>coegit:</span> 
     </span>
     <span class='ocr_line' id='line_1_3' title="bbox 655 363 1998 443; baseline -0.005 -21"><span class='ocrx_word' id='word_1_13' title='bbox 655 386 828 442; x_wconf 87' lang='lat' dir='ltr'>uaque</span> <span class='ocrx_word' id='word_1_14' title='bbox 853 368 996 421; x_wconf 82' lang='lat' dir='ltr'>seros</span> <span class='ocrx_word' id='word_1_15' title='bbox 1021 383 1247 436; x_wconf 83' lang='lat' dir='ltr'>angues,</span> <span class='ocrx_word' id='word_1_16' title='bbox 1286 377 1340 418; x_wconf 88' lang='lat' dir='ltr'>te</span> <span class='ocrx_word' id='word_1_17' title='bbox 1365 381 1584 436; x_wconf 87' lang='lat' dir='ltr'>quoque</span> <span class='ocrx_word' id='word_1_18' title='bbox 1614 363 1855 443; x_wconf 18' lang='lat' dir='ltr'>mulcet&amp;</span> <span class='ocrx_word' id='word_1_19' title='bbox 1878 378 1998 434; x_wconf 89' lang='lat' dir='ltr'>ope.</span> 
     </span>
    </p>
   </div>
   <div class='ocr_carea' id='block_1_3' title="bbox 527 442 724 503">
    <p class='ocr_par' dir='ltr' id='par_1_3' title="bbox 527 442 724 503">
     <span class='ocr_line' id='line_1_4' title="bbox 527 442 724 503; baseline -0.02 -5"><span class='ocrx_word' id='word_1_20' title='bbox 527 442 621 498; x_wconf 81' lang='lat' dir='ltr'>Ad</span> <span class='ocrx_word' id='word_1_21' title='bbox 667 459 724 503; x_wconf 87' lang='lat' dir='ltr'>e,</span> 
     </span>
    </p>
   </div>
   <div class='ocr_carea' id='block_1_4' title="bbox 380 534 482 569">
    <p class='ocr_par' dir='ltr' id='par_1_4' title="bbox 380 534 482 569">
     <span class='ocr_line' id='line_1_5' title="bbox 380 534 482 569; baseline -0.01 0"><span class='ocrx_word' id='word_1_22' title='bbox 380 534 482 569; x_wconf 86' lang='lat'>100</span> 
     </span>
    </p>
   </div>
   <div class='ocr_carea' id='block_1_5' title="bbox 597 436 1995 580">
    <p class='ocr_par' dir='ltr' id='par_1_5' title="bbox 597 436 1995 580">
     <span class='ocr_line' id='line_1_6' title="bbox 762 436 1995 512; baseline -0.004 -18"><span class='ocrx_word' id='word_1_23' title='bbox 762 439 914 512; x_wconf 87' lang='lat' dir='ltr'>quod</span> <span class='ocrx_word' id='word_1_24' title='bbox 938 437 1164 493; x_wconf 82' lang='lat' dir='ltr'>adscribi</span> <span class='ocrx_word' id='word_1_25' title='bbox 1187 436 1337 494; x_wconf 71' lang='lat' dir='ltr'>faffls</span> <span class='ocrx_word' id='word_1_26' title='bbox 1361 451 1759 507; x_wconf 78' lang='lat' dir='ltr'><strong>procerumque</strong></span> <span class='ocrx_word' id='word_1_27' title='bbox 1783 449 1995 508; x_wconf 79' lang='lat' dir='ltr'>tuisque</span> 
     </span>
     <span class='ocr_line' id='line_1_7' title="bbox 597 506 1763 580; baseline -0.005 -12"><span class='ocrx_word' id='word_1_28' title='bbox 597 514 665 568; x_wconf 83' lang='lat' dir='ltr'>Se</span> <span class='ocrx_word' id='word_1_29' title='bbox 690 512 864 576; x_wconf 74' lang='lat' dir='ltr'>favet3</span> <span class='ocrx_word' id='word_1_30' title='bbox 905 511 961 567; x_wconf 71' lang='grc' dir='ltr'>δε</span> <span class='ocrx_word' id='word_1_31' title='bbox 987 512 1146 567; x_wconf 88' lang='lat' dir='ltr'>titulo</span> <span class='ocrx_word' id='word_1_32' title='bbox 1172 509 1416 580; x_wconf 88' lang='lat' dir='ltr'>conjugis</span> <span class='ocrx_word' id='word_1_33' title='bbox 1439 525 1578 563; x_wconf 78' lang='lat' dir='ltr'>uxor</span> <span class='ocrx_word' id='word_1_34' title='bbox 1601 506 1763 562; x_wconf 88' lang='lat' dir='ltr'>obest.</span> 
     </span>
    </p>
   </div>
   <div class='ocr_carea' id='block_1_6' title="bbox 2205 582 2391 656">
    <p class='ocr_par' dir='ltr' id='par_1_6' title="bbox 2205 582 2391 656">
     <span class='ocr_line' id='line_1_8' title="bbox 2205 582 2391 656; baseline 0.005 -20"><span class='ocrx_word' id='word_1_35' title='bbox 2205 582 2391 656; x_wconf 86' lang='lat' dir='ltr'>Atque</span> 
     </span>
    </p>
   </div>
   <div class='ocr_carea' id='block_1_7' title="bbox 225 695 2395 809">
    <p class='ocr_par' dir='ltr' id='par_1_7' title="bbox 225 695 2395 809">
     <span class='ocr_line' id='line_1_9' title="bbox 234 695 2395 755; baseline -0.005 -10"><span class='ocrx_word' id='word_1_36' title='bbox 234 705 274 745; x_wconf 72' lang='grc' dir='ltr'>ὅ(</span> <span class='ocrx_word' id='word_1_37' title='bbox 303 717 388 743; x_wconf 81' lang='lat' dir='ltr'>xxr.</span> <span class='ocrx_word' id='word_1_38' title='bbox 419 716 476 755; x_wconf 79' lang='lat'>34.</span> <span class='ocrx_word' id='word_1_39' title='bbox 505 703 544 742; x_wconf 88' lang='lat'>&amp;</span> <span class='ocrx_word' id='word_1_40' title='bbox 574 702 734 742; x_wconf 86' lang='lat' dir='ltr'>Ovidius</span> <span class='ocrx_word' id='word_1_41' title='bbox 768 715 850 742; x_wconf 82' lang='lat'>111.</span> <span class='ocrx_word' id='word_1_42' title='bbox 876 703 972 742; x_wconf 84' lang='lat' dir='ltr'>Met.</span> <span class='ocrx_word' id='word_1_43' title='bbox 993 702 1080 741; x_wconf 88' lang='lat'>608.</span> <span class='ocrx_word' id='word_1_44' title='bbox 1111 700 1171 738; x_wconf 77' lang='lat' dir='ltr'>Ille</span> <span class='ocrx_word' id='word_1_45' title='bbox 1193 710 1284 737; x_wconf 73' lang='lat' dir='ltr'>mero</span> <span class='ocrx_word' id='word_1_46' title='bbox 1340 697 1380 735; x_wconf 66' lang='grc' dir='ltr'>ὃ(</span> <span class='ocrx_word' id='word_1_47' title='bbox 1407 695 1623 747; x_wconf 86' lang='lat' dir='ltr'>subsequens</span> <span class='ocrx_word' id='word_1_48' title='bbox 1651 695 1671 734; x_wconf 72' lang='lat' dir='ltr'>a</span> <span class='ocrx_word' id='word_1_49' title='bbox 1704 697 1824 736; x_wconf 83' lang='lat' dir='ltr'>vocali</span> <span class='ocrx_word' id='word_1_50' title='bbox 1852 696 2036 755; x_wconf 74' lang='lat' dir='ltr'>incipiat,</span> <span class='ocrx_word' id='word_1_51' title='bbox 2072 697 2264 753; x_wconf 85' lang='lat' dir='ltr'>corripitur</span> <span class='ocrx_word' id='word_1_52' title='bbox 2286 697 2395 747; x_wconf 89' lang='lat' dir='ltr'>diph-</span> 
     </span>
     <span class='ocr_line' id='line_1_10' title="bbox 225 748 2393 809; baseline -0.004 -15"><span class='ocrx_word' id='word_1_53' title='bbox 225 757 414 809; x_wconf 72' lang='lat' dir='ltr'>somnoque</span> <span class='ocrx_word' id='word_1_54' title='bbox 432 755 566 804; x_wconf 79' lang='lat' dir='ltr'>gravis.</span> <span class='ocrx_word' id='word_1_55' title='bbox 596 755 728 793; x_wconf 85' lang='lat' dir='ltr'>Noster</span> <span class='ocrx_word' id='word_1_56' title='bbox 745 756 842 793; x_wconf 86' lang='lat' dir='ltr'>Met.</span> <span class='ocrx_word' id='word_1_57' title='bbox 862 767 922 791; x_wconf 87' lang='lat' dir='ltr'>xv.</span> <span class='ocrx_word' id='word_1_58' title='bbox 949 767 1008 790; x_wconf 83' lang='lat'>21.</span> <span class='ocrx_word' id='word_1_59' title='bbox 1037 751 1187 801; x_wconf 70' lang='lat' dir='ltr'>pressum</span> <span class='ocrx_word' id='word_1_60' title='bbox 1204 764 1286 799; x_wconf 72' lang='lat' dir='ltr'>gra-</span> <span class='ocrx_word' id='word_1_61' title='bbox 1340 749 1501 797; x_wconf 86' lang='lat' dir='ltr'>thongus</span> <span class='ocrx_word' id='word_1_62' title='bbox 1530 748 1774 796; x_wconf 84' lang='lat' dir='ltr'>praecedens,</span> <span class='ocrx_word' id='word_1_63' title='bbox 1801 759 1928 786; x_wconf 85' lang='lat' dir='ltr'>natura</span> <span class='ocrx_word' id='word_1_64' title='bbox 1951 750 2088 798; x_wconf 85' lang='lat' dir='ltr'>alioqui</span> <span class='ocrx_word' id='word_1_65' title='bbox 2110 749 2220 797; x_wconf 83' lang='lat' dir='ltr'>longa</span> <span class='ocrx_word' id='word_1_66' title='bbox 2236 777 2246 793; x_wconf 93' lang='lat'>,</span> <span class='ocrx_word' id='word_1_67' title='bbox 2271 759 2310 787; x_wconf 87' lang='lat' dir='ltr'>ut</span> <span class='ocrx_word' id='word_1_68' title='bbox 2334 756 2393 786; x_wconf 82' lang='lat' dir='ltr'>ln-</span> 
     </span>
    </p>
   </div>
   <div class='ocr_carea' id='block_1_8' title="bbox 226 803 1311 3352">
    <p class='ocr_par' dir='ltr' id='par_1_8' title="bbox 226 803 1290 1058">
     <span class='ocr_line' id='line_1_11' title="bbox 233 803 1287 856; baseline -0.006 -12"><span class='ocrx_word' id='word_1_69' title='bbox 233 818 348 844; x_wconf 81' lang='lat' dir='ltr'>vttate</span> <span class='ocrx_word' id='word_1_70' title='bbox 374 804 500 856; x_wconf 79' lang='lat' dir='ltr'>soporis</span> <span class='ocrx_word' id='word_1_71' title='bbox 526 805 690 854; x_wconf 77' lang='lat' dir='ltr'>Claviger</span> <span class='ocrx_word' id='word_1_72' title='bbox 724 806 938 856; x_wconf 73' lang='lat' dir='ltr'>adloquitur.</span> <span class='ocrx_word' id='word_1_73' title='bbox 984 805 1022 839; x_wconf 74' lang='grc' dir='ltr'>δί</span> <span class='ocrx_word' id='word_1_74' title='bbox 1061 803 1199 850; x_wconf 72' lang='lat' dir='ltr'>passim.</span> <span class='ocrx_word' id='word_1_75' title='bbox 1238 803 1287 839; x_wconf 74' lang='lat' dir='ltr'>ita</span> 
     </span>
     <span class='ocr_line' id='line_1_12' title="bbox 233 853 1289 907; baseline -0.005 -13"><span class='ocrx_word' id='word_1_76' title='bbox 233 868 389 907; x_wconf 89' lang='lat' dir='ltr'>quoque</span> <span class='ocrx_word' id='word_1_77' title='bbox 413 855 592 907; x_wconf 73' lang='lat' dir='ltr'>opprefficm</span> <span class='ocrx_word' id='word_1_78' title='bbox 607 858 728 905; x_wconf 78' lang='lat' dir='ltr'>fimmo</span> <span class='ocrx_word' id='word_1_79' title='bbox 743 855 851 904; x_wconf 74' lang='lat' dir='ltr'>gravi</span> <span class='ocrx_word' id='word_1_80' title='bbox 872 854 964 890; x_wconf 81' lang='lat' dir='ltr'>dixit</span> <span class='ocrx_word' id='word_1_81' title='bbox 984 853 1114 890; x_wconf 81' lang='lat' dir='ltr'>Livius</span> <span class='ocrx_word' id='word_1_82' title='bbox 1132 865 1206 890; x_wconf 81' lang='lat' dir='ltr'>vir.</span> <span class='ocrx_word' id='word_1_83' title='bbox 1229 864 1289 901; x_wconf 83' lang='lat'>39.</span> 
     </span>
     <span class='ocr_line' id='line_1_13' title="bbox 236 905 1289 954; baseline -0.006 -8"><span class='ocrx_word' id='word_1_84' title='bbox 236 911 275 946; x_wconf 67' lang='grc' dir='ltr'>ὃ(</span> <span class='ocrx_word' id='word_1_85' title='bbox 302 907 430 945; x_wconf 80' lang='lat' dir='ltr'>Caesar</span> <span class='ocrx_word' id='word_1_86' title='bbox 457 921 509 946; x_wconf 79' lang='lat' dir='ltr'>ii.</span> <span class='ocrx_word' id='word_1_87' title='bbox 543 907 614 944; x_wconf 84' lang='lat' dir='ltr'>sscl.</span> <span class='ocrx_word' id='word_1_88' title='bbox 637 907 707 943; x_wconf 85' lang='lat' dir='ltr'>civ.</span> <span class='ocrx_word' id='word_1_89' title='bbox 741 906 794 954; x_wconf 71' lang='lat'>38.</span> <span class='ocrx_word' id='word_1_90' title='bbox 825 906 864 942; x_wconf 89' lang='lat'>&amp;</span> <span class='ocrx_word' id='word_1_91' title='bbox 897 905 990 941; x_wconf 90' lang='lat' dir='ltr'>Ter.</span> <span class='ocrx_word' id='word_1_92' title='bbox 1017 905 1111 941; x_wconf 82' lang='lat' dir='ltr'>Eun.</span> <span class='ocrx_word' id='word_1_93' title='bbox 1145 916 1226 941; x_wconf 91' lang='lat'>111.</span> <span class='ocrx_word' id='word_1_94' title='bbox 1257 916 1289 951; x_wconf 82' lang='grc' dir='ltr'>ς.</span> 
     </span>
     <span class='ocr_line' id='line_1_14' title="bbox 236 955 1290 1007; baseline -0.004 -12"><span class='ocrx_word' id='word_1_95' title='bbox 236 965 382 995; x_wconf 83' lang='lat' dir='ltr'>Somnus</span> <span class='ocrx_word' id='word_1_96' title='bbox 401 958 574 1007; x_wconf 77' lang='lat' dir='ltr'>virginem</span> <span class='ocrx_word' id='word_1_97' title='bbox 602 957 771 1006; x_wconf 82' lang='lat' dir='ltr'>opprimit.</span> <span class='ocrx_word' id='word_1_98' title='bbox 798 955 859 993; x_wconf 84' lang='lat' dir='ltr'>scd</span> <span class='ocrx_word' id='word_1_99' title='bbox 883 956 976 992; x_wconf 76' lang='lat' dir='ltr'>haec</span> <span class='ocrx_word' id='word_1_100' title='bbox 992 956 1070 1004; x_wconf 84' lang='lat' dir='ltr'>jam</span> <span class='ocrx_word' id='word_1_101' title='bbox 1093 955 1219 993; x_wconf 79' lang='lat' dir='ltr'>nimia.</span> <span class='ocrx_word' id='word_1_102' title='bbox 1240 955 1290 1002; x_wconf 76' lang='grc' dir='ltr'>τῷ</span> 
     </span>
     <span class='ocr_line' id='line_1_15' title="bbox 226 1006 1132 1058; baseline -0.006 -11"><span class='ocrx_word' id='word_1_103' title='bbox 226 1011 308 1058; x_wconf 77' lang='lat' dir='ltr'>frui</span> <span class='ocrx_word' id='word_1_104' title='bbox 328 1010 439 1047; x_wconf 78' lang='lat' dir='ltr'>etiam</span> <span class='ocrx_word' id='word_1_105' title='bbox 461 1010 519 1046; x_wconf 76' lang='lat' dir='ltr'>sua</span> <span class='ocrx_word' id='word_1_106' title='bbox 541 1007 718 1056; x_wconf 81' lang='lat' dir='ltr'>elegantia</span> <span class='ocrx_word' id='word_1_107' title='bbox 742 1006 843 1044; x_wconf 86' lang='lat' dir='ltr'>inest.</span> <span class='ocrx_word' id='word_1_108' title='bbox 871 1006 1132 1044; x_wconf 58' lang='lat' dir='ltr'>Buummunus.</span> 
     </span>
    </p>

    <p class='ocr_par' dir='ltr' id='par_1_9' title="bbox 238 1057 1301 1454">
     <span class='ocr_line' id='line_1_16' title="bbox 288 1057 1292 1110; baseline -0.005 -12"><span class='ocrx_word' id='word_1_109' title='bbox 288 1073 350 1110; x_wconf 88' lang='lat'>99.</span> <span class='ocrx_word' id='word_1_110' title='bbox 379 1058 579 1109; x_wconf 77' lang='lat' dir='ltr'>Adscribi.]</span> <span class='ocrx_word' id='word_1_111' title='bbox 611 1059 701 1095; x_wconf 80' lang='lat' dir='ltr'>l&#39;lin.</span> <span class='ocrx_word' id='word_1_112' title='bbox 735 1071 791 1094; x_wconf 88' lang='lat' dir='ltr'>1x.</span> <span class='ocrx_word' id='word_1_113' title='bbox 829 1058 939 1106; x_wconf 83' lang='lat' dir='ltr'>Epist.</span> <span class='ocrx_word' id='word_1_114' title='bbox 972 1069 1026 1107; x_wconf 79' lang='lat'>13.</span> <span class='ocrx_word' id='word_1_115' title='bbox 1057 1057 1202 1107; x_wconf 83' lang='lat' dir='ltr'><em>Consule</em></span> <span class='ocrx_word' id='word_1_116' title='bbox 1232 1067 1292 1101; x_wconf 83' lang='lat' dir='ltr'>te,</span> 
     </span>
     <span class='ocr_line' id='line_1_17' title="bbox 238 1108 1293 1158; baseline -0.004 -10"><span class='ocrx_word' id='word_1_117' title='bbox 238 1125 298 1148; x_wconf 74' lang='lat' dir='ltr'>con</span> <span class='ocrx_word' id='word_1_118' title='bbox 317 1111 370 1148; x_wconf 84' lang='lat' dir='ltr'>ule</span> <span class='ocrx_word' id='word_1_119' title='bbox 388 1112 469 1147; x_wconf 83' lang='lat' dir='ltr'>illas</span> <span class='ocrx_word' id='word_1_120' title='bbox 482 1140 491 1155; x_wconf 90' lang='lat'>‚</span> <span class='ocrx_word' id='word_1_121' title='bbox 512 1123 559 1145; x_wconf 68' lang='grc' dir='ltr'>απ</span> <span class='ocrx_word' id='word_1_122' title='bbox 580 1108 697 1144; x_wconf 78' lang='lat' dir='ltr'>velitis</span> <span class='ocrx_word' id='word_1_123' title='bbox 715 1108 866 1157; x_wconf 78' lang='lat' dir='ltr'>adscribi</span> <span class='ocrx_word' id='word_1_124' title='bbox 877 1109 975 1155; x_wconf 59' lang='lat' dir='ltr'>fae&#39;lo</span> <span class='ocrx_word' id='word_1_125' title='bbox 989 1137 999 1153; x_wconf 94' lang='lat'><strong><em>,</em></strong></span> <span class='ocrx_word' id='word_1_126' title='bbox 1026 1108 1066 1145; x_wconf 84' lang='lat' dir='ltr'>in</span> <span class='ocrx_word' id='word_1_127' title='bbox 1085 1121 1150 1158; x_wconf 76' lang='lat' dir='ltr'>quo</span> <span class='ocrx_word' id='word_1_128' title='bbox 1169 1121 1222 1157; x_wconf 85' lang='lat' dir='ltr'>ego</span> <span class='ocrx_word' id='word_1_129' title='bbox 1241 1121 1293 1144; x_wconf 86' lang='lat' dir='ltr'>co-</span> 
     </span>
     <span class='ocr_line' id='line_1_18' title="bbox 239 1159 1296 1210; baseline -0.004 -11"><span class='ocrx_word' id='word_1_130' title='bbox 239 1163 325 1199; x_wconf 84' lang='lat' dir='ltr'>mite</span> <span class='ocrx_word' id='word_1_131' title='bbox 347 1176 413 1199; x_wconf 80' lang='lat' dir='ltr'>non</span> <span class='ocrx_word' id='word_1_132' title='bbox 439 1175 508 1210; x_wconf 76' lang='lat' dir='ltr'>egeo</span> <span class='ocrx_word' id='word_1_133' title='bbox 523 1189 532 1204; x_wconf 93' lang='lat'><strong><em>‚</em></strong></span> <span class='ocrx_word' id='word_1_134' title='bbox 553 1159 615 1208; x_wconf 79' lang='lat' dir='ltr'>sed</span> <span class='ocrx_word' id='word_1_135' title='bbox 636 1173 704 1196; x_wconf 79' lang='lat' dir='ltr'>non</span> <span class='ocrx_word' id='word_1_136' title='bbox 725 1160 777 1196; x_wconf 87' lang='lat' dir='ltr'>ita</span> <span class='ocrx_word' id='word_1_137' title='bbox 794 1159 922 1207; x_wconf 81' lang='lat' dir='ltr'>gloriae</span> <span class='ocrx_word' id='word_1_138' title='bbox 942 1173 1036 1196; x_wconf 83' lang='lat' dir='ltr'>meae</span> <span class='ocrx_word' id='word_1_139' title='bbox 1047 1159 1210 1206; x_wconf 82' lang='lat' dir='ltr'>faverim</span> <span class='ocrx_word' id='word_1_140' title='bbox 1224 1186 1234 1202; x_wconf 92' lang='lat'><strong>,</strong></span> <span class='ocrx_word' id='word_1_141' title='bbox 1255 1169 1296 1195; x_wconf 83' lang='lat' dir='ltr'>ut</span> 
     </span>
     <span class='ocr_line' id='line_1_19' title="bbox 239 1210 1296 1259; baseline -0.001 -11"><span class='ocrx_word' id='word_1_142' title='bbox 239 1212 338 1249; x_wconf 82' lang='lat' dir='ltr'>vobis</span> <span class='ocrx_word' id='word_1_143' title='bbox 365 1213 557 1255; x_wconf 70' lang='lat' dir='ltr'>fhcictatem</span> <span class='ocrx_word' id='word_1_144' title='bbox 588 1212 658 1259; x_wconf 71' lang='lat' dir='ltr'>ejus</span> <span class='ocrx_word' id='word_1_145' title='bbox 689 1211 885 1248; x_wconf 77' lang='lat' dir='ltr'><em>invideam.</em></span> <span class='ocrx_word' id='word_1_146' title='bbox 912 1211 1017 1248; x_wconf 79' lang='lat' dir='ltr'>Alter</span> <span class='ocrx_word' id='word_1_147' title='bbox 1044 1210 1180 1248; x_wconf 78' lang='lat' dir='ltr'>Plinius</span> <span class='ocrx_word' id='word_1_148' title='bbox 1210 1222 1296 1247; x_wconf 76' lang='lat' dir='ltr'>vir.</span> 
     </span>
     <span class='ocr_line' id='line_1_20' title="bbox 241 1258 1298 1311; baseline -0.003 -11"><span class='ocrx_word' id='word_1_149' title='bbox 241 1263 337 1300; x_wconf 84' lang='lat' dir='ltr'>Hist.</span> <span class='ocrx_word' id='word_1_150' title='bbox 356 1258 442 1300; x_wconf 29' lang='lat' dir='ltr'>”Nat</span> <span class='ocrx_word' id='word_1_151' title='bbox 480 1265 537 1300; x_wconf 83' lang='lat'>26.</span> <span class='ocrx_word' id='word_1_152' title='bbox 568 1262 697 1311; x_wconf 80' lang='lat' dir='ltr'>Oppida</span> <span class='ocrx_word' id='word_1_153' title='bbox 729 1273 969 1299; x_wconf 66' lang='lat' dir='ltr'>Dccctxxw.</span> <span class='ocrx_word' id='word_1_154' title='bbox 989 1262 1028 1298; x_wconf 87' lang='lat' dir='ltr'>in</span> <span class='ocrx_word' id='word_1_155' title='bbox 1055 1261 1221 1298; x_wconf 81' lang='lat' dir='ltr'>ditionem</span> <span class='ocrx_word' id='word_1_156' title='bbox 1245 1275 1298 1297; x_wconf 87' lang='lat' dir='ltr'>re-</span> 
     </span>
     <span class='ocr_line' id='line_1_21' title="bbox 241 1311 1298 1362; baseline 0 -13"><span class='ocrx_word' id='word_1_157' title='bbox 241 1314 347 1349; x_wconf 60' lang='lat' dir='ltr'>dueta</span> <span class='ocrx_word' id='word_1_158' title='bbox 367 1314 532 1350; x_wconf 69' lang='lat' dir='ltr'>vicloriae</span> <span class='ocrx_word' id='word_1_159' title='bbox 544 1313 630 1362; x_wconf 80' lang='lat' dir='ltr'>suae</span> <span class='ocrx_word' id='word_1_160' title='bbox 647 1311 833 1362; x_wconf 78' lang='lat' dir='ltr'>adscripsit.</span> <span class='ocrx_word' id='word_1_161' title='bbox 853 1313 972 1350; x_wconf 82' lang='lat' dir='ltr'>Cicer.</span> <span class='ocrx_word' id='word_1_162' title='bbox 995 1325 1047 1349; x_wconf 79' lang='lat' dir='ltr'>ix.</span> <span class='ocrx_word' id='word_1_163' title='bbox 1069 1311 1114 1349; x_wconf 84' lang='lat' dir='ltr'>ad</span> <span class='ocrx_word' id='word_1_164' title='bbox 1125 1313 1227 1349; x_wconf 80' lang='lat' dir='ltr'>Fam.</span> <span class='ocrx_word' id='word_1_165' title='bbox 1244 1325 1298 1357; x_wconf 77' lang='lat'>14.</span> 
     </span>
     <span class='ocr_line' id='line_1_22' title="bbox 241 1362 1299 1414; baseline -0.001 -12"><span class='ocrx_word' id='word_1_166' title='bbox 241 1365 437 1402; x_wconf 73' lang='lat' dir='ltr'>Hominum</span> <span class='ocrx_word' id='word_1_167' title='bbox 464 1365 572 1414; x_wconf 78' lang='lat' dir='ltr'>opinio</span> <span class='ocrx_word' id='word_1_168' title='bbox 599 1378 653 1401; x_wconf 85' lang='lat' dir='ltr'>me</span> <span class='ocrx_word' id='word_1_169' title='bbox 679 1363 845 1412; x_wconf 81' lang='lat' dir='ltr'><em>adscribit</em></span> <span class='ocrx_word' id='word_1_170' title='bbox 865 1364 998 1412; x_wconf 82' lang='lat' dir='ltr'>socium</span> <span class='ocrx_word' id='word_1_171' title='bbox 1027 1363 1096 1399; x_wconf 87' lang='lat' dir='ltr'>tuis</span> <span class='ocrx_word' id='word_1_172' title='bbox 1124 1362 1299 1401; x_wconf 76' lang='lat' dir='ltr'><em>laudibus.</em></span> 
     </span>
     <span class='ocr_line' id='line_1_23' title="bbox 245 1415 1301 1454; baseline -0.004 0"><span class='ocrx_word' id='word_1_173' title='bbox 245 1415 322 1454; x_wconf 81' lang='lat' dir='ltr'>vid.</span> <span class='ocrx_word' id='word_1_174' title='bbox 346 1415 390 1452; x_wconf 82' lang='lat' dir='ltr'>ad</span> <span class='ocrx_word' id='word_1_175' title='bbox 409 1416 559 1452; x_wconf 86' lang='lat' dir='ltr'>Phaedr.</span> <span class='ocrx_word' id='word_1_176' title='bbox 579 1428 629 1453; x_wconf 90' lang='lat' dir='ltr'>1v.</span> <span class='ocrx_word' id='word_1_177' title='bbox 652 1428 684 1452; x_wconf 85' lang='lat'>2.</span> <span class='ocrx_word' id='word_1_178' title='bbox 713 1415 981 1452; x_wconf 61' lang='lat' dir='ltr'>Bummmius.</span> <span class='ocrx_word' id='word_1_179' title='bbox 1296 1449 1301 1454; x_wconf 89' lang='grc'><em>,</em></span> 
     </span>
    </p>

    <p class='ocr_par' dir='ltr' id='par_1_10' title="bbox 246 1464 1300 1606">
     <span class='ocr_line' id='line_1_24' title="bbox 302 1464 1297 1516; baseline -0.001 -13"><span class='ocrx_word' id='word_1_180' title='bbox 302 1479 384 1504; x_wconf 77' lang='lat'>100.</span> <span class='ocrx_word' id='word_1_181' title='bbox 413 1472 451 1503; x_wconf 77' lang='lat' dir='ltr'>Se</span> <span class='ocrx_word' id='word_1_182' title='bbox 469 1466 610 1516; x_wconf 57' lang='lat' dir='ltr'>facin]</span> <span class='ocrx_word' id='word_1_183' title='bbox 640 1472 678 1502; x_wconf 83' lang='lat' dir='ltr'>Se</span> <span class='ocrx_word' id='word_1_184' title='bbox 699 1467 807 1513; x_wconf 78' lang='lat' dir='ltr'>favet</span> <span class='ocrx_word' id='word_1_185' title='bbox 834 1465 968 1515; x_wconf 81' lang='lat' dir='ltr'>priscae</span> <span class='ocrx_word' id='word_1_186' title='bbox 997 1464 1178 1503; x_wconf 79' lang='lat' dir='ltr'>editiones</span> <span class='ocrx_word' id='word_1_187' title='bbox 1211 1476 1297 1502; x_wconf 88' lang='lat' dir='ltr'>cum</span> 
     </span>
     <span class='ocr_line' id='line_1_25' title="bbox 246 1515 1300 1564; baseline 0.001 -10"><span class='ocrx_word' id='word_1_188' title='bbox 246 1519 397 1564; x_wconf 87' lang='lat' dir='ltr'>optimo</span> <span class='ocrx_word' id='word_1_189' title='bbox 430 1518 645 1562; x_wconf 83' lang='lat' dir='ltr'>Puteaneo,</span> <span class='ocrx_word' id='word_1_190' title='bbox 672 1518 710 1554; x_wconf 69' lang='grc' dir='ltr'>ἃ</span> <span class='ocrx_word' id='word_1_191' title='bbox 740 1517 815 1554; x_wconf 83' lang='lat' dir='ltr'>aliis</span> <span class='ocrx_word' id='word_1_192' title='bbox 846 1515 1032 1554; x_wconf 83' lang='lat' dir='ltr'>nonnullis</span> <span class='ocrx_word' id='word_1_193' title='bbox 1060 1516 1300 1555; x_wconf 88' lang='lat' dir='ltr'>membranis.</span> 
     </span>
     <span class='ocr_line' id='line_1_26' title="bbox 246 1567 879 1606; baseline 0 -2"><span class='ocrx_word' id='word_1_194' title='bbox 246 1567 424 1605; x_wconf 81' lang='lat' dir='ltr'>Venuste.</span> <span class='ocrx_word' id='word_1_195' title='bbox 454 1569 594 1606; x_wconf 82' lang='lat' dir='ltr'>Ennius</span> <span class='ocrx_word' id='word_1_196' title='bbox 614 1567 751 1605; x_wconf 83' lang='lat' dir='ltr'>Annali</span> <span class='ocrx_word' id='word_1_197' title='bbox 773 1581 813 1604; x_wconf 76' lang='lat' dir='ltr'>xi</span> <span class='ocrx_word' id='word_1_198' title='bbox 827 1580 879 1605; x_wconf 88' lang='lat'>11.</span> 
     </span>
    </p>

    <p class='ocr_par' dir='ltr' id='par_1_11' title="bbox 244 1618 1158 1707">
     <span class='ocr_line' id='line_1_27' title="bbox 298 1618 1158 1667; baseline 0.002 -13"><span class='ocrx_word' id='word_1_199' title='bbox 298 1624 487 1654; x_wconf 71' lang='lat' dir='ltr'>Asatronae</span> <span class='ocrx_word' id='word_1_200' title='bbox 507 1633 622 1656; x_wconf 80' lang='lat' dir='ltr'>mures</span> <span class='ocrx_word' id='word_1_201' title='bbox 642 1618 808 1667; x_wconf 83' lang='lat' dir='ltr'>complent</span> <span class='ocrx_word' id='word_1_202' title='bbox 816 1619 968 1666; x_wconf 58' lang='lat' dir='ltr'>spet‘sare</span> <span class='ocrx_word' id='word_1_203' title='bbox 978 1620 1158 1666; x_wconf 83' lang='lat' dir='ltr'>faventes.</span> 
     </span>
     <span class='ocr_line' id='line_1_28' title="bbox 244 1668 928 1707; baseline 0 -1"><span class='ocrx_word' id='word_1_204' title='bbox 244 1668 432 1707; x_wconf 79' lang='lat' dir='ltr'>Paullinus</span> <span class='ocrx_word' id='word_1_205' title='bbox 450 1682 556 1707; x_wconf 90' lang='lat' dir='ltr'>nono</span> <span class='ocrx_word' id='word_1_206' title='bbox 574 1670 696 1706; x_wconf 84' lang='lat' dir='ltr'>Natali</span> <span class='ocrx_word' id='word_1_207' title='bbox 716 1669 756 1705; x_wconf 89' lang='grc' dir='ltr'>Β.</span> <span class='ocrx_word' id='word_1_208' title='bbox 777 1669 904 1706; x_wconf 79' lang='lat' dir='ltr'>Felicis</span> <span class='ocrx_word' id='word_1_209' title='bbox 920 1682 928 1706; x_wconf 73' lang='grc' dir='ltr'>ε</span> 
     </span>
    </p>

    <p class='ocr_par' dir='ltr' id='par_1_12' title="bbox 297 1719 1276 1771">
     <span class='ocr_line' id='line_1_29' title="bbox 297 1719 1276 1771; baseline 0.001 -15"><span class='ocrx_word' id='word_1_210' title='bbox 297 1724 344 1756; x_wconf 81' lang='lat' dir='ltr'>Et</span> <span class='ocrx_word' id='word_1_211' title='bbox 365 1721 449 1771; x_wconf 75' lang='lat' dir='ltr'>quia</span> <span class='ocrx_word' id='word_1_212' title='bbox 468 1720 584 1768; x_wconf 75' lang='lat' dir='ltr'>Pastor</span> <span class='ocrx_word' id='word_1_213' title='bbox 605 1734 683 1758; x_wconf 83' lang='lat' dir='ltr'>oves</span> <span class='ocrx_word' id='word_1_214' title='bbox 699 1730 799 1768; x_wconf 78' lang='lat' dir='ltr'>auget</span> <span class='ocrx_word' id='word_1_215' title='bbox 818 1719 946 1764; x_wconf 86' lang='lat' dir='ltr'>bonus,</span> <span class='ocrx_word' id='word_1_216' title='bbox 974 1720 1091 1770; x_wconf 76' lang='lat' dir='ltr'>ampla</span> <span class='ocrx_word' id='word_1_217' title='bbox 1114 1719 1276 1757; x_wconf 81' lang='lat' dir='ltr'>redemtis</span> 
     </span>
    </p>

    <p class='ocr_par' dir='ltr' id='par_1_13' title="bbox 242 1771 1304 1971">
     <span class='ocr_line' id='line_1_30' title="bbox 300 1771 1267 1820; baseline 0.002 -14"><span class='ocrx_word' id='word_1_218' title='bbox 300 1773 452 1819; x_wconf 62' lang='lat' dir='ltr'>Crtjtere</span> <span class='ocrx_word' id='word_1_219' title='bbox 471 1786 548 1807; x_wconf 84' lang='lat' dir='ltr'>cum</span> <span class='ocrx_word' id='word_1_220' title='bbox 562 1771 717 1820; x_wconf 72' lang='lat' dir='ltr'>gregibus</span> <span class='ocrx_word' id='word_1_221' title='bbox 727 1772 833 1819; x_wconf 76' lang='lat' dir='ltr'>favet</span> <span class='ocrx_word' id='word_1_222' title='bbox 853 1771 949 1808; x_wconf 78' lang='lat' dir='ltr'>altus</span> <span class='ocrx_word' id='word_1_223' title='bbox 967 1773 1076 1808; x_wconf 80' lang='lat' dir='ltr'>ovilia</span> <span class='ocrx_word' id='word_1_224' title='bbox 1095 1772 1267 1818; x_wconf 73' lang='lat' dir='ltr'>Christus.</span> 
     </span>
     <span class='ocr_line' id='line_1_31' title="bbox 247 1820 1302 1870; baseline 0 -11"><span class='ocrx_word' id='word_1_225' title='bbox 247 1820 333 1859; x_wconf 81' lang='lat' dir='ltr'>Alia</span> <span class='ocrx_word' id='word_1_226' title='bbox 367 1821 632 1870; x_wconf 72' lang='lat' dir='ltr'>significatione</span> <span class='ocrx_word' id='word_1_227' title='bbox 661 1822 752 1858; x_wconf 77' lang='lat' dir='ltr'>dixit</span> <span class='ocrx_word' id='word_1_228' title='bbox 782 1822 926 1859; x_wconf 87' lang='lat' dir='ltr'>Solinus</span> <span class='ocrx_word' id='word_1_229' title='bbox 952 1822 1013 1859; x_wconf 88' lang='lat' dir='ltr'>sub</span> <span class='ocrx_word' id='word_1_230' title='bbox 1043 1821 1156 1859; x_wconf 88' lang='lat' dir='ltr'>finem</span> <span class='ocrx_word' id='word_1_231' title='bbox 1178 1823 1302 1869; x_wconf 87' lang='lat' dir='ltr'>capitis</span> 
     </span>
     <span class='ocr_line' id='line_1_32' title="bbox 247 1871 1304 1922; baseline -0.001 -13"><span class='ocrx_word' id='word_1_232' title='bbox 247 1884 285 1909; x_wconf 74' lang='lat' dir='ltr'>v.</span> <span class='ocrx_word' id='word_1_233' title='bbox 315 1877 391 1908; x_wconf 88' lang='lat' dir='ltr'>Dat</span> <span class='ocrx_word' id='word_1_234' title='bbox 421 1872 522 1909; x_wconf 82' lang='lat' dir='ltr'>India</span> <span class='ocrx_word' id='word_1_235' title='bbox 552 1871 889 1920; x_wconf 78' lang='lat' dir='ltr'>(Curaliachatcm)</span> <span class='ocrx_word' id='word_1_236' title='bbox 920 1886 1022 1922; x_wconf 77' lang='lat' dir='ltr'>quem</span> <span class='ocrx_word' id='word_1_237' title='bbox 1052 1873 1156 1910; x_wconf 87' lang='lat' dir='ltr'>oculis</span> <span class='ocrx_word' id='word_1_238' title='bbox 1184 1872 1304 1922; x_wconf 80' lang='lat' dir='ltr'>vidiffe</span> 
     </span>
     <span class='ocr_line' id='line_1_33' title="bbox 242 1921 1021 1971; baseline 0.003 -13"><span class='ocrx_word' id='word_1_239' title='bbox 242 1924 363 1970; x_wconf 75' lang='lat' dir='ltr'>favet.</span> <span class='ocrx_word' id='word_1_240' title='bbox 393 1935 458 1971; x_wconf 91' lang='lat' dir='ltr'>pro</span> <span class='ocrx_word' id='word_1_241' title='bbox 479 1923 623 1971; x_wconf 88' lang='lat' dir='ltr'>prodest</span> <span class='ocrx_word' id='word_1_242' title='bbox 646 1921 783 1961; x_wconf 76' lang='lat' dir='ltr'>vidiffe.</span> <span class='ocrx_word' id='word_1_243' title='bbox 806 1924 1021 1961; x_wconf 68' lang='lat' dir='ltr'>Heinsrus.</span> 
     </span>
    </p>

    <p class='ocr_par' dir='ltr' id='par_1_14' title="bbox 249 1972 1302 2125">
     <span class='ocr_line' id='line_1_34' title="bbox 307 1972 1302 2024; baseline 0.003 -13"><span class='ocrx_word' id='word_1_244' title='bbox 307 1986 387 2011; x_wconf 65' lang='lat'>101.</span> <span class='ocrx_word' id='word_1_245' title='bbox 417 1974 529 2011; x_wconf 81' lang='lat' dir='ltr'>Peliae</span> <span class='ocrx_word' id='word_1_246' title='bbox 547 1974 588 2010; x_wconf 80' lang='lat' dir='ltr'>de</span> <span class='ocrx_word' id='word_1_247' title='bbox 598 1972 794 2024; x_wconf 83' lang='lat' dir='ltr'>partibus.]</span> <span class='ocrx_word' id='word_1_248' title='bbox 818 1974 935 2011; x_wconf 58' lang='lat' dir='ltr'>Recte</span> <span class='ocrx_word' id='word_1_249' title='bbox 948 1984 1064 2024; x_wconf 85' lang='lat' dir='ltr'>partes</span> <span class='ocrx_word' id='word_1_250' title='bbox 1084 1974 1186 2014; x_wconf 76' lang='lat' dir='ltr'>dixit.</span> <span class='ocrx_word' id='word_1_251' title='bbox 1213 1987 1302 2014; x_wconf 76' lang='lat' dir='ltr'>nam</span> 
     </span>
     <span class='ocr_line' id='line_1_35' title="bbox 249 2025 1302 2073; baseline 0.004 -12"><span class='ocrx_word' id='word_1_252' title='bbox 249 2026 378 2073; x_wconf 89' lang='lat' dir='ltr'>populi</span> <span class='ocrx_word' id='word_1_253' title='bbox 396 2037 473 2073; x_wconf 84' lang='lat' dir='ltr'>pars</span> <span class='ocrx_word' id='word_1_254' title='bbox 488 2026 632 2062; x_wconf 79' lang='lat' dir='ltr'>favebat</span> <span class='ocrx_word' id='word_1_255' title='bbox 646 2026 780 2069; x_wconf 75' lang='lat' dir='ltr'>Peliae,</span> <span class='ocrx_word' id='word_1_256' title='bbox 794 2037 872 2073; x_wconf 82' lang='lat' dir='ltr'>pars</span> <span class='ocrx_word' id='word_1_257' title='bbox 887 2025 1036 2062; x_wconf 76' lang='lat' dir='ltr'>Aesoni.</span> <span class='ocrx_word' id='word_1_258' title='bbox 1050 2027 1170 2063; x_wconf 88' lang='lat' dir='ltr'>Valer.</span> <span class='ocrx_word' id='word_1_259' title='bbox 1184 2027 1302 2065; x_wconf 83' lang='lat' dir='ltr'>Flacc.</span> 
     </span>
     <span class='ocr_line' id='line_1_36' title="bbox 253 2075 1300 2125; baseline 0.002 -12"><span class='ocrx_word' id='word_1_260' title='bbox 253 2087 286 2113; x_wconf 92' lang='lat'>1.</span> <span class='ocrx_word' id='word_1_261' title='bbox 301 2086 359 2122; x_wconf 69' lang='lat'>70.</span> <span class='ocrx_word' id='word_1_262' title='bbox 373 2076 561 2124; x_wconf 73' lang='lat' dir='ltr'>deJasone</span> <span class='ocrx_word' id='word_1_263' title='bbox 581 2077 648 2114; x_wconf 90' lang='lat' dir='ltr'>iter</span> <span class='ocrx_word' id='word_1_264' title='bbox 667 2088 686 2113; x_wconf 85' lang='lat' dir='ltr'>a</span> <span class='ocrx_word' id='word_1_265' title='bbox 704 2075 803 2113; x_wconf 82' lang='lat' dir='ltr'>Pelia</span> <span class='ocrx_word' id='word_1_266' title='bbox 824 2075 1038 2113; x_wconf 81' lang='lat' dir='ltr'>mandatum</span> <span class='ocrx_word' id='word_1_267' title='bbox 1054 2077 1300 2125; x_wconf 88' lang='lat' dir='ltr'>auspicaturo:</span> 
     </span>
    </p>

    <p class='ocr_par' dir='ltr' id='par_1_15' title="bbox 300 2126 1303 2179">
     <span class='ocr_line' id='line_1_37' title="bbox 300 2126 1303 2179; baseline 0.002 -16"><span class='ocrx_word' id='word_1_268' title='bbox 300 2133 379 2164; x_wconf 72' lang='lat' dir='ltr'>Heu</span> <span class='ocrx_word' id='word_1_269' title='bbox 400 2127 802 2179; x_wconf 70' lang='lat' dir='ltr'>q.ttia¹agat‚populumne</span> <span class='ocrx_word' id='word_1_270' title='bbox 820 2126 1134 2177; x_wconf 75' lang='lat' dir='ltr'>levem,veterique</span> <span class='ocrx_word' id='word_1_271' title='bbox 1152 2138 1303 2176; x_wconf 74' lang='lat' dir='ltr'>tyranno</span> 
     </span>
    </p>

    <p class='ocr_par' dir='ltr' id='par_1_16' title="bbox 303 2177 1236 2231">
     <span class='ocr_line' id='line_1_38' title="bbox 303 2177 1236 2231; baseline 0.002 -17"><span class='ocrx_word' id='word_1_272' title='bbox 303 2179 480 2227; x_wconf 78' lang='lat' dir='ltr'>quensum</span> <span class='ocrx_word' id='word_1_273' title='bbox 493 2206 503 2223; x_wconf 89' lang='lat'>,</span> <span class='ocrx_word' id='word_1_274' title='bbox 531 2190 636 2229; x_wconf 75' lang='lat' dir='ltr'>atque</span> <span class='ocrx_word' id='word_1_275' title='bbox 652 2177 734 2214; x_wconf 84' lang='lat' dir='ltr'>olim</span> <span class='ocrx_word' id='word_1_276' title='bbox 753 2178 953 2228; x_wconf 67' lang='lat' dir='ltr'>miftrames</span> <span class='ocrx_word' id='word_1_277' title='bbox 972 2178 1108 2231; x_wconf 62' lang='lat' dir='ltr'>Aestiua</span> <span class='ocrx_word' id='word_1_278' title='bbox 1118 2186 1236 2230; x_wconf 81' lang='lat' dir='ltr'>partes</span> 
     </span>
    </p>

    <p class='ocr_par' dir='ltr' id='par_1_17' title="bbox 303 2229 478 2268">
     <span class='ocr_line' id='line_1_39' title="bbox 303 2229 478 2268; baseline 0.017 -4"><span class='ocrx_word' id='word_1_279' title='bbox 303 2229 478 2268; x_wconf 77' lang='lat' dir='ltr'>Advocet.</span> 
     </span>
    </p>

    <p class='ocr_par' dir='ltr' id='par_1_18' title="bbox 251 2278 1304 2433">
     <span class='ocr_line' id='line_1_40' title="bbox 254 2278 1303 2332; baseline 0.007 -17"><span class='ocrx_word' id='word_1_280' title='bbox 254 2278 315 2316; x_wconf 87' lang='lat' dir='ltr'>Sic</span> <span class='ocrx_word' id='word_1_281' title='bbox 339 2292 374 2317; x_wconf 92' lang='lat' dir='ltr'>n.</span> <span class='ocrx_word' id='word_1_282' title='bbox 400 2282 544 2330; x_wconf 84' lang='lat' dir='ltr'>optime</span> <span class='ocrx_word' id='word_1_283' title='bbox 564 2281 718 2320; x_wconf 85' lang='lat' dir='ltr'>Aldinus</span> <span class='ocrx_word' id='word_1_284' title='bbox 742 2283 874 2321; x_wconf 80' lang='lat' dir='ltr'>codex.</span> <span class='ocrx_word' id='word_1_285' title='bbox 901 2282 1005 2332; x_wconf 88' lang='lat' dir='ltr'>quod</span> <span class='ocrx_word' id='word_1_286' title='bbox 1027 2282 1162 2321; x_wconf 84' lang='lat' dir='ltr'>mirum</span> <span class='ocrx_word' id='word_1_287' title='bbox 1182 2285 1303 2322; x_wconf 89' lang='lat' dir='ltr'>nemi-</span> 
     </span>
     <span class='ocr_line' id='line_1_41' title="bbox 251 2332 1304 2385; baseline 0.007 -19"><span class='ocrx_word' id='word_1_288' title='bbox 251 2342 341 2367; x_wconf 88' lang='lat' dir='ltr'>nem</span> <span class='ocrx_word' id='word_1_289' title='bbox 372 2332 612 2382; x_wconf 76' lang='lat' dir='ltr'>interpretum</span> <span class='ocrx_word' id='word_1_290' title='bbox 642 2333 842 2371; x_wconf 74' lang='lat' dir='ltr'>observasse</span> <span class='ocrx_word' id='word_1_291' title='bbox 866 2362 876 2377; x_wconf 84' lang='lat'>,</span> <span class='ocrx_word' id='word_1_292' title='bbox 914 2336 1038 2382; x_wconf 86' lang='lat' dir='ltr'>inepte</span> <span class='ocrx_word' id='word_1_293' title='bbox 1070 2335 1182 2384; x_wconf 79' lang='lat' dir='ltr'>vulgo</span> <span class='ocrx_word' id='word_1_294' title='bbox 1205 2336 1304 2385; x_wconf 84' lang='lat' dir='ltr'>mise-</span> 
     </span>
     <span class='ocr_line' id='line_1_42' title="bbox 255 2384 1188 2433; baseline 0.008 -16"><span class='ocrx_word' id='word_1_295' title='bbox 255 2392 374 2419; x_wconf 72' lang='lat' dir='ltr'>rantes</span> <span class='ocrx_word' id='word_1_296' title='bbox 393 2388 529 2432; x_wconf 75' lang='lat' dir='ltr'>Aesona</span> <span class='ocrx_word' id='word_1_297' title='bbox 544 2393 660 2433; x_wconf 83' lang='lat' dir='ltr'>patres</span> <span class='ocrx_word' id='word_1_298' title='bbox 679 2385 815 2422; x_wconf 90' lang='lat' dir='ltr'>eodem</span> <span class='ocrx_word' id='word_1_299' title='bbox 838 2385 930 2421; x_wconf 91' lang='lat' dir='ltr'>libro</span> <span class='ocrx_word' id='word_1_300' title='bbox 952 2384 997 2422; x_wconf 90' lang='lat' dir='ltr'>de</span> <span class='ocrx_word' id='word_1_301' title='bbox 1022 2385 1188 2424; x_wconf 80' lang='lat' dir='ltr'>Aesone:</span> 
     </span>
    </p>

    <p class='ocr_par' dir='ltr' id='par_1_19' title="bbox 305 2433 1142 2484">
     <span class='ocr_line' id='line_1_43' title="bbox 305 2433 1142 2484; baseline 0.005 -16"><span class='ocrx_word' id='word_1_302' title='bbox 305 2433 359 2468; x_wconf 83' lang='lat' dir='ltr'>Sic</span> <span class='ocrx_word' id='word_1_303' title='bbox 380 2447 479 2470; x_wconf 84' lang='lat' dir='ltr'>curae</span> <span class='ocrx_word' id='word_1_304' title='bbox 487 2435 622 2484; x_wconf 80' lang='lat' dir='ltr'>subiere</span> <span class='ocrx_word' id='word_1_305' title='bbox 640 2435 761 2472; x_wconf 85' lang='lat' dir='ltr'>ducem</span> <span class='ocrx_word' id='word_1_306' title='bbox 773 2464 782 2479; x_wconf 93' lang='lat'>‚</span> <span class='ocrx_word' id='word_1_307' title='bbox 802 2437 986 2482; x_wconf 81' lang='lat' dir='ltr'>ferrumne</span> <span class='ocrx_word' id='word_1_308' title='bbox 1003 2435 1142 2484; x_wconf 76' lang='lat' dir='ltr'>capefflzt</span> 
     </span>
    </p>

    <p class='ocr_par' dir='ltr' id='par_1_20' title="bbox 309 2483 1174 2536">
     <span class='ocr_line' id='line_1_44' title="bbox 309 2483 1174 2536; baseline 0.005 -17"><span class='ocrx_word' id='word_1_309' title='bbox 309 2483 447 2520; x_wconf 84' lang='lat' dir='ltr'>Imbelle</span> <span class='ocrx_word' id='word_1_310' title='bbox 460 2513 470 2529; x_wconf 88' lang='lat'>‚</span> <span class='ocrx_word' id='word_1_311' title='bbox 496 2497 601 2536; x_wconf 75' lang='lat' dir='ltr'>atque</span> <span class='ocrx_word' id='word_1_312' title='bbox 622 2487 702 2523; x_wconf 81' lang='lat' dir='ltr'>aevi</span> <span class='ocrx_word' id='word_1_313' title='bbox 713 2486 827 2536; x_wconf 81' lang='lat' dir='ltr'>senior</span> <span class='ocrx_word' id='word_1_314' title='bbox 843 2486 1034 2535; x_wconf 81' lang='lat' dir='ltr'>gestamina</span> <span class='ocrx_word' id='word_1_315' title='bbox 1045 2487 1174 2536; x_wconf 84' lang='lat' dir='ltr'>primi,</span> 
     </span>
    </p>

    <p class='ocr_par' dir='ltr' id='par_1_21' title="bbox 307 2537 1150 2587">
     <span class='ocr_line' id='line_1_45' title="bbox 307 2537 1150 2587; baseline 0.007 -17"><span class='ocrx_word' id='word_1_316' title='bbox 307 2540 372 2571; x_wconf 82' lang='lat' dir='ltr'>An</span> <span class='ocrx_word' id='word_1_317' title='bbox 388 2545 504 2584; x_wconf 81' lang='lat' dir='ltr'>partes</span> <span class='ocrx_word' id='word_1_318' title='bbox 523 2537 681 2587; x_wconf 78' lang='lat' dir='ltr'>regnique</span> <span class='ocrx_word' id='word_1_319' title='bbox 700 2547 805 2574; x_wconf 83' lang='lat' dir='ltr'>acuat</span> <span class='ocrx_word' id='word_1_320' title='bbox 825 2537 994 2574; x_wconf 79' lang='lat' dir='ltr'>mutabile</span> <span class='ocrx_word' id='word_1_321' title='bbox 1011 2537 1150 2586; x_wconf 75' lang='lat' dir='ltr'>vulgus.</span> 
     </span>
    </p>

    <p class='ocr_par' dir='ltr' id='par_1_22' title="bbox 257 2585 1305 2788">
     <span class='ocr_line' id='line_1_46' title="bbox 257 2585 1304 2638; baseline 0.008 -16"><span class='ocrx_word' id='word_1_322' title='bbox 257 2585 316 2622; x_wconf 84' lang='lat' dir='ltr'>Sic</span> <span class='ocrx_word' id='word_1_323' title='bbox 343 2588 490 2624; x_wconf 77' lang='lat' dir='ltr'>rellituo</span> <span class='ocrx_word' id='word_1_324' title='bbox 519 2588 641 2625; x_wconf 84' lang='lat' dir='ltr'>invitis</span> <span class='ocrx_word' id='word_1_325' title='bbox 663 2588 784 2625; x_wconf 85' lang='lat' dir='ltr'>Codd.</span> <span class='ocrx_word' id='word_1_326' title='bbox 805 2589 918 2638; x_wconf 74' lang='lat' dir='ltr'>vulgo</span> <span class='ocrx_word' id='word_1_327' title='bbox 937 2590 1046 2626; x_wconf 79' lang='lat' dir='ltr'>etiam</span> <span class='ocrx_word' id='word_1_328' title='bbox 1071 2590 1107 2626; x_wconf 86' lang='lat' dir='ltr'>in</span> <span class='ocrx_word' id='word_1_329' title='bbox 1130 2589 1304 2630; x_wconf 85' lang='lat' dir='ltr'>omnibus</span> 
     </span>
     <span class='ocr_line' id='line_1_47' title="bbox 259 2635 1303 2688; baseline 0.007 -15"><span class='ocrx_word' id='word_1_330' title='bbox 259 2635 354 2673; x_wconf 71' lang='lat' dir='ltr'>Edit.</span> <span class='ocrx_word' id='word_1_331' title='bbox 374 2647 497 2685; x_wconf 70' lang='lat' dir='ltr'>patres.</span> <span class='ocrx_word' id='word_1_332' title='bbox 516 2638 576 2676; x_wconf 89' lang='lat' dir='ltr'>sed</span> <span class='ocrx_word' id='word_1_333' title='bbox 597 2639 762 2676; x_wconf 81' lang='lat' dir='ltr'>videatur</span> <span class='ocrx_word' id='word_1_334' title='bbox 781 2640 1016 2688; x_wconf 87' lang='lat' dir='ltr'>Apollonius.</span> <span class='ocrx_word' id='word_1_335' title='bbox 1048 2649 1156 2679; x_wconf 88' lang='lat' dir='ltr'>autor</span> <span class='ocrx_word' id='word_1_336' title='bbox 1177 2652 1303 2680; x_wconf 89' lang='lat' dir='ltr'>autem</span> 
     </span>
     <span class='ocr_line' id='line_1_48' title="bbox 257 2687 1305 2740; baseline 0.009 -18"><span class='ocrx_word' id='word_1_337' title='bbox 257 2687 401 2731; x_wconf 78' lang='lat' dir='ltr'>noller,</span> <span class='ocrx_word' id='word_1_338' title='bbox 430 2701 514 2725; x_wconf 86' lang='lat' dir='ltr'>cum</span> <span class='ocrx_word' id='word_1_339' title='bbox 548 2690 664 2726; x_wconf 70' lang='lat' dir='ltr'>credat</span> <span class='ocrx_word' id='word_1_340' title='bbox 693 2690 800 2734; x_wconf 87' lang='lat' dir='ltr'>dicit,</span> <span class='ocrx_word' id='word_1_341' title='bbox 829 2690 874 2728; x_wconf 82' lang='lat' dir='ltr'>ad</span> <span class='ocrx_word' id='word_1_342' title='bbox 901 2691 999 2740; x_wconf 75' lang='lat' dir='ltr'>vulgi</span> <span class='ocrx_word' id='word_1_343' title='bbox 1027 2691 1216 2730; x_wconf 85' lang='lat' dir='ltr'>levitatem</span> <span class='ocrx_word' id='word_1_344' title='bbox 1247 2706 1305 2731; x_wconf 88' lang='lat' dir='ltr'>re-</span> 
     </span>
     <span class='ocr_line' id='line_1_49' title="bbox 258 2736 1139 2788; baseline 0.007 -15"><span class='ocrx_word' id='word_1_345' title='bbox 258 2736 373 2786; x_wconf 79' lang='lat' dir='ltr'>spicit.</span> <span class='ocrx_word' id='word_1_346' title='bbox 397 2739 604 2778; x_wconf 57' lang='lat' dir='ltr'>Hrixsius.</span> <span class='ocrx_word' id='word_1_347' title='bbox 634 2740 719 2778; x_wconf 70' lang='lat' dir='ltr'>vid.</span> <span class='ocrx_word' id='word_1_348' title='bbox 741 2741 786 2778; x_wconf 81' lang='lat' dir='ltr'>ad</span> <span class='ocrx_word' id='word_1_349' title='bbox 805 2741 887 2778; x_wconf 61' lang='lat' dir='ltr'>inl.</span> <span class='ocrx_word' id='word_1_350' title='bbox 905 2741 1001 2779; x_wconf 77' lang='lat' dir='ltr'>Flac.</span> <span class='ocrx_word' id='word_1_351' title='bbox 1027 2755 1057 2779; x_wconf 89' lang='lat'>1.</span> <span class='ocrx_word' id='word_1_352' title='bbox 1080 2754 1139 2788; x_wconf 85' lang='lat'>70.</span> 
     </span>
    </p>

    <p class='ocr_par' dir='ltr' id='par_1_23' title="bbox 257 2790 1311 3352">
     <span class='ocr_line' id='line_1_50' title="bbox 315 2790 1303 2845; baseline 0.008 -21"><span class='ocrx_word' id='word_1_353' title='bbox 315 2800 395 2836; x_wconf 78' lang='lat'>103.</span> <span class='ocrx_word' id='word_1_354' title='bbox 418 2795 494 2825; x_wconf 66' lang='lat' dir='ltr'>Non</span> <span class='ocrx_word' id='word_1_355' title='bbox 516 2790 596 2827; x_wconf 74' lang='lat' dir='ltr'>haec</span> <span class='ocrx_word' id='word_1_356' title='bbox 618 2791 822 2840; x_wconf 79' lang='lat' dir='ltr'>Aesonides,</span> <span class='ocrx_word' id='word_1_357' title='bbox 843 2792 906 2841; x_wconf 69' lang='lat' dir='ltr'>fid</span> <span class='ocrx_word' id='word_1_358' title='bbox 917 2791 999 2840; x_wconf 85' lang='lat' dir='ltr'>filia</span> <span class='ocrx_word' id='word_1_359' title='bbox 1019 2792 1138 2843; x_wconf 81' lang='lat' dir='ltr'><em>Phasis</em></span> <span class='ocrx_word' id='word_1_360' title='bbox 1154 2794 1303 2845; x_wconf 85' lang='lat' dir='ltr'>A&#39;e&#39;tae]</span> 
     </span>
     <span class='ocr_line' id='line_1_51' title="bbox 258 2838 1306 2893; baseline 0.007 -17"><span class='ocrx_word' id='word_1_361' title='bbox 258 2838 438 2876; x_wconf 61' lang='lat' dir='ltr'>Dubitari</span> <span class='ocrx_word' id='word_1_362' title='bbox 458 2840 560 2888; x_wconf 64' lang='lat' dir='ltr'>saepe</span> <span class='ocrx_word' id='word_1_363' title='bbox 578 2851 698 2886; x_wconf 79' lang='lat' dir='ltr'>antea,</span> <span class='ocrx_word' id='word_1_364' title='bbox 711 2856 805 2892; x_wconf 82' lang='lat' dir='ltr'>quae</span> <span class='ocrx_word' id='word_1_365' title='bbox 825 2843 988 2881; x_wconf 79' lang='lat' dir='ltr'>maxime</span> <span class='ocrx_word' id='word_1_366' title='bbox 1007 2845 1199 2893; x_wconf 82' lang='lat' dir='ltr'>probabilis</span> <span class='ocrx_word' id='word_1_367' title='bbox 1219 2845 1306 2884; x_wconf 78' lang='lat' dir='ltr'>esset.</span> 
     </span>
     <span class='ocr_line' id='line_1_52' title="bbox 257 2890 1308 2946; baseline 0.009 -21"><span class='ocrx_word' id='word_1_368' title='bbox 257 2890 366 2938; x_wconf 87' lang='lat' dir='ltr'>hujus</span> <span class='ocrx_word' id='word_1_369' title='bbox 388 2891 556 2928; x_wconf 72' lang='lat' dir='ltr'>carminis</span> <span class='ocrx_word' id='word_1_370' title='bbox 575 2892 700 2930; x_wconf 67' lang='lat' dir='ltr'>lectio.</span> <span class='ocrx_word' id='word_1_371' title='bbox 728 2895 788 2931; x_wconf 82' lang='lat' dir='ltr'>An</span> <span class='ocrx_word' id='word_1_372' title='bbox 810 2895 901 2932; x_wconf 84' lang='lat' dir='ltr'>haec</span> <span class='ocrx_word' id='word_1_373' title='bbox 919 2895 1013 2943; x_wconf 82' lang='lat' dir='ltr'>ipsa,</span> <span class='ocrx_word' id='word_1_374' title='bbox 1034 2908 1146 2946; x_wconf 80' lang='lat' dir='ltr'>quam</span> <span class='ocrx_word' id='word_1_375' title='bbox 1168 2897 1232 2945; x_wconf 82' lang='lat' dir='ltr'>ipli</span> <span class='ocrx_word' id='word_1_376' title='bbox 1250 2910 1308 2935; x_wconf 87' lang='lat' dir='ltr'>re-</span> 
     </span>
     <span class='ocr_line' id='line_1_53' title="bbox 257 2939 1307 2998; baseline 0.007 -20"><span class='ocrx_word' id='word_1_377' title='bbox 257 2939 435 2992; x_wconf 81' lang='lat' dir='ltr'>liquimus</span> <span class='ocrx_word' id='word_1_378' title='bbox 450 2969 460 2986; x_wconf 88' lang='lat'><em>,</em></span> <span class='ocrx_word' id='word_1_379' title='bbox 488 2953 533 2979; x_wconf 81' lang='lat' dir='ltr'>an</span> <span class='ocrx_word' id='word_1_380' title='bbox 555 2954 665 2992; x_wconf 77' lang='lat' dir='ltr'>quam</span> <span class='ocrx_word' id='word_1_381' title='bbox 688 2944 746 2981; x_wconf 82' lang='lat' dir='ltr'>alii</span> <span class='ocrx_word' id='word_1_382' title='bbox 768 2944 996 2990; x_wconf 68' lang='lat' dir='ltr'>substituere,</span> <span class='ocrx_word' id='word_1_383' title='bbox 1016 2946 1160 2998; x_wconf 81' lang='lat' dir='ltr'>Phasias</span> <span class='ocrx_word' id='word_1_384' title='bbox 1180 2953 1307 2992; x_wconf 78' lang='lat' dir='ltr'>Actae,</span> 
     </span>
     <span class='ocr_line' id='line_1_54' title="bbox 257 2992 1308 3047; baseline 0.006 -18"><span class='ocrx_word' id='word_1_385' title='bbox 257 2992 424 3040; x_wconf 85' lang='lat' dir='ltr'>legentes</span> <span class='ocrx_word' id='word_1_386' title='bbox 446 3004 530 3028; x_wconf 83' lang='lat' dir='ltr'>cuin</span> <span class='ocrx_word' id='word_1_387' title='bbox 554 2993 725 3036; x_wconf 82' lang='lat' dir='ltr'>hic,turn</span> <span class='ocrx_word' id='word_1_388' title='bbox 746 2996 782 3031; x_wconf 89' lang='lat' dir='ltr'>in</span> <span class='ocrx_word' id='word_1_389' title='bbox 807 2996 962 3039; x_wconf 75' lang='lat' dir='ltr'>Medea,</span> <span class='ocrx_word' id='word_1_390' title='bbox 976 3005 1016 3033; x_wconf 88' lang='lat' dir='ltr'>ut</span> <span class='ocrx_word' id='word_1_391' title='bbox 1033 3003 1166 3033; x_wconf 83' lang='lat' dir='ltr'>Aetam</span> <span class='ocrx_word' id='word_1_392' title='bbox 1186 2998 1308 3047; x_wconf 77' lang='lat' dir='ltr'>bissyl-</span> 
     </span>
     <span class='ocr_line' id='line_1_55' title="bbox 260 3042 1308 3093; baseline 0.005 -13"><span class='ocrx_word' id='word_1_393' title='bbox 260 3042 385 3080; x_wconf 85' lang='lat' dir='ltr'>labum</span> <span class='ocrx_word' id='word_1_394' title='bbox 406 3043 570 3080; x_wconf 79' lang='lat' dir='ltr'>fecerint.</span> <span class='ocrx_word' id='word_1_395' title='bbox 595 3045 692 3093; x_wconf 75' lang='lat' dir='ltr'>Ego,</span> <span class='ocrx_word' id='word_1_396' title='bbox 710 3054 748 3082; x_wconf 90' lang='lat' dir='ltr'>ut</span> <span class='ocrx_word' id='word_1_397' title='bbox 770 3047 1063 3082; x_wconf 74' lang='lat' dir='ltr'>contractionem</span> <span class='ocrx_word' id='word_1_398' title='bbox 1085 3048 1308 3091; x_wconf 79' lang='lat' dir='ltr'>illam‚male</span> 
     </span>
     <span class='ocr_line' id='line_1_56' title="bbox 261 3093 1308 3144; baseline 0.004 -14"><span class='ocrx_word' id='word_1_399' title='bbox 261 3094 375 3131; x_wconf 84' lang='lat' dir='ltr'>ctiam</span> <span class='ocrx_word' id='word_1_400' title='bbox 396 3093 438 3130; x_wconf 84' lang='lat' dir='ltr'>ab</span> <span class='ocrx_word' id='word_1_401' title='bbox 456 3094 510 3130; x_wconf 88' lang='lat' dir='ltr'>his</span> <span class='ocrx_word' id='word_1_402' title='bbox 526 3094 708 3143; x_wconf 79' lang='lat' dir='ltr'>scriptam,</span> <span class='ocrx_word' id='word_1_403' title='bbox 720 3107 795 3132; x_wconf 85' lang='lat' dir='ltr'>non</span> <span class='ocrx_word' id='word_1_404' title='bbox 813 3096 986 3133; x_wconf 63' lang='lat' dir='ltr'>hatotemls</span> <span class='ocrx_word' id='word_1_405' title='bbox 1001 3096 1122 3144; x_wconf 86' lang='lat' dir='ltr'>legere</span> <span class='ocrx_word' id='word_1_406' title='bbox 1136 3100 1308 3143; x_wconf 87' lang='lat' dir='ltr'>memini,</span> 
     </span>
     <span class='ocr_line' id='line_1_57' title="bbox 262 3143 1308 3196; baseline 0.005 -16"><span class='ocrx_word' id='word_1_407' title='bbox 262 3143 310 3181; x_wconf 80' lang='lat' dir='ltr'>iic</span> <span class='ocrx_word' id='word_1_408' title='bbox 335 3144 461 3181; x_wconf 88' lang='lat' dir='ltr'>malim</span> <span class='ocrx_word' id='word_1_409' title='bbox 481 3143 715 3194; x_wconf 69' lang='lat' dir='ltr'>trissyllabum</span> <span class='ocrx_word' id='word_1_410' title='bbox 739 3146 899 3190; x_wconf 75' lang='lat' dir='ltr'>serrare,</span> <span class='ocrx_word' id='word_1_411' title='bbox 924 3156 962 3184; x_wconf 90' lang='lat' dir='ltr'>ut</span> <span class='ocrx_word' id='word_1_412' title='bbox 982 3146 1231 3196; x_wconf 82' lang='lat' dir='ltr'>diphthongus</span> <span class='ocrx_word' id='word_1_413' title='bbox 1250 3150 1308 3186; x_wconf 89' lang='lat' dir='ltr'>illa</span> 
     </span>
     <span class='ocr_line' id='line_1_58' title="bbox 265 3195 1309 3247; baseline 0.004 -15"><span class='ocrx_word' id='word_1_414' title='bbox 265 3196 502 3243; x_wconf 74' lang='lat' dir='ltr'>corripiatur,</span> <span class='ocrx_word' id='word_1_415' title='bbox 529 3195 693 3246; x_wconf 83' lang='lat' dir='ltr'>sequenti</span> <span class='ocrx_word' id='word_1_416' title='bbox 722 3198 862 3241; x_wconf 77' lang='lat' dir='ltr'>vocali,</span> <span class='ocrx_word' id='word_1_417' title='bbox 891 3198 993 3247; x_wconf 89' lang='lat' dir='ltr'>quod</span> <span class='ocrx_word' id='word_1_418' title='bbox 1023 3200 1061 3235; x_wconf 71' lang='grc' dir='ltr'>ὃ(</span> <span class='ocrx_word' id='word_1_419' title='bbox 1090 3199 1238 3236; x_wconf 84' lang='lat' dir='ltr'>Graecis</span> <span class='ocrx_word' id='word_1_420' title='bbox 1270 3201 1309 3236; x_wconf 59' lang='grc' dir='ltr'>ἃ</span> 
     </span>
     <span class='ocr_line' id='line_1_59' title="bbox 265 3246 1311 3296; baseline 0.004 -13"><span class='ocrx_word' id='word_1_421' title='bbox 265 3246 407 3284; x_wconf 82' lang='lat' dir='ltr'>Latinis</span> <span class='ocrx_word' id='word_1_422' title='bbox 434 3246 560 3284; x_wconf 79' lang='lat' dir='ltr'>nostris</span> <span class='ocrx_word' id='word_1_423' title='bbox 586 3249 633 3285; x_wconf 80' lang='lat' dir='ltr'>cst</span> <span class='ocrx_word' id='word_1_424' title='bbox 661 3249 865 3296; x_wconf 74' lang='lat' dir='ltr'>peculiare,</span> <span class='ocrx_word' id='word_1_425' title='bbox 893 3262 929 3286; x_wconf 91' lang='lat' dir='ltr'>m</span> <span class='ocrx_word' id='word_1_426' title='bbox 950 3249 1086 3287; x_wconf 86' lang='lat' dir='ltr'>duabus</span> <span class='ocrx_word' id='word_1_427' title='bbox 1103 3249 1236 3288; x_wconf 81' lang='lat' dir='ltr'>scilicet</span> <span class='ocrx_word' id='word_1_428' title='bbox 1256 3249 1311 3288; x_wconf 89' lang='lat' dir='ltr'>di-</span> 
     </span>
     <span class='ocr_line' id='line_1_60' title="bbox 266 3295 1310 3352; baseline 0.003 -15"><span class='ocrx_word' id='word_1_429' title='bbox 266 3295 469 3347; x_wconf 65' lang='lat' dir='ltr'>cuonibus:</span> <span class='ocrx_word' id='word_1_430' title='bbox 500 3297 584 3338; x_wconf 76' lang='lat' dir='ltr'>ciun</span> <span class='ocrx_word' id='word_1_431' title='bbox 606 3311 677 3339; x_wconf 78' lang='lat' dir='ltr'>una</span> <span class='ocrx_word' id='word_1_432' title='bbox 699 3300 799 3339; x_wconf 82' lang='lat' dir='ltr'>enim</span> <span class='ocrx_word' id='word_1_433' title='bbox 821 3301 1037 3340; x_wconf 78' lang='lat' dir='ltr'>terminatur</span> <span class='ocrx_word' id='word_1_434' title='bbox 1054 3300 1310 3352; x_wconf 83' lang='lat' dir='ltr'>diphthongO,</span> 
     </span>
    </p>
   </div>
   <div class='ocr_carea' id='block_1_9' title="bbox 1336 798 1581 848">
    <p class='ocr_par' dir='ltr' id='par_1_24' title="bbox 1336 798 1581 848">
     <span class='ocr_line' id='line_1_61' title="bbox 1336 798 1581 848; baseline 0 -14"><span class='ocrx_word' id='word_1_435' title='bbox 1336 798 1436 848; x_wconf 72' lang='lat' dir='ltr'>sulae</span> <span class='ocrx_word' id='word_1_436' title='bbox 1459 799 1549 835; x_wconf 76' lang='lat' dir='ltr'>Ionio</span> <span class='ocrx_word' id='word_1_437' title='bbox 1572 827 1581 842; x_wconf 95' lang='lat'>,</span> 
     </span>
    </p>
   </div>
   <div class='ocr_carea' id='block_1_10' title="bbox 1343 799 2419 3397">
    <p class='ocr_par' dir='ltr' id='par_1_25' title="bbox 1343 799 2402 1001">
     <span class='ocr_line' id='line_1_62' title="bbox 1621 799 2395 844; baseline 0 -8"><span class='ocrx_word' id='word_1_438' title='bbox 1621 811 1667 836; x_wconf 90' lang='lat' dir='ltr'>ne</span> <span class='ocrx_word' id='word_1_439' title='bbox 1689 800 1831 837; x_wconf 87' lang='lat' dir='ltr'>Graeca</span> <span class='ocrx_word' id='word_1_440' title='bbox 1851 801 1962 837; x_wconf 88' lang='lat' dir='ltr'>citein</span> <span class='ocrx_word' id='word_1_441' title='bbox 1975 828 1984 842; x_wconf 95' lang='lat'>‚</span> <span class='ocrx_word' id='word_1_442' title='bbox 2015 800 2052 836; x_wconf 64' lang='grc' dir='ltr'>ὃς</span> <span class='ocrx_word' id='word_1_443' title='bbox 2074 799 2133 834; x_wconf 81' lang='lat' dir='ltr'>Ilio</span> <span class='ocrx_word' id='word_1_444' title='bbox 2151 801 2244 844; x_wconf 86' lang='lat' dir='ltr'>alto,</span> <span class='ocrx_word' id='word_1_445' title='bbox 2273 802 2311 837; x_wconf 67' lang='grc' dir='ltr'>δε</span> <span class='ocrx_word' id='word_1_446' title='bbox 2331 806 2395 836; x_wconf 87' lang='lat' dir='ltr'>Pe-</span> 
     </span>
     <span class='ocr_line' id='line_1_63' title="bbox 1343 848 2397 899; baseline 0.002 -15"><span class='ocrx_word' id='word_1_447' title='bbox 1343 849 1389 885; x_wconf 78' lang='lat' dir='ltr'>lio</span> <span class='ocrx_word' id='word_1_448' title='bbox 1408 849 1535 899; x_wconf 72' lang='lat' dir='ltr'>Ossam.</span> <span class='ocrx_word' id='word_1_449' title='bbox 1554 848 1615 887; x_wconf 87' lang='lat' dir='ltr'>sed</span> <span class='ocrx_word' id='word_1_450' title='bbox 1633 851 1672 887; x_wconf 90' lang='lat'>&amp;</span> <span class='ocrx_word' id='word_1_451' title='bbox 1692 851 1728 888; x_wconf 90' lang='lat' dir='ltr'>in</span> <span class='ocrx_word' id='word_1_452' title='bbox 1750 850 1880 888; x_wconf 84' lang='lat' dir='ltr'>eadem</span> <span class='ocrx_word' id='word_1_453' title='bbox 1902 850 2065 888; x_wconf 67' lang='lat' dir='ltr'>dietione</span> <span class='ocrx_word' id='word_1_454' title='bbox 2086 850 2262 899; x_wconf 85' lang='lat' dir='ltr'>Virgilius</span> <span class='ocrx_word' id='word_1_455' title='bbox 2277 879 2286 895; x_wconf 89' lang='lat'>,</span> <span class='ocrx_word' id='word_1_456' title='bbox 2308 860 2397 887; x_wconf 83' lang='lat' dir='ltr'>cum</span> 
     </span>
     <span class='ocr_line' id='line_1_64' title="bbox 1345 899 2402 952; baseline 0.002 -15"><span class='ocrx_word' id='word_1_457' title='bbox 1345 900 1438 937; x_wconf 78' lang='lat' dir='ltr'>dixit</span> <span class='ocrx_word' id='word_1_458' title='bbox 1459 899 1673 952; x_wconf 77' lang='lat' dir='ltr'>sudibusque</span> <span class='ocrx_word' id='word_1_459' title='bbox 1694 902 1884 951; x_wconf 85' lang='lat' dir='ltr'>praeustis,</span> <span class='ocrx_word' id='word_1_460' title='bbox 1912 901 2187 950; x_wconf 84' lang='lat' dir='ltr'>diphthongum</span> <span class='ocrx_word' id='word_1_461' title='bbox 2210 901 2402 951; x_wconf 49' lang='lat' dir='ltr'>corripuitg</span> 
     </span>
     <span class='ocr_line' id='line_1_65' title="bbox 1347 951 2276 1001; baseline 0.002 -13"><span class='ocrx_word' id='word_1_462' title='bbox 1347 951 1451 999; x_wconf 90' lang='lat' dir='ltr'>Quin</span> <span class='ocrx_word' id='word_1_463' title='bbox 1471 951 1598 999; x_wconf 81' lang='lat' dir='ltr'>&amp;ipse</span> <span class='ocrx_word' id='word_1_464' title='bbox 1622 952 1780 991; x_wconf 88' lang='lat' dir='ltr'>Ovidius</span> <span class='ocrx_word' id='word_1_465' title='bbox 1798 954 1833 990; x_wconf 90' lang='lat' dir='ltr'>in</span> <span class='ocrx_word' id='word_1_466' title='bbox 1859 954 2057 990; x_wconf 86' lang='lat' dir='ltr'>Metamor.</span> <span class='ocrx_word' id='word_1_467' title='bbox 2080 964 2166 989; x_wconf 78' lang='lat' dir='ltr'>vir.</span> <span class='ocrx_word' id='word_1_468' title='bbox 2194 963 2276 1001; x_wconf 85' lang='lat'>131.</span> 
     </span>
    </p>

    <p class='ocr_par' dir='ltr' id='par_1_26' title="bbox 1348 1001 2406 1205">
     <span class='ocr_line' id='line_1_66' title="bbox 1400 1001 2284 1054; baseline 0.002 -16"><span class='ocrx_word' id='word_1_469' title='bbox 1400 1004 1495 1050; x_wconf 72' lang='lat' dir='ltr'>Qos</span> <span class='ocrx_word' id='word_1_470' title='bbox 1516 1001 1575 1039; x_wconf 84' lang='lat' dir='ltr'>ubi</span> <span class='ocrx_word' id='word_1_471' title='bbox 1593 1003 1760 1040; x_wconf 80' lang='lat' dir='ltr'>viderunt</span> <span class='ocrx_word' id='word_1_472' title='bbox 1772 1014 1980 1054; x_wconf 80' lang='lat' dir='ltr'>praeacutae</span> <span class='ocrx_word' id='word_1_473' title='bbox 2000 1003 2142 1053; x_wconf 74' lang='lat' dir='ltr'>cuspidis</span> <span class='ocrx_word' id='word_1_474' title='bbox 2159 1003 2284 1051; x_wconf 79' lang='lat' dir='ltr'>hastas.</span> 
     </span>
     <span class='ocr_line' id='line_1_67' title="bbox 1348 1052 2400 1105; baseline 0.003 -15"><span class='ocrx_word' id='word_1_475' title='bbox 1348 1052 1519 1090; x_wconf 79' lang='lat' dir='ltr'>Tametsi</span> <span class='ocrx_word' id='word_1_476' title='bbox 1546 1053 1627 1091; x_wconf 90' lang='lat' dir='ltr'>sunt</span> <span class='ocrx_word' id='word_1_477' title='bbox 1646 1083 1656 1099; x_wconf 93' lang='lat'>‚</span> <span class='ocrx_word' id='word_1_478' title='bbox 1693 1057 1758 1104; x_wconf 91' lang='lat' dir='ltr'>qui</span> <span class='ocrx_word' id='word_1_479' title='bbox 1786 1056 1909 1105; x_wconf 86' lang='lat' dir='ltr'>legant</span> <span class='ocrx_word' id='word_1_480' title='bbox 1929 1065 2124 1105; x_wconf 83' lang='lat' dir='ltr'>peracutae.</span> <span class='ocrx_word' id='word_1_481' title='bbox 2150 1055 2294 1093; x_wconf 87' lang='lat' dir='ltr'>Verum</span> <span class='ocrx_word' id='word_1_482' title='bbox 2324 1056 2400 1093; x_wconf 84' lang='lat' dir='ltr'>hoe</span> 
     </span>
     <span class='ocr_line' id='line_1_68' title="bbox 1349 1104 2406 1156; baseline 0.003 -15"><span class='ocrx_word' id='word_1_483' title='bbox 1349 1104 1508 1142; x_wconf 83' lang='lat' dir='ltr'>Ausonii</span> <span class='ocrx_word' id='word_1_484' title='bbox 1537 1104 1655 1142; x_wconf 88' lang='lat' dir='ltr'>nullus</span> <span class='ocrx_word' id='word_1_485' title='bbox 1686 1106 1869 1144; x_wconf 87' lang='lat' dir='ltr'>invertere</span> <span class='ocrx_word' id='word_1_486' title='bbox 1888 1107 2018 1156; x_wconf 76' lang='lat' dir='ltr'>possit,</span> <span class='ocrx_word' id='word_1_487' title='bbox 2048 1118 2132 1144; x_wconf 87' lang='lat' dir='ltr'>cum</span> <span class='ocrx_word' id='word_1_488' title='bbox 2162 1106 2221 1144; x_wconf 89' lang='lat' dir='ltr'>ille</span> <span class='ocrx_word' id='word_1_489' title='bbox 2251 1107 2288 1144; x_wconf 90' lang='lat' dir='ltr'>in</span> <span class='ocrx_word' id='word_1_490' title='bbox 2309 1107 2406 1151; x_wconf 76' lang='lat' dir='ltr'>Pro-¹</span> 
     </span>
     <span class='ocr_line' id='line_1_69' title="bbox 1350 1155 2384 1205; baseline 0.002 -12"><span class='ocrx_word' id='word_1_491' title='bbox 1350 1157 1507 1205; x_wconf 87' lang='lat' dir='ltr'>treptico</span> <span class='ocrx_word' id='word_1_492' title='bbox 1528 1155 1572 1193; x_wconf 90' lang='lat' dir='ltr'>ad</span> <span class='ocrx_word' id='word_1_493' title='bbox 1587 1156 1778 1205; x_wconf 85' lang='lat' dir='ltr'>Nepotem</span> <span class='ocrx_word' id='word_1_494' title='bbox 1799 1157 1953 1195; x_wconf 87' lang='lat' dir='ltr'>scribens</span> <span class='ocrx_word' id='word_1_495' title='bbox 1971 1158 2045 1195; x_wconf 89' lang='lat' dir='ltr'>hoc</span> <span class='ocrx_word' id='word_1_496' title='bbox 2068 1157 2170 1195; x_wconf 84' lang='lat' dir='ltr'>versu</span> <span class='ocrx_word' id='word_1_497' title='bbox 2190 1159 2238 1195; x_wconf 82' lang='lat' dir='ltr'>ita</span> <span class='ocrx_word' id='word_1_498' title='bbox 2259 1158 2384 1197; x_wconf 83' lang='lat' dir='ltr'>ludat:</span> 
     </span>
    </p>

    <p class='ocr_par' dir='ltr' id='par_1_27' title="bbox 1353 1208 2407 1410">
     <span class='ocr_line' id='line_1_70' title="bbox 1405 1208 2279 1258; baseline 0.006 -16"><span class='ocrx_word' id='word_1_499' title='bbox 1405 1213 1449 1243; x_wconf 78' lang='lat' dir='ltr'>‘se</span> <span class='ocrx_word' id='word_1_500' title='bbox 1462 1217 1644 1257; x_wconf 81' lang='lat' dir='ltr'>praeeunte</span> <span class='ocrx_word' id='word_1_501' title='bbox 1665 1217 1759 1257; x_wconf 82' lang='lat' dir='ltr'>nepos</span> <span class='ocrx_word' id='word_1_502' title='bbox 1779 1208 1961 1245; x_wconf 85' lang='lat' dir='ltr'>modulata</span> <span class='ocrx_word' id='word_1_503' title='bbox 1974 1218 2135 1258; x_wconf 72' lang='lat' dir='ltr'>poemata</span> <span class='ocrx_word' id='word_1_504' title='bbox 2154 1208 2279 1247; x_wconf 84' lang='lat' dir='ltr'>Flacci.</span> 
     </span>
     <span class='ocr_line' id='line_1_71' title="bbox 1353 1257 2407 1309; baseline 0.001 -13"><span class='ocrx_word' id='word_1_505' title='bbox 1353 1257 1463 1296; x_wconf 85' lang='lat' dir='ltr'>Adde</span> <span class='ocrx_word' id='word_1_506' title='bbox 1490 1258 1592 1308; x_wconf 84' lang='lat' dir='ltr'>quod</span> <span class='ocrx_word' id='word_1_507' title='bbox 1621 1260 1683 1296; x_wconf 86' lang='lat' dir='ltr'>vix</span> <span class='ocrx_word' id='word_1_508' title='bbox 1713 1260 1809 1309; x_wconf 83' lang='lat' dir='ltr'>legas</span> <span class='ocrx_word' id='word_1_509' title='bbox 1826 1288 1836 1303; x_wconf 85' lang='lat'><em>‚</em></span> <span class='ocrx_word' id='word_1_510' title='bbox 1859 1259 1925 1297; x_wconf 80' lang='lat' dir='ltr'>nisi</span> <span class='ocrx_word' id='word_1_511' title='bbox 1954 1261 2138 1296; x_wconf 88' lang='lat' dir='ltr'>memoria</span> <span class='ocrx_word' id='word_1_512' title='bbox 2166 1271 2228 1296; x_wconf 86' lang='lat' dir='ltr'>me</span> <span class='ocrx_word' id='word_1_513' title='bbox 2255 1259 2407 1305; x_wconf 71' lang='lat' dir='ltr'>deficit,“</span> 
     </span>
     <span class='ocr_line' id='line_1_72' title="bbox 1354 1308 2406 1360; baseline 0.004 -14"><span class='ocrx_word' id='word_1_514' title='bbox 1354 1313 1498 1346; x_wconf 74' lang='lat' dir='ltr'>AE&#39;e&#39;tam</span> <span class='ocrx_word' id='word_1_515' title='bbox 1519 1308 1769 1359; x_wconf 73' lang='lat' dir='ltr'>bissyllabum:</span> <span class='ocrx_word' id='word_1_516' title='bbox 1798 1323 1886 1349; x_wconf 77' lang='lat' dir='ltr'>nam</span> <span class='ocrx_word' id='word_1_517' title='bbox 1904 1311 1963 1349; x_wconf 90' lang='lat' dir='ltr'>ille</span> <span class='ocrx_word' id='word_1_518' title='bbox 1986 1310 2118 1348; x_wconf 88' lang='lat' dir='ltr'>Ovidii</span> <span class='ocrx_word' id='word_1_519' title='bbox 2139 1310 2260 1349; x_wconf 85' lang='lat' dir='ltr'>versus</span> <span class='ocrx_word' id='word_1_520' title='bbox 2280 1312 2328 1350; x_wconf 84' lang='lat' dir='ltr'>ita</span> <span class='ocrx_word' id='word_1_521' title='bbox 2348 1311 2406 1360; x_wconf 52' lang='lat' dir='ltr'>leg</span> 
     </span>
     <span class='ocr_line' id='line_1_73' title="bbox 1354 1361 2207 1410; baseline 0 -12"><span class='ocrx_word' id='word_1_522' title='bbox 1354 1362 1451 1410; x_wconf 86' lang='lat' dir='ltr'>gitur</span> <span class='ocrx_word' id='word_1_523' title='bbox 1470 1362 1508 1399; x_wconf 88' lang='lat' dir='ltr'>in</span> <span class='ocrx_word' id='word_1_524' title='bbox 1527 1361 1676 1399; x_wconf 87' lang='lat' dir='ltr'>vetustis</span> <span class='ocrx_word' id='word_1_525' title='bbox 1695 1361 1894 1400; x_wconf 84' lang='lat' dir='ltr'>codicibus.</span> <span class='ocrx_word' id='word_1_526' title='bbox 1914 1374 1986 1398; x_wconf 82' lang='lat' dir='ltr'>vn.</span> <span class='ocrx_word' id='word_1_527' title='bbox 2007 1362 2102 1398; x_wconf 88' lang='lat' dir='ltr'>Met.</span> <span class='ocrx_word' id='word_1_528' title='bbox 2126 1373 2207 1407; x_wconf 85' lang='lat'>170.</span> 
     </span>
    </p>

    <p class='ocr_par' dir='ltr' id='par_1_28' title="bbox 1406 1410 2273 1464">
     <span class='ocr_line' id='line_1_74' title="bbox 1406 1410 2273 1464; baseline 0.003 -17"><span class='ocrx_word' id='word_1_529' title='bbox 1406 1410 1680 1464; x_wconf 74' lang='lat' dir='ltr'>Diffimilemque</span> <span class='ocrx_word' id='word_1_530' title='bbox 1695 1415 1857 1450; x_wconf 84' lang='lat' dir='ltr'>animum</span> <span class='ocrx_word' id='word_1_531' title='bbox 1867 1412 1980 1462; x_wconf 83' lang='lat' dir='ltr'>subiit</span> <span class='ocrx_word' id='word_1_532' title='bbox 1997 1416 2105 1449; x_wconf 77' lang='lat' dir='ltr'>AE&#39;e&#39;ta</span> <span class='ocrx_word' id='word_1_533' title='bbox 2122 1412 2273 1454; x_wconf 66' lang='lat' dir='ltr'>relicifus.</span> 
     </span>
    </p>

    <p class='ocr_par' dir='ltr' id='par_1_29' title="bbox 1356 1462 2262 1565">
     <span class='ocr_line' id='line_1_75' title="bbox 1356 1462 1935 1513; baseline -0.002 -12"><span class='ocrx_word' id='word_1_534' title='bbox 1356 1462 1403 1501; x_wconf 89' lang='lat' dir='ltr'>Et</span> <span class='ocrx_word' id='word_1_535' title='bbox 1421 1463 1545 1512; x_wconf 83' lang='lat' dir='ltr'>paullo</span> <span class='ocrx_word' id='word_1_536' title='bbox 1567 1466 1647 1513; x_wconf 85' lang='lat' dir='ltr'>post</span> <span class='ocrx_word' id='word_1_537' title='bbox 1669 1465 1829 1502; x_wconf 84' lang='lat' dir='ltr'>Ovidius</span> <span class='ocrx_word' id='word_1_538' title='bbox 1852 1476 1935 1513; x_wconf 80' lang='lat'>325.</span> 
     </span>
     <span class='ocr_line' id='line_1_76' title="bbox 1636 1512 2262 1565; baseline 0 -13"><span class='ocrx_word' id='word_1_539' title='bbox 1636 1521 1729 1552; x_wconf 87' lang='lat' dir='ltr'>Cum</span> <span class='ocrx_word' id='word_1_540' title='bbox 1748 1515 1866 1565; x_wconf 85' lang='lat' dir='ltr'>rapido</span> <span class='ocrx_word' id='word_1_541' title='bbox 1883 1513 2009 1562; x_wconf 83' lang='lat' dir='ltr'><em>fallax</em></span> <span class='ocrx_word' id='word_1_542' title='bbox 2025 1514 2171 1551; x_wconf 65' lang='lat' dir='ltr'>Aeetias</span> <span class='ocrx_word' id='word_1_543' title='bbox 2189 1512 2262 1564; x_wconf 84' lang='lat' dir='ltr'>igni</span> 
     </span>
    </p>

    <p class='ocr_par' dir='ltr' id='par_1_30' title="bbox 1410 1565 1876 1616">
     <span class='ocr_line' id='line_1_77' title="bbox 1410 1565 1876 1616; baseline 0.004 -14"><span class='ocrx_word' id='word_1_544' title='bbox 1410 1565 1557 1613; x_wconf 84' lang='lat' dir='ltr'>Imponit</span> <span class='ocrx_word' id='word_1_545' title='bbox 1575 1575 1702 1616; x_wconf 81' lang='lat' dir='ltr'>purum</span> <span class='ocrx_word' id='word_1_546' title='bbox 1723 1566 1876 1605; x_wconf 82' lang='lat' dir='ltr'>laticem.</span> 
     </span>
    </p>

    <p class='ocr_par' dir='ltr' id='par_1_31' title="bbox 1355 1615 1581 1654">
     <span class='ocr_line' id='line_1_78' title="bbox 1355 1615 1581 1654; baseline -0.009 0"><span class='ocrx_word' id='word_1_547' title='bbox 1355 1615 1403 1654; x_wconf 90' lang='lat' dir='ltr'>Et</span> <span class='ocrx_word' id='word_1_548' title='bbox 1422 1616 1581 1652; x_wconf 80' lang='lat' dir='ltr'>Medea:</span> 
     </span>
    </p>

    <p class='ocr_par' dir='ltr' id='par_1_32' title="bbox 1357 1666 2292 1755">
     <span class='ocr_line' id='line_1_79' title="bbox 1409 1666 2292 1717; baseline 0.007 -17"><span class='ocrx_word' id='word_1_549' title='bbox 1409 1672 1489 1701; x_wconf 84' lang='lat' dir='ltr'>Non</span> <span class='ocrx_word' id='word_1_550' title='bbox 1507 1676 1583 1701; x_wconf 84' lang='lat' dir='ltr'>erat</span> <span class='ocrx_word' id='word_1_551' title='bbox 1603 1670 1756 1711; x_wconf 83' lang='lat' dir='ltr'>Ae&#39;e&#39;tas,</span> <span class='ocrx_word' id='word_1_552' title='bbox 1783 1666 1832 1703; x_wconf 87' lang='lat' dir='ltr'>ad</span> <span class='ocrx_word' id='word_1_553' title='bbox 1851 1679 1953 1717; x_wconf 77' lang='lat' dir='ltr'>quem</span> <span class='ocrx_word' id='word_1_554' title='bbox 1973 1667 2122 1717; x_wconf 69' lang='lat' dir='ltr'>desper‘la</span> <span class='ocrx_word' id='word_1_555' title='bbox 2143 1667 2292 1707; x_wconf 76' lang='lat' dir='ltr'>veniret.</span> 
     </span>
     <span class='ocr_line' id='line_1_80' title="bbox 1357 1717 1587 1755; baseline 0 0"><span class='ocrx_word' id='word_1_556' title='bbox 1357 1717 1407 1755; x_wconf 82' lang='lat' dir='ltr'>Et</span> <span class='ocrx_word' id='word_1_557' title='bbox 1430 1717 1587 1755; x_wconf 89' lang='lat' dir='ltr'>iterum:</span> 
     </span>
    </p>

    <p class='ocr_par' dir='ltr' id='par_1_33' title="bbox 1356 1768 2413 2738">
     <span class='ocr_line' id='line_1_81' title="bbox 1411 1768 2410 1818; baseline 0.009 -16"><span class='ocrx_word' id='word_1_558' title='bbox 1411 1773 1491 1803; x_wconf 86' lang='lat' dir='ltr'>Non</span> <span class='ocrx_word' id='word_1_559' title='bbox 1503 1768 1598 1816; x_wconf 80' lang='lat' dir='ltr'>senis</span> <span class='ocrx_word' id='word_1_560' title='bbox 1614 1771 1739 1805; x_wconf 82' lang='lat' dir='ltr'>AE&#39;e&#39;tae</span> <span class='ocrx_word' id='word_1_561' title='bbox 1755 1769 1847 1818; x_wconf 82' lang='lat' dir='ltr'>regia</span> <span class='ocrx_word' id='word_1_562' title='bbox 1868 1775 2012 1806; x_wconf 87' lang='lat' dir='ltr'>Lemnos</span> <span class='ocrx_word' id='word_1_563' title='bbox 2031 1779 2117 1807; x_wconf 84' lang='lat' dir='ltr'>erat.</span> <span class='ocrx_word' id='word_1_564' title='bbox 2180 1769 2410 1812; x_wconf 60' lang='lat' dir='ltr'>EGNA&#39;rIusl</span> 
     </span>
     <span class='ocr_line' id='line_1_82' title="bbox 1360 1819 2408 1870; baseline 0.006 -14"><span class='ocrx_word' id='word_1_565' title='bbox 1360 1819 1418 1856; x_wconf 89' lang='lat' dir='ltr'>Sic</span> <span class='ocrx_word' id='word_1_566' title='bbox 1430 1819 1468 1854; x_wconf 89' lang='lat' dir='ltr'>in</span> <span class='ocrx_word' id='word_1_567' title='bbox 1480 1819 1662 1857; x_wconf 87' lang='lat' dir='ltr'>veteribus</span> <span class='ocrx_word' id='word_1_568' title='bbox 1678 1821 1864 1858; x_wconf 86' lang='lat' dir='ltr'>nonnullis</span> <span class='ocrx_word' id='word_1_569' title='bbox 1887 1820 2165 1869; x_wconf 82' lang='lat' dir='ltr'>exemplaribus.</span> <span class='ocrx_word' id='word_1_570' title='bbox 2186 1822 2224 1858; x_wconf 87' lang='lat'>&amp;</span> <span class='ocrx_word' id='word_1_571' title='bbox 2237 1824 2408 1870; x_wconf 70' lang='lat' dir='ltr'>profecto</span> 
     </span>
     <span class='ocr_line' id='line_1_83' title="bbox 1360 1868 2409 1923; baseline 0.005 -17"><span class='ocrx_word' id='word_1_572' title='bbox 1360 1868 1480 1918; x_wconf 82' lang='lat' dir='ltr'>Phafis</span> <span class='ocrx_word' id='word_1_573' title='bbox 1499 1873 1631 1906; x_wconf 73' lang='lat' dir='ltr'>Ae’e&#39;tae</span> <span class='ocrx_word' id='word_1_574' title='bbox 1649 1871 1752 1908; x_wconf 89' lang='lat' dir='ltr'>nullo</span> <span class='ocrx_word' id='word_1_575' title='bbox 1773 1871 1880 1919; x_wconf 74' lang='lat' dir='ltr'>pae&#39;to</span> <span class='ocrx_word' id='word_1_576' title='bbox 1900 1871 1972 1919; x_wconf 86' lang='lat' dir='ltr'>legi</span> <span class='ocrx_word' id='word_1_577' title='bbox 1990 1871 2173 1919; x_wconf 85' lang='lat' dir='ltr'>potest,ut</span> <span class='ocrx_word' id='word_1_578' title='bbox 2192 1877 2316 1909; x_wconf 71' lang='lat' dir='ltr'>AEe&#39;tae</span> <span class='ocrx_word' id='word_1_579' title='bbox 2334 1876 2409 1923; x_wconf 87' lang='lat' dir='ltr'>pri-</span> 
     </span>
     <span class='ocr_line' id='line_1_84' title="bbox 1360 1920 2409 1969; baseline 0.005 -11"><span class='ocrx_word' id='word_1_580' title='bbox 1360 1932 1421 1958; x_wconf 89' lang='lat' dir='ltr'>ma</span> <span class='ocrx_word' id='word_1_581' title='bbox 1441 1921 1666 1968; x_wconf 70' lang='lat' dir='ltr'>corripiatur.</span> <span class='ocrx_word' id='word_1_582' title='bbox 1694 1933 1817 1969; x_wconf 86' lang='lat' dir='ltr'>neque</span> <span class='ocrx_word' id='word_1_583' title='bbox 1835 1920 1905 1958; x_wconf 81' lang='lat' dir='ltr'>ulla</span> <span class='ocrx_word' id='word_1_584' title='bbox 1927 1921 1975 1959; x_wconf 83' lang='lat' dir='ltr'>est</span> <span class='ocrx_word' id='word_1_585' title='bbox 1996 1922 2197 1960; x_wconf 69' lang='lat' dir='ltr'>limilitudo</span> <span class='ocrx_word' id='word_1_586' title='bbox 2218 1924 2313 1961; x_wconf 88' lang='lat' dir='ltr'>inter</span> <span class='ocrx_word' id='word_1_587' title='bbox 2332 1926 2409 1963; x_wconf 88' lang='lat' dir='ltr'>hoc</span> 
     </span>
     <span class='ocr_line' id='line_1_85' title="bbox 1359 1970 2410 2021; baseline 0.01 -16"><span class='ocrx_word' id='word_1_588' title='bbox 1359 1973 1398 2009; x_wconf 65' lang='grc' dir='ltr'>ὃς</span> <span class='ocrx_word' id='word_1_589' title='bbox 1413 1970 1610 2020; x_wconf 74' lang='lat' dir='ltr'>praeustam</span> <span class='ocrx_word' id='word_1_590' title='bbox 1631 1970 1877 2020; x_wconf 87' lang='lat' dir='ltr'>Virgilianum</span> <span class='ocrx_word' id='word_1_591' title='bbox 1901 2000 1910 2016; x_wconf 90' lang='lat'>‚</span> <span class='ocrx_word' id='word_1_592' title='bbox 1940 1984 1982 2010; x_wconf 87' lang='lat' dir='ltr'>ac</span> <span class='ocrx_word' id='word_1_593' title='bbox 1997 1981 2226 2021; x_wconf 83' lang='lat' dir='ltr'>praeacutum</span> <span class='ocrx_word' id='word_1_594' title='bbox 2250 1976 2410 2014; x_wconf 80' lang='lat' dir='ltr'>Ovidia-</span> 
     </span>
     <span class='ocr_line' id='line_1_86' title="bbox 1356 2021 2413 2073; baseline 0.008 -14"><span class='ocrx_word' id='word_1_595' title='bbox 1356 2033 1461 2059; x_wconf 91' lang='lat' dir='ltr'>num.</span> <span class='ocrx_word' id='word_1_596' title='bbox 1489 2021 1652 2069; x_wconf 83' lang='lat' dir='ltr'>Simplex</span> <span class='ocrx_word' id='word_1_597' title='bbox 1683 2022 1732 2059; x_wconf 85' lang='lat' dir='ltr'>est</span> <span class='ocrx_word' id='word_1_598' title='bbox 1760 2034 1902 2061; x_wconf 85' lang='lat' dir='ltr'>nomen</span> <span class='ocrx_word' id='word_1_599' title='bbox 1932 2027 2039 2059; x_wconf 74' lang='lat' dir='ltr'>AE‘e&#39;ta</span> <span class='ocrx_word' id='word_1_600' title='bbox 2058 2052 2068 2068; x_wconf 91' lang='lat'><strong>,</strong></span> <span class='ocrx_word' id='word_1_601' title='bbox 2106 2025 2311 2073; x_wconf 81' lang='lat' dir='ltr'>composita</span> <span class='ocrx_word' id='word_1_602' title='bbox 2336 2027 2413 2068; x_wconf 85' lang='lat' dir='ltr'>illa.</span> 
     </span>
     <span class='ocr_line' id='line_1_87' title="bbox 1357 2070 2407 2125; baseline 0.008 -17"><span class='ocrx_word' id='word_1_603' title='bbox 1357 2073 1416 2109; x_wconf 89' lang='lat' dir='ltr'>Ac</span> <span class='ocrx_word' id='word_1_604' title='bbox 1450 2070 1620 2120; x_wconf 80' lang='lat' dir='ltr'>simplicis</span> <span class='ocrx_word' id='word_1_605' title='bbox 1655 2072 1808 2121; x_wconf 88' lang='lat' dir='ltr'>quidem</span> <span class='ocrx_word' id='word_1_606' title='bbox 1855 2075 2018 2111; x_wconf 87' lang='lat' dir='ltr'>nominis</span> <span class='ocrx_word' id='word_1_607' title='bbox 2062 2075 2212 2124; x_wconf 84' lang='lat' dir='ltr'>alicujus</span> <span class='ocrx_word' id='word_1_608' title='bbox 2247 2078 2407 2125; x_wconf 79' lang='lat' dir='ltr'>primam</span> 
     </span>
     <span class='ocr_line' id='line_1_88' title="bbox 1356 2122 2409 2176; baseline 0.006 -15"><span class='ocrx_word' id='word_1_609' title='bbox 1356 2123 1526 2173; x_wconf 78' lang='lat' dir='ltr'>syllabarii</span> <span class='ocrx_word' id='word_1_610' title='bbox 1562 2122 1794 2173; x_wconf 83' lang='lat' dir='ltr'>diphthongo</span> <span class='ocrx_word' id='word_1_611' title='bbox 1820 2124 1971 2173; x_wconf 79' lang='lat' dir='ltr'>longam</span> <span class='ocrx_word' id='word_1_612' title='bbox 2004 2127 2138 2174; x_wconf 85' lang='lat' dir='ltr'>corripi</span> <span class='ocrx_word' id='word_1_613' title='bbox 2173 2139 2295 2176; x_wconf 88' lang='lat' dir='ltr'>neque</span> <span class='ocrx_word' id='word_1_614' title='bbox 2324 2141 2409 2167; x_wconf 87' lang='lat' dir='ltr'>um-</span> 
     </span>
     <span class='ocr_line' id='line_1_89' title="bbox 1358 2173 2409 2229; baseline 0.008 -19"><span class='ocrx_word' id='word_1_615' title='bbox 1358 2186 1470 2223; x_wconf 83' lang='lat' dir='ltr'>quam</span> <span class='ocrx_word' id='word_1_616' title='bbox 1494 2173 1592 2218; x_wconf 87' lang='lat' dir='ltr'>vidi,</span> <span class='ocrx_word' id='word_1_617' title='bbox 1620 2186 1743 2224; x_wconf 82' lang='lat' dir='ltr'>neque</span> <span class='ocrx_word' id='word_1_618' title='bbox 1768 2176 1967 2225; x_wconf 89' lang='lat' dir='ltr'>quomodo</span> <span class='ocrx_word' id='word_1_619' title='bbox 1995 2176 2072 2214; x_wconf 83' lang='lat' dir='ltr'>fieri</span> <span class='ocrx_word' id='word_1_620' title='bbox 2095 2178 2201 2225; x_wconf 80' lang='lat' dir='ltr'>possit</span> <span class='ocrx_word' id='word_1_621' title='bbox 2227 2179 2409 2229; x_wconf 87' lang='lat' dir='ltr'>intelligo.</span> 
     </span>
     <span class='ocr_line' id='line_1_90' title="bbox 1358 2224 2409 2279; baseline 0.005 -15"><span class='ocrx_word' id='word_1_622' title='bbox 1358 2226 1396 2264; x_wconf 86' lang='lat' dir='ltr'>in</span> <span class='ocrx_word' id='word_1_623' title='bbox 1417 2224 1629 2275; x_wconf 81' lang='lat' dir='ltr'>compositis</span> <span class='ocrx_word' id='word_1_624' title='bbox 1647 2237 1688 2263; x_wconf 82' lang='lat' dir='ltr'>ea</span> <span class='ocrx_word' id='word_1_625' title='bbox 1706 2227 1849 2264; x_wconf 86' lang='lat' dir='ltr'>ratione</span> <span class='ocrx_word' id='word_1_626' title='bbox 1868 2227 2009 2276; x_wconf 89' lang='lat' dir='ltr'>potest,</span> <span class='ocrx_word' id='word_1_627' title='bbox 2037 2239 2108 2277; x_wconf 87' lang='lat' dir='ltr'>qua</span> <span class='ocrx_word' id='word_1_628' title='bbox 2127 2228 2347 2279; x_wconf 83' lang='lat' dir='ltr'>diphthongi</span> <span class='ocrx_word' id='word_1_629' title='bbox 2368 2233 2409 2270; x_wconf 87' lang='lat' dir='ltr'>in</span> 
     </span>
     <span class='ocr_line' id='line_1_91' title="bbox 1357 2276 2409 2330; baseline 0.002 -13"><span class='ocrx_word' id='word_1_630' title='bbox 1357 2277 1487 2318; x_wconf 81' lang='lat' dir='ltr'>ultima</span> <span class='ocrx_word' id='word_1_631' title='bbox 1506 2276 1636 2328; x_wconf 77' lang='lat' dir='ltr'>syllaba</span> <span class='ocrx_word' id='word_1_632' title='bbox 1653 2276 1828 2330; x_wconf 80' lang='lat' dir='ltr'>sequente</span> <span class='ocrx_word' id='word_1_633' title='bbox 1845 2279 1988 2323; x_wconf 81' lang='lat' dir='ltr'>vocali,</span> <span class='ocrx_word' id='word_1_634' title='bbox 2017 2288 2057 2316; x_wconf 93' lang='lat' dir='ltr'>ut</span> <span class='ocrx_word' id='word_1_635' title='bbox 2088 2278 2221 2328; x_wconf 73' lang='lat' dir='ltr'>Insulae</span> <span class='ocrx_word' id='word_1_636' title='bbox 2253 2282 2340 2317; x_wconf 79' lang='lat' dir='ltr'>lom‘o</span> <span class='ocrx_word' id='word_1_637' title='bbox 2369 2282 2409 2319; x_wconf 81' lang='lat' dir='ltr'>in</span> 
     </span>
     <span class='ocr_line' id='line_1_92' title="bbox 1358 2329 2408 2380; baseline 0.005 -14"><span class='ocrx_word' id='word_1_638' title='bbox 1358 2344 1505 2380; x_wconf 76' lang='lat' dir='ltr'>magno.-</span> <span class='ocrx_word' id='word_1_639' title='bbox 1536 2340 1621 2380; x_wconf 70' lang='lat' dir='ltr'>prae</span> <span class='ocrx_word' id='word_1_640' title='bbox 1646 2333 1746 2369; x_wconf 89' lang='lat' dir='ltr'>enim</span> <span class='ocrx_word' id='word_1_641' title='bbox 1773 2329 2068 2380; x_wconf 63' lang='lat' dir='ltr'>monosyllabum</span> <span class='ocrx_word' id='word_1_642' title='bbox 2093 2331 2408 2379; x_wconf 79' lang='lat' dir='ltr'>praepositionem</span> 
     </span>
     <span class='ocr_line' id='line_1_93' title="bbox 1358 2381 2408 2432; baseline 0.004 -13"><span class='ocrx_word' id='word_1_643' title='bbox 1358 2381 1438 2420; x_wconf 88' lang='lat' dir='ltr'>finit</span> <span class='ocrx_word' id='word_1_644' title='bbox 1457 2382 1706 2432; x_wconf 85' lang='lat' dir='ltr'>diphthongus</span> <span class='ocrx_word' id='word_1_645' title='bbox 1719 2411 1728 2426; x_wconf 84' lang='lat'>,</span> <span class='ocrx_word' id='word_1_646' title='bbox 1746 2384 1785 2421; x_wconf 68' lang='grc' dir='ltr'>δε</span> <span class='ocrx_word' id='word_1_647' title='bbox 1804 2383 1943 2420; x_wconf 86' lang='lat' dir='ltr'>vocalis</span> <span class='ocrx_word' id='word_1_648' title='bbox 1959 2382 2129 2431; x_wconf 85' lang='lat' dir='ltr'>sequitur.</span> <span class='ocrx_word' id='word_1_649' title='bbox 2162 2383 2207 2419; x_wconf 77' lang='lat' dir='ltr'>Et</span> <span class='ocrx_word' id='word_1_650' title='bbox 2226 2382 2260 2420; x_wconf 83' lang='lat' dir='ltr'>id</span> <span class='ocrx_word' id='word_1_651' title='bbox 2279 2392 2408 2423; x_wconf 86' lang='lat' dir='ltr'>tamen</span> 
     </span>
     <span class='ocr_line' id='line_1_94' title="bbox 1359 2432 2409 2483; baseline 0.004 -13"><span class='ocrx_word' id='word_1_652' title='bbox 1359 2433 1407 2471; x_wconf 89' lang='lat' dir='ltr'>est</span> <span class='ocrx_word' id='word_1_653' title='bbox 1427 2433 1797 2472; x_wconf 75' lang='lat' dir='ltr'>animadvertendum</span> <span class='ocrx_word' id='word_1_654' title='bbox 1810 2463 1820 2479; x_wconf 90' lang='lat'>‚</span> <span class='ocrx_word' id='word_1_655' title='bbox 1848 2432 1951 2483; x_wconf 89' lang='lat' dir='ltr'>quod</span> <span class='ocrx_word' id='word_1_656' title='bbox 1968 2432 2064 2481; x_wconf 83' lang='lat' dir='ltr'>apud</span> <span class='ocrx_word' id='word_1_657' title='bbox 2082 2432 2194 2470; x_wconf 81' lang='lat' dir='ltr'>alium</span> <span class='ocrx_word' id='word_1_658' title='bbox 2213 2435 2409 2474; x_wconf 88' lang='lat' dir='ltr'>neminem</span> 
     </span>
     <span class='ocr_line' id='line_1_95' title="bbox 1358 2483 2408 2535; baseline 0.005 -15"><span class='ocrx_word' id='word_1_659' title='bbox 1358 2488 1492 2521; x_wconf 75' lang='lat' dir='ltr'>Aetam</span> <span class='ocrx_word' id='word_1_660' title='bbox 1513 2483 1738 2534; x_wconf 74' lang='lat' dir='ltr'>bissyllabum</span> <span class='ocrx_word' id='word_1_661' title='bbox 1759 2484 1807 2522; x_wconf 89' lang='lat' dir='ltr'>est</span> <span class='ocrx_word' id='word_1_662' title='bbox 1828 2484 2008 2522; x_wconf 87' lang='lat' dir='ltr'>invenire.</span> <span class='ocrx_word' id='word_1_663' title='bbox 2033 2493 2289 2533; x_wconf 81' lang='lat' dir='ltr'>praeterquam</span> <span class='ocrx_word' id='word_1_664' title='bbox 2309 2487 2408 2535; x_wconf 90' lang='lat' dir='ltr'>apud</span> 
     </span>
     <span class='ocr_line' id='line_1_96' title="bbox 1361 2535 2408 2584; baseline 0.003 -11"><span class='ocrx_word' id='word_1_665' title='bbox 1361 2535 1544 2573; x_wconf 88' lang='lat' dir='ltr'>Ovidium</span> <span class='ocrx_word' id='word_1_666' title='bbox 1559 2551 1569 2580; x_wconf 82' lang='lat'><em>3</em></span> <span class='ocrx_word' id='word_1_667' title='bbox 1600 2538 1638 2573; x_wconf 68' lang='grc' dir='ltr'>δε</span> <span class='ocrx_word' id='word_1_668' title='bbox 1657 2535 1694 2576; x_wconf 88' lang='lat' dir='ltr'>id</span> <span class='ocrx_word' id='word_1_669' title='bbox 1712 2537 1786 2573; x_wconf 90' lang='lat' dir='ltr'>hoc</span> <span class='ocrx_word' id='word_1_670' title='bbox 1802 2543 1947 2573; x_wconf 84' lang='lat' dir='ltr'>tantum</span> <span class='ocrx_word' id='word_1_671' title='bbox 1973 2535 2060 2572; x_wconf 86' lang='lat' dir='ltr'>loco</span> <span class='ocrx_word' id='word_1_672' title='bbox 2076 2563 2086 2580; x_wconf 90' lang='lat'>‚</span> <span class='ocrx_word' id='word_1_673' title='bbox 2114 2536 2217 2584; x_wconf 85' lang='lat' dir='ltr'>quod</span> <span class='ocrx_word' id='word_1_674' title='bbox 2235 2537 2408 2577; x_wconf 81' lang='lat' dir='ltr'>affirmari</span> 
     </span>
     <span class='ocr_line' id='line_1_97' title="bbox 1357 2586 2407 2635; baseline 0.001 -11"><span class='ocrx_word' id='word_1_675' title='bbox 1357 2587 1466 2635; x_wconf 64' lang='lat' dir='ltr'>possit</span> <span class='ocrx_word' id='word_1_676' title='bbox 1479 2616 1488 2631; x_wconf 93' lang='lat'>,</span> <span class='ocrx_word' id='word_1_677' title='bbox 1509 2587 1551 2634; x_wconf 61' lang='lat' dir='ltr'>&lt;fi</span> <span class='ocrx_word' id='word_1_678' title='bbox 1567 2596 1694 2625; x_wconf 85' lang='lat' dir='ltr'>tamen</span> <span class='ocrx_word' id='word_1_679' title='bbox 1715 2587 1790 2627; x_wconf 83' lang='lat' dir='ltr'>hoc</span> <span class='ocrx_word' id='word_1_680' title='bbox 1811 2586 1929 2624; x_wconf 89' lang='lat' dir='ltr'>modo</span> <span class='ocrx_word' id='word_1_681' title='bbox 1950 2586 2149 2635; x_wconf 86' lang='lat' dir='ltr'>legendum</span> <span class='ocrx_word' id='word_1_682' title='bbox 2170 2587 2218 2624; x_wconf 89' lang='lat' dir='ltr'>est</span> <span class='ocrx_word' id='word_1_683' title='bbox 2236 2589 2310 2626; x_wconf 88' lang='lat' dir='ltr'>hoc</span> <span class='ocrx_word' id='word_1_684' title='bbox 2331 2600 2407 2625; x_wconf 87' lang='lat' dir='ltr'>car-</span> 
     </span>
     <span class='ocr_line' id='line_1_98' title="bbox 1359 2638 2405 2688; baseline 0.003 -14"><span class='ocrx_word' id='word_1_685' title='bbox 1359 2638 1471 2686; x_wconf 78' lang='lat' dir='ltr'>men)</span> <span class='ocrx_word' id='word_1_686' title='bbox 1500 2650 1587 2675; x_wconf 81' lang='lat' dir='ltr'>nam</span> <span class='ocrx_word' id='word_1_687' title='bbox 1612 2639 1651 2676; x_wconf 89' lang='lat' dir='ltr'>in</span> <span class='ocrx_word' id='word_1_688' title='bbox 1671 2638 1831 2684; x_wconf 87' lang='lat' dir='ltr'>Medea,</span> <span class='ocrx_word' id='word_1_689' title='bbox 1860 2639 2029 2688; x_wconf 75' lang='lat' dir='ltr'>quamvis</span> <span class='ocrx_word' id='word_1_690' title='bbox 2050 2639 2088 2676; x_wconf 91' lang='lat' dir='ltr'>in</span> <span class='ocrx_word' id='word_1_691' title='bbox 2108 2639 2288 2676; x_wconf 86' lang='lat' dir='ltr'>veteribus</span> <span class='ocrx_word' id='word_1_692' title='bbox 2308 2650 2405 2677; x_wconf 87' lang='lat' dir='ltr'>non-</span> 
     </span>
     <span class='ocr_line' id='line_1_99' title="bbox 1360 2689 1649 2738; baseline 0.003 -12"><span class='ocrx_word' id='word_1_693' title='bbox 1360 2689 1468 2726; x_wconf 87' lang='lat' dir='ltr'>nullis</span> <span class='ocrx_word' id='word_1_694' title='bbox 1488 2689 1649 2738; x_wconf 79' lang='lat' dir='ltr'>legatur:</span> 
     </span>
    </p>

    <p class='ocr_par' dir='ltr' id='par_1_34' title="bbox 1409 2740 2270 2791">
     <span class='ocr_line' id='line_1_100' title="bbox 1409 2740 2270 2791; baseline 0.002 -15"><span class='ocrx_word' id='word_1_695' title='bbox 1409 2741 1547 2789; x_wconf 78' lang='lat' dir='ltr'>Excipit</span> <span class='ocrx_word' id='word_1_696' title='bbox 1567 2740 1705 2791; x_wconf 83' lang='lat' dir='ltr'>hospitio</span> <span class='ocrx_word' id='word_1_697' title='bbox 1716 2742 1864 2791; x_wconf 84' lang='lat' dir='ltr'>juvenes</span> <span class='ocrx_word' id='word_1_698' title='bbox 1872 2749 1974 2790; x_wconf 85' lang='lat' dir='ltr'>pater</span> <span class='ocrx_word' id='word_1_699' title='bbox 1989 2744 2085 2777; x_wconf 88' lang='lat' dir='ltr'>Aeta</span> <span class='ocrx_word' id='word_1_700' title='bbox 2105 2740 2270 2789; x_wconf 80' lang='lat' dir='ltr'>Pelasgos.</span> 
     </span>
    </p>

    <p class='ocr_par' dir='ltr' id='par_1_35' title="bbox 1361 2790 2408 2891">
     <span class='ocr_line' id='line_1_101' title="bbox 1361 2790 2408 2841; baseline 0.005 -13"><span class='ocrx_word' id='word_1_701' title='bbox 1361 2790 1452 2828; x_wconf 87' lang='lat' dir='ltr'>Non</span> <span class='ocrx_word' id='word_1_702' title='bbox 1483 2793 1604 2829; x_wconf 86' lang='lat' dir='ltr'>minus</span> <span class='ocrx_word' id='word_1_703' title='bbox 1636 2800 1762 2830; x_wconf 88' lang='lat' dir='ltr'>tamen</span> <span class='ocrx_word' id='word_1_704' title='bbox 1782 2792 1829 2829; x_wconf 91' lang='lat' dir='ltr'>est</span> <span class='ocrx_word' id='word_1_705' title='bbox 1851 2793 2029 2836; x_wconf 87' lang='lat' dir='ltr'>inveniri,</span> <span class='ocrx_word' id='word_1_706' title='bbox 2047 2792 2193 2841; x_wconf 80' lang='lat' dir='ltr'>juvenes</span> <span class='ocrx_word' id='word_1_707' title='bbox 2209 2795 2324 2830; x_wconf 80' lang='lat' dir='ltr'>Ac‘e&#39;ta</span> <span class='ocrx_word' id='word_1_708' title='bbox 2344 2799 2408 2833; x_wconf 86' lang='lat' dir='ltr'>Pe-</span> 
     </span>
     <span class='ocr_line' id='line_1_102' title="bbox 1361 2841 1943 2891; baseline 0.002 -14"><span class='ocrx_word' id='word_1_709' title='bbox 1361 2841 1478 2891; x_wconf 85' lang='lat' dir='ltr'>lasgos.</span> <span class='ocrx_word' id='word_1_710' title='bbox 1506 2843 1544 2879; x_wconf 88' lang='lat' dir='ltr'>in</span> <span class='ocrx_word' id='word_1_711' title='bbox 1567 2855 1638 2880; x_wconf 76' lang='lat' dir='ltr'>vxi.</span> <span class='ocrx_word' id='word_1_712' title='bbox 1654 2845 1766 2881; x_wconf 87' lang='lat' dir='ltr'>etiam</span> <span class='ocrx_word' id='word_1_713' title='bbox 1789 2844 1943 2879; x_wconf 81' lang='lat' dir='ltr'>Metam.</span> 
     </span>
    </p>

    <p class='ocr_par' dir='ltr' id='par_1_36' title="bbox 1362 2891 2412 3246">
     <span class='ocr_line' id='line_1_103' title="bbox 1412 2891 2374 2944; baseline 0.005 -15"><span class='ocrx_word' id='word_1_714' title='bbox 1412 2891 1685 2944; x_wconf 75' lang='lat' dir='ltr'>Dissimilemque</span> <span class='ocrx_word' id='word_1_715' title='bbox 1704 2894 1865 2930; x_wconf 87' lang='lat' dir='ltr'>animum</span> <span class='ocrx_word' id='word_1_716' title='bbox 1874 2892 1986 2941; x_wconf 84' lang='lat' dir='ltr'>subiit</span> <span class='ocrx_word' id='word_1_717' title='bbox 1997 2902 2098 2942; x_wconf 83' lang='lat' dir='ltr'>pater</span> <span class='ocrx_word' id='word_1_718' title='bbox 2117 2899 2209 2931; x_wconf 84' lang='lat' dir='ltr'>Aeta</span> <span class='ocrx_word' id='word_1_719' title='bbox 2225 2895 2374 2935; x_wconf 58' lang='lat' dir='ltr'>reliam.</span> 
     </span>
     <span class='ocr_line' id='line_1_104' title="bbox 1362 2944 2407 2994; baseline 0.006 -13"><span class='ocrx_word' id='word_1_720' title='bbox 1362 2944 1475 2981; x_wconf 76' lang='lat' dir='ltr'>Subiit</span> <span class='ocrx_word' id='word_1_721' title='bbox 1501 2949 1615 2981; x_wconf 78' lang='lat' dir='ltr'>Ae&#39;e&#39;ta</span> <span class='ocrx_word' id='word_1_722' title='bbox 1642 2944 1779 2982; x_wconf 64' lang='lat' dir='ltr'>reliHus</span> <span class='ocrx_word' id='word_1_723' title='bbox 1815 2945 1851 2982; x_wconf 90' lang='lat' dir='ltr'>in</span> <span class='ocrx_word' id='word_1_724' title='bbox 1892 2945 2017 2981; x_wconf 84' lang='lat' dir='ltr'>multis</span> <span class='ocrx_word' id='word_1_725' title='bbox 2046 2946 2188 2994; x_wconf 84' lang='lat' dir='ltr'>legitur.</span> <span class='ocrx_word' id='word_1_726' title='bbox 2227 2947 2318 2985; x_wconf 91' lang='lat' dir='ltr'>Ideo</span> <span class='ocrx_word' id='word_1_727' title='bbox 2347 2949 2407 2988; x_wconf 90' lang='lat' dir='ltr'>vel</span> 
     </span>
     <span class='ocr_line' id='line_1_105' title="bbox 1365 2995 2405 3047; baseline 0.005 -14"><span class='ocrx_word' id='word_1_728' title='bbox 1365 2996 1548 3033; x_wconf 86' lang='lat' dir='ltr'>Ovidium</span> <span class='ocrx_word' id='word_1_729' title='bbox 1578 2997 1654 3033; x_wconf 84' lang='lat' dir='ltr'>hoc</span> <span class='ocrx_word' id='word_1_730' title='bbox 1681 3006 1823 3033; x_wconf 88' lang='lat' dir='ltr'>nomen</span> <span class='ocrx_word' id='word_1_731' title='bbox 1851 3007 1897 3032; x_wconf 83' lang='lat' dir='ltr'>ex</span> <span class='ocrx_word' id='word_1_732' title='bbox 1915 2995 2096 3044; x_wconf 77' lang='lat' dir='ltr'>trisyllabo</span> <span class='ocrx_word' id='word_1_733' title='bbox 2118 2998 2155 3034; x_wconf 90' lang='lat' dir='ltr'>in</span> <span class='ocrx_word' id='word_1_734' title='bbox 2179 2996 2405 3047; x_wconf 73' lang='lat' dir='ltr'>bissyllabum</span> 
     </span>
     <span class='ocr_line' id='line_1_106' title="bbox 1364 3045 2408 3098; baseline 0.005 -16"><span class='ocrx_word' id='word_1_735' title='bbox 1364 3045 1579 3082; x_wconf 74' lang='lat' dir='ltr'>contraxisse</span> <span class='ocrx_word' id='word_1_736' title='bbox 1612 3046 1810 3083; x_wconf 86' lang='lat' dir='ltr'>dicendum</span> <span class='ocrx_word' id='word_1_737' title='bbox 1845 3046 1894 3083; x_wconf 87' lang='lat' dir='ltr'>est</span> <span class='ocrx_word' id='word_1_738' title='bbox 1915 3059 1923 3083; x_wconf 92' lang='lat'><strong>:</strong></span> <span class='ocrx_word' id='word_1_739' title='bbox 1970 3047 2030 3083; x_wconf 80' lang='lat' dir='ltr'>vel</span> <span class='ocrx_word' id='word_1_740' title='bbox 2066 3046 2221 3086; x_wconf 77' lang='lat' dir='ltr'>fortasse.</span> <span class='ocrx_word' id='word_1_741' title='bbox 2265 3048 2408 3098; x_wconf 77' lang='lat' dir='ltr'>Phasias</span> 
     </span>
     <span class='ocr_line' id='line_1_107' title="bbox 1365 3096 2412 3145; baseline 0.007 -14"><span class='ocrx_word' id='word_1_742' title='bbox 1365 3100 1498 3132; x_wconf 67' lang='lat' dir='ltr'>Aeetae</span> <span class='ocrx_word' id='word_1_743' title='bbox 1514 3097 1726 3145; x_wconf 85' lang='lat' dir='ltr'>legendum,</span> <span class='ocrx_word' id='word_1_744' title='bbox 1738 3105 1778 3134; x_wconf 86' lang='lat' dir='ltr'>ut</span> <span class='ocrx_word' id='word_1_745' title='bbox 1797 3096 1960 3134; x_wconf 85' lang='lat' dir='ltr'>Arbutus</span> <span class='ocrx_word' id='word_1_746' title='bbox 1975 3096 2117 3134; x_wconf 83' lang='lat' dir='ltr'>horrida</span> <span class='ocrx_word' id='word_1_747' title='bbox 2129 3127 2139 3142; x_wconf 90' lang='lat'>‚</span> <span class='ocrx_word' id='word_1_748' title='bbox 2153 3111 2194 3137; x_wconf 86' lang='lat' dir='ltr'>ac</span> <span class='ocrx_word' id='word_1_749' title='bbox 2212 3100 2310 3137; x_wconf 87' lang='lat' dir='ltr'>mille</span> <span class='ocrx_word' id='word_1_750' title='bbox 2329 3102 2412 3140; x_wconf 84' lang='lat' dir='ltr'>alia.</span> 
     </span>
     <span class='ocr_line' id='line_1_108' title="bbox 1366 3146 2409 3202; baseline 0.005 -16"><span class='ocrx_word' id='word_1_751' title='bbox 1366 3146 1485 3202; x_wconf 77' lang='lat' dir='ltr'>Quod</span> <span class='ocrx_word' id='word_1_752' title='bbox 1503 3148 1539 3183; x_wconf 87' lang='lat'>&amp;</span> <span class='ocrx_word' id='word_1_753' title='bbox 1560 3159 1605 3184; x_wconf 88' lang='lat' dir='ltr'>ex</span> <span class='ocrx_word' id='word_1_754' title='bbox 1637 3147 1798 3186; x_wconf 80' lang='lat' dir='ltr'>Planude</span> <span class='ocrx_word' id='word_1_755' title='bbox 1821 3148 1921 3197; x_wconf 84' lang='lat' dir='ltr'>quasi</span> <span class='ocrx_word' id='word_1_756' title='bbox 1938 3148 2062 3198; x_wconf 81' lang='lat' dir='ltr'>colligi</span> <span class='ocrx_word' id='word_1_757' title='bbox 2079 3151 2217 3198; x_wconf 84' lang='lat' dir='ltr'>potest,</span> <span class='ocrx_word' id='word_1_758' title='bbox 2244 3151 2308 3199; x_wconf 88' lang='lat' dir='ltr'>qui</span> <span class='ocrx_word' id='word_1_759' title='bbox 2333 3152 2409 3191; x_wconf 87' lang='lat' dir='ltr'>hoc</span> 
     </span>
     <span class='ocr_line' id='line_1_109' title="bbox 1364 3206 1874 3246; baseline 0.006 -12"><span class='ocrx_word' id='word_1_760' title='bbox 1364 3206 1413 3235; x_wconf 85' lang='lat' dir='ltr'>ita</span> <span class='ocrx_word' id='word_1_761' title='bbox 1432 3206 1686 3246; x_wconf 82' lang='lat' dir='ltr'>interpretatur</span> <span class='ocrx_word' id='word_1_762' title='bbox 1706 3211 1874 3238; x_wconf 80' lang='lat' dir='ltr'>carmen:</span> 
     </span>
    </p>

    <p class='ocr_par' dir='ltr' id='par_1_37' title="bbox 1402 3244 2231 3296">
     <span class='ocr_line' id='line_1_110' title="bbox 1402 3244 2231 3296; baseline 0.004 -13"><span class='ocrx_word' id='word_1_763' title='bbox 1402 3247 1453 3284; x_wconf 69' lang='grc' dir='ltr'>Οὐ</span> <span class='ocrx_word' id='word_1_764' title='bbox 1473 3244 1580 3284; x_wconf 60' lang='grc' dir='ltr'><em>ταῦτ’</em></span> <span class='ocrx_word' id='word_1_765' title='bbox 1599 3248 1778 3296; x_wconf 65' lang='grc' dir='ltr'><strong><em>Αἰσονίδης</em></strong></span> <span class='ocrx_word' id='word_1_766' title='bbox 1797 3252 1891 3290; x_wconf 69' lang='grc' dir='ltr'>ἀλλ’</span> <span class='ocrx_word' id='word_1_767' title='bbox 1910 3251 1928 3295; x_wconf 70' lang='grc' dir='ltr'>ἡ</span> <span class='ocrx_word' id='word_1_768' title='bbox 1949 3251 2087 3295; x_wconf 55' lang='lat' dir='ltr'>&amp;decue</span> <span class='ocrx_word' id='word_1_769' title='bbox 2098 3251 2231 3291; x_wconf 75' lang='grc' dir='ltr'><strong><em>Αἰήτου</em></strong></span> 
     </span>
    </p>

    <p class='ocr_par' dir='ltr' id='par_1_38' title="bbox 1401 3300 2210 3349">
     <span class='ocr_line' id='line_1_111' title="bbox 1401 3300 2210 3349; baseline 0.005 -12"><span class='ocrx_word' id='word_1_770' title='bbox 1401 3300 1593 3349; x_wconf 69' lang='grc' dir='ltr'>Θυγάτηρ.</span> <span class='ocrx_word' id='word_1_771' title='bbox 1955 3302 2210 3342; x_wconf 63' lang='lat' dir='ltr'>muamus.</span> 
     </span>
    </p>

    <p class='ocr_par' dir='ltr' id='par_1_39' title="bbox 2286 3357 2419 3397">
     <span class='ocr_line' id='line_1_112' title="bbox 2286 3357 2419 3397; baseline -0.008 0"><span class='ocrx_word' id='word_1_772' title='bbox 2286 3357 2419 3397; x_wconf 62' lang='lat' dir='ltr'>Aeetae</span> 
     </span>
    </p>
   </div>
  </div>
 </body>
</html>
