2553 3676
223 191 327 244 Sc6
584 180 730 237 AD
807 175 1270 237 LIVIAM

1343 174 2056 235 AUGUSTAM,

519 270 734 326 Siccine
763 271 959 344 dignus
985 286 1097 323 eras
1123 267 1292 322 oculis
1317 284 1605 324 occurrere
1630 267 1844 325 matris?

594 344 682 399 Sic
708 362 813 418 ego
839 359 893 398 te
920 342 1182 398 reducem
1213 340 1376 413 digna
1403 341 1590 397 videre
1615 341 1724 397 fui?

524 418 762 473 Caesaris
790 416 966 472 Uxori
991 415 1029 471 fi
1052 416 1171 470 talia
1198 414 1381 469 dicere
1405 415 1481 469 fas
1506 416 1609 480 est;

380 512 478 559 130

584 492 704 562 Jam
727 490 950 555 dubito,
988 507 1211 571 magnqos
1238 505 1305 542 an
1329 505 1445 541 rear
1475 487 1579 541 effe
1603 488 1770 544 Deos

521 565 663 621 Nam
686 564 818 638 quid
849 583 954 637 ego
980 563 1164 617 admisi
1188 563 1205 613 ?
1244 577 1382 632 quae
1408 576 1520 613 non
1545 577 1651 630 ego
1676 563 1895 619 numina
1920 564 2097 627 culm,

598 637 754 711 Quos
780 656 884 710 ego
909 655 1021 693 non
1044 634 1200 707 potui
1225 631 1543 687 demeruifl'e
1580 632 1765 687 Deos?

515 712 638 769 Hic
663 713 875 786 pietatis
900 709 1107 764 honos?
1151 719 1297 761 artus
1321 704 1615 778 ampletff'tor
1639 705 1839 761 inanes.

586 785 660 841 Et
687 798 839 841 vorat
863 784 962 837 hos
985 781 1124 854 ipsos
1146 779 1366 835 flamma
1391 796 1664 852 rogusque
1701 779 1854 834 finus

383 877 479 927 135
517 859 678 914 Tene
713 875 818 930 ego
844 855 1074 911 sustineo
1097 854 1330 928 positum
1358 852 1608 908 scelerata
1634 852 1855 908 videre?

601 932 762 986 Tene
786 948 938 985 meae
963 941 1221 1003 poterunt
1247 943 1491 998 unguere
1507 966 1523 991 ,
1561 938 1713 990 nate,
1755 927 1974 981 manus?

524 1006 686 1061 Nunc
713 1023 818 1077 ego
842 1017 898 1058 te
926 1003 1115 1058 infelix
1139 1000 1406 1056 summum
1433 1012 1704 1072 teneoque
1731 1000 1999 1074 tuorque?

590 1075 924 1151 Effingoque
947 1075 1163 1130 manus?
1204 1091 1406 1148 oraque
1427 1072 1495 1127 ad
1521 1091 1614 1128 ora
1638 1072 1788 1128 fero?

524 1153 686 1208 Nunc
711 1151 948 1223 primum
972 1149 1256 1221 adspiceris
1284 1147 1470 1202 consul
1492 1145 1774 1220 victorque
1798 1148 2040 1220 parenti?

383 1244 483 1295 140

238 1396 322 1434 554.
350 1385 389 1424 ὃ(
409 1384 553 1423 Aelian.
576 1397 622 1422 11.
639 1384 728 1422 Var.
755 1382 1004 1421 12.Plutarch.
1024 1381 1070 1419 de
1083 1381 1186 1420 flum.
1207 1394 1289 1433 pag.

237 1436 323 1483 148.
352 1437 597 1481 περίβλεπτος
629 1437 779 1471 κάλλει.
834 1433 1102 1472 Etiamnum.

287 1498 370 1536 ης.
397 1495 472 1524 Heu
490 1485 626 1536 mod0.]
657 1486 765 1524 MSS.
786 1485 951 1524 Combii.

287 1539 365 1587 (Qci
385 1539 483 1576 modo
501 1549 623 1575 tantus
640 1550 728 1577 eras.

236 1588 293 1627 Ut
313 1591 351 1627 in
369 1590 476 1628 Fastis
495 1589 558 1628 lib.
577 1601 615 1627 v,
634 1589 719 1634 460.

290 1641 430 1678 Cernite
442 1639 511 1689 fim
532 1639 671 1692 qualis,
698 1639 761 1689 qui
780 1639 879 1678 modo
903 1648 1027 1676 tantus
1044 1651 1154 1676 eram.

237 1689 362 1730 Poffet
381 1692 419 1730 &
440 1692 534 1740 legi,
563 1698 640 1728 Heu
661 1691 758 1728 modo
780 1701 936 1741 quamtis
955 1690 1014 1727 ubi
1033 1700 1090 1728 es?
1120 1691 1266 1728 HEXNs.

292 1753 375 1790 132,
393 1749 474 1779 Non
482 1743 577 1792 potui
596 1741 829 1791 demeruiffe.]
860 1742 1033 1780 Heinsius
1045 1742 1289 1791 conjiciebat:

289 1794 388 1842 Qios
412 1807 465 1843 ego
485 1807 552 1830 non
562 1794 644 1841 fovi
658 1822 668 1838 ,
698 1792 916 1843 demeruique
937 1799 1050 1831 Deos?

296 1855 379 1894 134.
406 1845 576 1895 Rogasqtee
586 1845 703 1894 saus]
733 1845 903 1893 Proprius
917 1873 927 1889 ,
957 1843 1069 1892 &ipsl
1085 1843 1291 1881 destinatus.

231 1894 392 1934 -Poterat
414 1904 540 1933 tamen
561 1897 598 1933 ἃ
614 1896 693 1944 suos
709 1896 780 1944 legi
795 1924 803 1939 ‚
833 1907 898 1944 pro
919 1906 966 1932 eo
985 1894 1088 1945 quod
1112 1894 1183 1939 est,
1211 1896 1293 1932 Ro·

241 1957 309 1995 gus
338 1955 447 1984 vocat
478 1947 547 1984 hos
577 1956 671 1984 artus
703 1954 879 1995 tanquam
899 1945 980 1984 suos
1002 1974 1012 1989 ‚
1049 1958 1092 1983 ac
1112 1948 1295 1995 proprios.

241 1998 466 2035 chYLLus.
504 2002 639 2034 Evocat
656 1997 737 2035 libri
756 2006 910 2035 veteres.
941 1997 1171 2034 Combianus
1189 2009 1294 2046 prae-

240 2056 364 2093 terea,
383 2047 483 2097 finus
510 2061 577 2098 pro
592 2048 689 2096 fiius.
721 2048 953 2098 Rutgersius,
970 2047 1063 2098 suos.
1089 2060 1203 2097 parvo
1227 2060 1292 2086 ne-

243 2100 350 2149 gotio
373 2099 629 2149 corrigendum
646 2128 658 2144 ‚

298 2155 346 2186 Et
364 2161 469 2187 vorat
487 2150 547 2187 hos
563 2150 644 2199 ipsos
657 2149 810 2200 flamma
828 2151 989 2202 rogufique
1007 2149 1120 2200 finus.

243 2201 288 2239 In
311 2201 502 2251 Ibid.3x6.
529 2201 580 2238 Sic
593 2213 655 2237 tua
670 2200 845 2250 subfidens
865 2203 1005 2239 devoret
1025 2215 1083 2238 ora
1103 2201 1201 2239 cinis.

241 2252 459 2292 Prudentius
483 2254 563 2297 περὶ
580 2254 890 2299 ςεφὰν.Ριιίῑὶοῃε
909 2253 1028 2291 Sancti
1051 2253 1272 2303 Hippolyti-⁷:

295 2304 347 2340 Sit
364 2313 451 2353 pyra
467 2331 476 2347 ,
496 2317 584 2352 quae
603 2303 730 2340 multos
752 2304 890 2342 devoret
905 2318 978 2342 una
998 2318 1081 2343 reos.

236 2354 292 2395 —Et
310 2355 477 2393 Paffione
495 2355 617 2393 Sancti
645 2355 829 2393 Romani:

297 2406 388 2454 Ignis
400 2406 581 2455 parandas
595 2406 675 2454 jam
693 2405 758 2442 tibi
778 2405 882 2454 tristis
900 2407 992 2455 rogi,

295 2457 372 2505 Qi
384 2456 458 2504 fine
476 2457 576 2506 digno
599 2465 713 2506 corpus
730 2456 820 2504 istud
838 2458 988 2494 devoret.

243 2506 302 2546 Sic
323 2508 416 2544 edere
427 2507 579 2557 flamma
602 2507 789 2546 dicebatur
806 2520 872 2558 pro
898 2522 1004 2546 urere.
1025 2522 1139 2546 vorax
1141 2508 1297 2559 flamma

244 2560 336 2596 Am.
355 2560 507 2597 Marcel.
525 2560 585 2596 lib.
614 2571 740 2596 xxvn.
761 2559 953 2598 orientius
965 2560 1295 2597 commonitorio:

298 2616 397 2645 Nam
414 2624 488 2658 rogo
510 2623 551 2646 ne
571 2610 687 2647 credas
703 2611 799 2647 dirae
821 2611 868 2647 ad
890 2611 1085 2659 compendia
1099 2620 1245 2659 poenae,

298 2661 402 2707 {Quod
424 2662 551 2709 raptim
566 2666 676 2705 sontes
706 2661 823 2698 debita
837 2661 992 2712 flamma
1011 2672 1121 2699 voret.

245 2710 346 2747 Vide
368 2712 482 2748 Notas
501 2712 546 2749 ad
561 2713 662 2762 Elcg.
684 2712 817 2750 ult.lib.
832 2712 1301 2759 1.Am0r.i7‘s.41,1-12ms.

245 2761 327 2798 Hic
348 2761 480 2798 iterum
506 2763 670 2801 venditat
690 2764 724 2801 se
751 2765 870 2812 pueris
892 2764 1062 2801 Gorallus
1076 2791 1086 2807 ,
1124 2764 1188 2813 qui
1201 2762 1301 2812 finus

247 2813 505 2860 interpretatur
525 2814 656 2861 visitem
670 2843 679 2859 ,
717 2815 807 2863 qaod
838 2815 985 2863 vestiam
1008 2812 1089 2861 sinu
1110 2824 1275 2862 teguntur
1288 2842 1299 2858 ,

248 2874 346 2911 quae
374 2875 442 2900 nos
474 2864 653 2901 credimus
680 2875 764 2902 cute
789 2867 876 2914 tegi.
910 2865 971 2903 sed
991 2865 1194 2902 retudimus
1219 2866 1300 2914 jam

246 2915 415 2951 ferocem
439 2914 542 2951 illum
568 2915 749 2963 impetum
769 2916 815 2953 ad
839 2917 1001 2954 Petronii
1023 2928 1101 2965 cap.
1131 2928 1214 2953 cxx.
1240 2916 1302 2954 ubi

247 2965 293 3002 de
313 2965 490 3002 hocloco
512 2966 664 3014 egimus.
718 2966 980 3004 B‘.1RMANNus.

304 3017 386 3065 136.
416 3022 561 3063 Ungere,
576 3026 657 3052 nate
674 3045 682 3059 ,
703 3030 839 3053 manus.
862 3018 875 3067 ]
915 3017 1129 3065 Respicitad
1152 3029 1300 3055 morem

248 3068 410 3116 antiquis
434 3067 630 3112 usitatum,
660 3068 831 3106 videlicet
854 3076 893 3106 ut
912 3069 1050 3105 mortui
1066 3076 1301 3117 ungerentur.

248 3119 381 3168 Virgil.
486 3156 491 3158 ,

470 3175 665 3220 Corpusque
687 3170 817 3207 lavant
827 3169 993 3217 frisentis
1010 3182 1054 3210 cy
1072 3179 1220 3218 ungunt.

248 3220 452 3259 Dicebatur
485 3223 561 3259 hoc
601 3222 792 3272 pollingero.
862 3219 1083 3259 Glossarium
1117 3221 1268 3270 pallingo
1292 3249 1303 3266 ,

247 3275 457 3317 περιςέλλω
485 3275 599 3318 νέκρον
620 3302 630 3318 ,
659 3275 902 3319 copon-Musae,
933 3273 1158 3320 ἐνταφιάζω.
1186 3272 1305 3310 Vide-

248 3328 307 3360 tur
339 3324 570 3364 confundere
600 3337 687 3365 culn
721 3324 977 3376 vespillonibus
1006 3328 1163 3377 <eorum
1200 3325 1301 3362 enim

596 1225 683 1279 Sic
708 1223 874 1287 mihi,
914 1221 984 1278 fic
1010 1222 1228 1278 miserae
1252 1221 1472 1278 nomina
1497 1232 1643 1276 tanta
1667 1221 1868 1276 refers?

2233 1297 2397 1372 ‘Quos

1345 1383 1511 1422 officium
1543 1391 1713 1421 mortuos
1739 1383 1912 1433 sepelire)
1941 1384 1978 1422 in
2010 1395 2087 1433 quo
2107 1391 2232 1424 tamen
2255 1386 2402 1427 subscri-

1344 1443 1492 1483 ptorem
1504 1434 1613 1472 habet
1623 1434 1748 1474 Sidon.
1762 1435 1928 1484 Apollin.
1940 1435 2001 1473 lib.
2014 1447 2077 1473 111.
2092 1437 2157 1485 Ep.
2173 1448 2228 1486 13.
2242 1443 2398 1488 Moxque

1338 1484 1474 1534 fidente
1486 1484 1580 1531 strue
1600 1496 1726 1523 torrem
1752 1486 1958 1523 devolutum
1978 1486 2116 1523 reddere
2124 1499 2227 1536 pyrae
2238 1488 2400 1536 fastidio-

1340 1536 1405 1586 sas
1419 1535 1600 1585 pollinstor
1617 1536 1787 1574 exhorret.
1815 1537 2065 1575 Tertullianus
2088 1550 2242 1588 quoque
2271 1538 2402 1579 adver-

1345 1587 1401 1625 sus
1422 1587 1632 1626 Gnosticos.
1654 1599 1730 1636 cap.
1752 1600 1825 1625 V11.
1844 1587 1893 1625 fic
1912 1588 2032 1638 inquit
2051 1601 2058 1625 z
2087 1590 2122 1624 Si
2140 1589 2246 1637 noster
2269 1604 2402 1642 quoque

1344 1643 1443 1675 ,Deus
1460 1638 1615 1688 propriae
1641 1638 1765 1686 hostiae
1794 1638 1932 1675 nomine
1960 1640 2141 1688 Martyria
2159 1640 2227 1688 fibi
2254 1641 2403 1690 depostu-

1346 1688 1441 1739 laffet
1456 1718 1466 1734 ,
1501 1690 1579 1741 quis
1611 1688 1667 1727 illi
1687 1689 1908 1739 exprobrasset
1917 1689 2097 1737 funestam
2118 1691 2329 1740 relligionem
2357 1704 2402 1734 <9⁸

1347 1740 1503 1789 lugubres
1522 1741 1634 1786 ritus,
1662 1752 1706 1780 ω’
1724 1754 1828 1777 aram
1849 1754 1966 1789 rogum
1982 1769 1992 1786 ,
2021 1752 2064 1780 <9⁴
2085 1741 2322 1791 pollinezorem
2339 1745 2404 1792 sa-

1346 1792 1535 1837 cerdotem,
1563 1804 1608 1832 (φ
1633 1806 1701 1829 non
1728 1791 1867 1828 beatam
1900 1791 2049 1842 amplius
2070 1793 2271 1842 reputaffit,
2298 1808 2403 1844 quem

1347 1849 1443 1881 Deus
1480 1843 1678 1893 comediffet.
1733 1844 1933 1881 Obscurior
1958 1844 2082 1892 paullo
2108 1845 2212 1882 locus
2233 1873 2244 1889 ‚
2291 1846 2330 1883 &
2362 1855 2404 1885 ut

1348 1895 1442 1933 mihi
1454 1894 1600 1934 videtur
1620 1903 1833 1943 corruptus,
1860 1906 1975 1944 quem
1996 1903 2123 1932 tamen
2142 1894 2191 1933 fic
2211 1894 2404 1935 restituen-

1348 1945 1437 1984 dum
1460 1954 1552 1994 puto
1570 1959 1578 1984 :
1617 1951 1663 1983 Et
1682 1959 1785 1982 aram
1798 1945 2008 1994 sacemlotis,
2037 1957 2209 1995 &rogum
2223 1946 2405 1995 polline'i‘o-

1349 1997 1409 2035 ris.
1436 1997 1650 2035 Sacerdotes
1670 1999 1771 2035 enim
1790 2009 1892 2034 aram
1910 1996 2066 2034 traetant
2081 2025 2090 2041 ‚
2127 1997 2231 2046 quod
2255 1997 2404 2047 elegan-

1347 2056 1404 2086 ter
1414 2047 1592 2096 funestam
1613 2048 1808 2097 religionem
1827 2058 1959 2086 vocat:
1989 2048 2226 2097 pollineiores
2247 2060 2379 2098 rogum
2394 2077 2406 2095 ,

1350 2099 1456 2149 quod
1479 2099 1637 2148 lugubres
1653 2100 1754 2136 ritas.
1808 2099 1855 2137 Et
1880 2099 2018 2148 saepius
2045 2100 2095 2136 ita
2114 2099 2158 2137 ab
2178 2100 2409 2148 exscriptori-

1351 2150 1416 2188 bus
1438 2160 1620 2196 erratumj,
1641 2150 1786 2189 curioso
1818 2151 1948 2188 harum
1977 2161 2099 2188 rerum
2132 2150 2409 2200 deprehendere

1351 2201 1449 2239 licet.
1476 2201 1592 2240 Velut
1607 2202 1645 2240 in
1663 2202 1739 2241 hoc
1758 2201 1976 2251 Pancgyrici
1997 2202 2103 2239 Max.
2129 2201 2299 2251 Augusto
2318 2201 2407 2241 dicti

1352 2253 1441 2290 loco
1460 2281 1470 2298 ,
1499 2254 1710 2299 Concursare
1740 2252 1832 2290 inter
1853 2253 1892 2300 se
1909 2252 2076 2301 agricolae
2092 2280 2103 2296 ,
2139 2252 2306 2289 nuntiare
2325 2253 2408 2290 totis

1353 2304 1432 2352 visa
1462 2303 1533 2351 (fic
1556 2304 1713 2341 Tertull.
1735 2304 1781 2342 de
1803 2304 1906 2352 Spec.
1929 2315 2004 2352 cap.
2028 2314 2107 2340 xvr.
2135 2302 2321 2339 Nuntiant
2350 2304 2407 2340 in-

1351 2355 1466 2391 vicem
1495 2354 1586 2403 quod
1607 2352 1718 2403 simul
1746 2354 1790 2390 ab
1822 2353 1979 2390 omnibus
2001 2352 2118 2400 visum
2139 2353 2209 2399 est)
2240 2366 2325 2390 arae
2351 2354 2409 2391 in-

1351 2405 1472 2450 cendi,
1500 2406 1608 2442 thura
1624 2405 1729 2454 poni,
1756 2404 1847 2441 vina
1863 2403 1993 2448 libari,
2018 2404 2186 2439 vierimas
2196 2404 2303 2442 caedi.
2331 2406 2409 2443 Le-

1350 2457 1516 2505 gendum
1539 2456 1638 2494 enim
1654 2485 1664 2500 ,
1692 2469 1775 2492 arae
1786 2455 1887 2505 poni,
1922 2454 2039 2490 thura
2058 2454 2209 2492 incendi.
2259 2455 2408 2495 Eodem

1352 2507 1471 2544 modo
1493 2509 1529 2544 ὅ(
1555 2508 1593 2544 in
1619 2507 1780 2556 Apulejo
1800 2513 1959 2543 erratum
1990 2504 2036 2542 de
2061 2505 2149 2542 Deo
2180 2506 2336 2545 Socratis
2364 2508 2409 2545 ii-

1353 2559 1444 2595 bro:
1484 2557 1738 2608 Tranquillitas
1750 2557 1858 2594 maris
1879 2567 1922 2595 ey·
1944 2554 2126 2593 clementia
2146 2567 2332 2593 ventorum
2348 2567 2409 2607 per

1347 2609 1524 2657 fibrarum
1545 2620 1665 2652 notas,
1693 2620 1735 2648 (J
1759 2607 1890 2644 alitum
1911 2606 2012 2651 vias,
2052 2610 2301 2656 &serpentum
2321 2609 2409 2657 escas

1354 2660 1559 2710 exploratae.
1614 2660 1746 2697 Malim
1764 2660 1907 2708 legere,
1936 2657 2067 2693 alitum
2092 2657 2181 2706 escas
2209 2670 2252 2698 ω’
2272 2663 2410 2708 serpen-

1355 2721 1433 2748 tum
1456 2711 1548 2748 vias.
1601 2710 1705 2760 Quid
1727 2712 1828 2748 enim
1850 2709 1964 2757 magis
1985 2707 2146 2746 usitatius
2173 2709 2265 2752 fuit,
2294 2722 2408 2759 quam

1356 2774 1401 2799 ex
1421 2763 1544 2799 avium
1568 2762 1628 2800 esu
1647 2773 1764 2799 omen
1784 2758 1954 2809 captare?
1989 2758 2087 2797 unde
2107 2760 2222 2797 etiam
2242 2761 2345 2808 priv-a
2365 2763 2410 2800 il·-

1355 2813 1388 2850 la
1407 2814 1450 2850 ad
1472 2814 1566 2850 hanc
1588 2825 1665 2850 rem
1692 2821 1776 2850 nata
1807 2811 1984 2849 vocabula
2000 2839 2010 2854 ‚
2030 2810 2238 2857 solistimum
2262 2838 2271 2854 ‚
2301 2811 2340 2848 ὃς
2353 2813 2412 2861 fi>-

1357 2863 1499 2900 nivium
1521 2863 1724 2914 tripudium.
1756 2864 1944 2901 Nimirum
1968 2874 2061 2913 quae
2075 2862 2309 2906 dicebantur,
2324 2875 2409 2902 cum

1358 2914 1459 2964 pullo
1491 2915 1568 2964 puls
1594 2927 1639 2952 cx
1670 2927 1734 2952 ore
1756 2913 1963 2957 cecidisset,
2002 2913 2048 2949 de
2078 2912 2208 2961 quibus
2235 2913 2411 2961 legendus

1358 2966 1490 3004 Festus.
1547 2966 1774 3003 Ominosum
1795 2966 1906 3002 etiam
1926 2962 2053 3007 fuiffe,
2083 2963 2107 3000 1i
2124 2963 2266 3012 serpens
2286 2965 2323 3001 in
2351 2967 2411 3004 via

1358 3015 1588 3061 occurrisset,
1626 3017 1685 3054 vel
1705 3028 1797 3054 unus
1824 3015 1970 3052 Horatii
1988 3014 2107 3052 versus
2130 3014 2242 3053 fidem
2263 3015 2412 3055 fecerit:

1411 3074 1564 3107 thmpuzt
1581 3077 1621 3104 ut
1633 3069 1768 3116 serpens
1786 3066 1851 3102 iter
1869 3066 2081 3113 institutum.

1359 3118 1482 3157 Pofl‘ct
1514 3129 1638 3156 tamen
1657 3146 1665 3157 ,
1703 3126 1743 3155 ut
1769 3119 1930 3167 ingenue
1959 3117 2062 3167 quod
2092 3117 2243 3155 sentiam
2274 3118 2409 3163 fatear,

1360 3171 1511 3218 Apu‘222j1
1542 3178 1687 3217 recepta
1717 3169 1829 3206 lectio
1870 3169 1996 3218 aliquo
2033 3167 2152 3207 modo
2185 3169 2280 3207 tueri
2316 3169 2413 3208 hisce

1360 3222 1538 3269 From-wli
1558 3220 1715 3258 versibus
1731 3249 1740 3265 ,
1766 3221 1827 3258 lib.
1845 3232 1899 3257 1v.
1924 3221 2024 3268 lflllcg.
2047 3219 2081 3256 8.

1412 3271 1619 3310 Liwnvimn
1639 3269 1760 3320 annosi
1782 3281 1885 3308 vetus
1901 3270 1944 3318 est
1964 3271 2076 3307 tutela
2098 3271 2291 3316 Draconis,

1462 3323 1528 3361 Hic
1548 3323 1607 3361 eoi
1629 3329 1815 3362 Tartareae
1831 3336 1900 3361 non
1914 3322 2001 3373 perit
2017 3322 2103 3361 hora
2122 3336 2249 3362 morae.
2274 3333 2345 3362 επ.
2372 3372 2399 3410 n

2353 3379 2371 3411 1
2399 3387 2417 3412 e
