2553 3676
682 211 1595 277 HALIEUTICON.

359 307 605 369 Extremi
627 316 812 381 parent

357 563 621 620 Lubricus
648 557 703 612 δε
726 557 872 632 spina
899 569 1107 611 nocuus
1131 570 1245 609 non
1268 552 1482 609 Gobius
1507 555 1639 618 ulla,

358 636 432 690 Et
455 635 668 705 nigrum
698 633 856 686 niveo
884 642 1103 703 portans
1126 629 1184 682 in
1210 644 1441 699 corpore
1473 627 1616 681 virus

218 728 317 774 1230
355 707 585 778 LoligO,
624 704 851 777 durique
877 705 1034 765 Sues,
1073 700 1379 772 sinuosaque
1404 699 1579 755 Carisz

69 937 213 976 floreles
241 934 302 973 lib.
325 946 416 975 vm.
447 933 531 971 fine.
557 933 650 973 Μανῆ
676 929 716 966 δὲ
745 928 858 977 φυκῖς
886 929 952 965 τῶν
972 928 1108 966 θαλατ-

72 990 155 1024 τίων
175 987 299 1034 ἰχθύων
318 986 475 1031 mensae
495 984 661 1021 ποιεῖται.
687 982 759 1019 &c.
786 982 895 1029 Quae
922 981 969 1018 ita
999 981 1109 1017 verrit

68 1039 204 1077 Plinius
221 1038 283 1076 lib.
300 1050 351 1075 tx.
369 1049 446 1086 cap.
465 1035 523 1073 26.
551 1034 682 1070 Eadem
698 1032 840 1081 piscium
852 1029 928 1086 sola
951 1030 1109 1078 nidificat

70 1102 112 1125 ex
132 1089 211 1137 alga
236 1116 246 1132 ‚
282 1099 387 1138 atque
412 1088 450 1125 in
482 1085 562 1124 nido
585 1084 693 1135 parit.
747 1084 854 1135 Lego
883 1089 1005 1131 itaque
1036 1082 1109 1118 hoc

68 1140 177 1178 loco:
207 1144 328 1188 Atque
347 1138 474 1176 avium
499 1136 622 1184 Phycis
641 1133 737 1171 nidos
754 1134 908 1170 imitata.
963 1134 1023 1169 An
1045 1132 1110 1169 ali-

68 1198 126 1227 ter
146 1191 183 1227 in
203 1189 268 1227 suo
287 1190 379 1228 libro
397 1186 722 1227 inveneritPlinius
735 1185 861 1232 ‚plane
883 1183 974 1220 mihi
992 1184 1110 1220 incer-

69 1247 152 1278 tum
177 1240 238 1278 est.
272 1239 343 1277 Sed
368 1238 508 1278 etiamst
526 1236 804 1284 corruptusjam
824 1245 903 1271 tum
925 1233 1033 1270 fuerit
1050 1234 1112 1289 liic

68 1291 198 1335 locus,
225 1302 303 1328 non
324 1290 410 1328 ideo
431 1287 624 1326 Chromidi
644 1288 717 1323 hoc
744 1285 937 1324 attribuere
965 1283 1111 1327 debuit,

70 1341 176 1390 quod
192 1341 265 1390 ipse
284 1341 386 1378 scivit
404 1340 467 1377 soli
486 1337 638 1387 Phycidi
656 1335 867 1373 convenire.
895 1333 970 1370 Cur
998 1334 1109 1371 etiam

70 1402 150 1429 non
170 1392 291 1439 potius
311 1390 356 1428 ad
367 1390 510 1438 Salpam
532 1388 675 1431 retulit,
698 1397 792 1436 quae
812 1383 924 1432 gradu
944 1385 1113 1432 proxima

71 1440 178 1479 erat?
215 1442 306 1489 Quo
335 1441 449 1489 magis
480 1439 659 1481 inducor,
686 1445 726 1474 ut
746 1435 891 1473 credam
915 1434 1114 1474 hallucina-

72 1492 179 1529 tione
203 1491 340 1539 magis,
377 1502 488 1540 quarn
516 1502 561 1527 ex
589 1497 757 1536 corrupta
785 1487 953 1534 scriptura
982 1486 1031 1523 ita
1051 1498 1114 1524 ex·

72 1540 234 1590 eerpfiffe
253 1542 435 1586 Plinium,
462 1551 620 1589 eamque
649 1551 668 1576 a
690 1538 837 1576 librariis
856 1536 952 1574 haud
976 1536 1024 1574 ita
1039 1536 1117 1592 ‘du-

73 1593 165 1630 dum
197 1592 453 1640 depravatam,
481 1601 568 1628 nam
592 1590 627 1627 in
652 1589 733 1626 MS.
755 1588 802 1626 est
822 1602 833 1632 ;
873 1586 982 1623 dulcis
1008 1599 1117 1624 mves.

71 1643 261 1680 Vnrms.
298 1641 605 1691 Ingeniofiffimus
639 1640 774 1677 Vlitius
801 1639 922 1676 noster
950 1638 1046 1675 notis
1073 1638 1120 1676 ad

57 1693 315 1731 ,Halieuticon
338 1693 405 1730 suis
425 1705 470 1729 ex
493 1692 611 1728 Plinio
636 1689 809 1727 emendat
834 1688 1008 1733 feliciter,
1045 1693 1121 1726 At-

80 1757 146 1794 que
164 1743 288 1780 avium
310 1743 425 1780 Phicis
444 1742 540 1779 nidos
568 1740 722 1777 imitata.
750 1740 815 1788 qui
845 1738 1011 1777 videatur
1041 1747 1117 1778 tarn

75 1795 173 1837 hoc,
202 1805 312 1842 quam
334 1793 410 1831 aliis
430 1793 537 1842 hujus
557 1791 737 1840 poematii
756 1790 846 1827 locis
866 1790 1008 1838 egregie
1037 1788 1055 1827 {a
1083 1790 1118 1828 se

78 1844 266 1881 illustratis.
300 1844 361 1881 sub
396 1844 552 1881 nomine
582 1842 692 1878 dulcis
714 1841 802 1878 latet
831 1851 973 1878 nomen
1006 1840 1120 1889 piscis.

79 1895 224 1932 Hems.
259 1894 470 1932 Harduinus
498 1893 542 1931 ad
562 1892 652 1929 Plin.
682 1891 740 1929 lib.
768 1903 820 1927 xx.
847 1902 924 1939 cap.
945 1890 1004 1927 26.
1033 1891 1121 1940 legit

79 1947 189 1983 etiam
203 1958 212 1982 t
227 1949 346 1995 Atque
368 1944 508 1980 Avium
523 1942 646 1991 phycis
659 1942 755 1980 nidos
775 1941 917 1978 imitata
920 1940 986 1989 sub
996 1943 1121 1979 undas.

79 1995 233 2033 Perinde
263 1994 362 2043 quafi
395 1994 497 2032 Vlitii
529 2002 635 2032 notas
664 2003 870 2041 numquam
906 1990 1120 2040 inspexisset.

78 2045 138 2084 secl
158 2045 206 2083 fic
230 2045 332 2082 solet.

135 2107 216 2145 123.
243 2100 289 2131 Et
311 2094 458 2145 squalus
486 2093 743 2143 tenuisuffusus
753 2091 924 2142 sanguine
944 2092 1119 2143 Mullus]

82 2145 243 2183 Videtur
264 2145 432 2195 squalum
463 2157 529 2194 pro
554 2145 721 2192 Cephalo
751 2142 876 2180 dixiffe
903 2155 966 2191 per
993 2144 1124 2192 synco-

81 2207 168 2245 pen.
204 2195 252 2233 s1c
283 2195 418 2244 fiquilla
445 2208 512 2245 pro
541 2195 645 2232 Scilla
669 2223 680 2239 ,
722 2193 782 2231 sed
818 2193 915 2231 nulla
951 2193 1124 2242 syncope.

84 2248 259 2284 stum.
272 2245 457 2284 Assentior
468 2245 682 2291 Aldo,Aldi
701 2244 942 2293 N.qui1egit,
958 2249 1002 2280 Et
1013 2246 1123 2292 squa-

85 2309 160 2334 mas
179 2295 274 2334 tenui
288 2323 298 2338 ,
310 2307 381 2336 σε.
408 2296 466 2334 Est
487 2304 610 2334 autern
631 2295 756 2334 usitata
774 2294 885 2344 figura
899 2308 908 2332 :
922 2303 962 2332 ut
977 2323 986 2338 ,
1005 2296 1125 2331 Oculos

80 2346 213 2396 fieffusa
242 2346 386 2384 nitentes
408 2361 419 2391 ;
459 2348 497 2384 &
516 2347 633 2384 sensus
655 2347 828 2394 optimus.
880 2345 1064 2382 Ausonius
1086 2347 1125 2383 in

88 2397 244 2434 Mosella
271 2397 406 2435 eodem
426 2397 527 2435 sensu
552 2405 662 2435 vocat
684 2397 824 2435 Mullos
843 2395 1038 2434 Puniceos.
1066 2396 1125 2433 ubi

86 2447 138 2485 ita
156 2447 225 2484 est:
348 2456 351 2458 ·

137 2516 200 2525 —-
229 2496 383 2534 Marinis
383 2496 478 2546 solus
483 2495 632 2545 puniceis
631 2495 753 2543 facilis
763 2495 958 2532 contendere
968 2495 1103 2533 Mullis.

88 2548 306 2586 ememus,
335 2552 381 2583 Et
393 2547 559 2595 squatus,
588 2558 654 2591 <93
686 2547 739 2584 lta
757 2546 985 2583 Gesnerus&
1002 2557 1128 2584 recen-

88 2598 199 2636 tiores
226 2598 318 2636 Edd.
349 2597 434 2635 Ald.
462 2600 500 2635 &
532 2597 625 2636 Pith.
651 2596 852 2647 &squallis
872 2596 976 2633 tenui.
1029 2597 1127 2635 Nam

91 2649 209 2696 prima
227 2650 348 2697 potius
371 2647 606 2696 producenda
625 2647 673 2685 est
687 2646 780 2692 ‚five
802 2659 847 2684 ex
868 2647 1028 2692 κέφαλος
1041 2658 1129 2684 con-

93 2698 244 2736 trahitur
258 2726 268 2741 ,
292 2700 394 2747 quod
415 2699 578 2736 Gesnero
600 2698 717 2736 visum
731 2726 741 2741 ,
769 2697 866 2740 fiVe,
894 2707 934 2735 ut
954 2696 1130 2735 verifiini-

93 2749 160 2785 lius
175 2776 186 2792 ‚
211 2759 231 2785 a
240 2748 390 2797 squaleo.
415 2750 496 2786 MS.
526 2753 572 2785 Et
583 2749 675 2799 squa
697 2760 739 2788 ω’
761 2747 867 2784 tenui.
906 2749 980 2785 Hic
1005 2749 1129 2797 itaque

95 2798 244 2837 malim:
274 2799 478 2849 Etsquatus
503 2810 547 2839 (9⁶
564 2799 671 2837 tenui.
708 2800 754 2836 Et
775 2796 942 2848 [qualum
960 2799 1058 2847 supra
1085 2799 1131 2836 ad

93 2849 152 2893 sss.
191 2848 270 2886 118.
299 2850 482 2898 relegare:
510 2849 653 2898 Squali,
689 2848 924 2899 Scombrique,
951 2849 1130 2899 Bovesqne.

87 2900 237 2949 squatus
266 2907 387 2936 autem
414 2898 512 2938 idern
532 2927 544 2945 ,
591 2899 652 2949 qui
668 2898 839 2949 squatina
857 2926 868 2944 ,
911 2907 950 2937 ut
975 2899 1131 2938 ostendit

94 2950 289 2996 Gesnerus.
341 2949 523 2988 Vinius.

151 3012 230 3049 123.
270 2997 451 3048 effultus]
503 3000 623 3050 Hujus
652 3001 752 3049 piscis
778 3000 874 3050 apud
908 3008 1129 3051 utrumque,

96 3050 227 3100 quibus
239 3050 464 3098 potillimum
484 3058 570 3086 utor
585 3052 812 3097 auctoribus,
841 3053 1008 3100 frequens
1028 3064 1131 3090 men-

98 3103 154 3138 tio
185 3101 244 3138 est.
272 3100 405 3137 Giscaf.
429 3100 592 3144 Graece,
621 3101 778 3147 τρίγλαι
809 3102 954 3147 italice,
993 3103 1130 3151 Triglia.

95 3150 262 3199 Pelagius
283 3149 330 3188 est
351 3149 517 3188 Galerio:
548 3151 732 3188 Aristoteli
742 3164 831 3190 vero
853 3153 1020 3192 litoralis:
1050 3156 1129 3202 Op·-

100 3201 212 3250 piano
243 3200 395 3238 saxatilis
421 3200 552 3240 dicitur
573 3215 582 3239 :
608 3202 698 3251 parit
720 3209 775 3238 ter
792 3203 828 3239 in
845 3214 963 3241 anno:
992 3200 1135 3242 Dianae

99 3251 369 3289 sacrificabatur.
422 3251 594 3290 Oceanus
624 3252 933 3301 Septemtrionalis
955 3282 966 3300 ,
993 3256 1030 3292 &
1059 3255 1135 3292 Oc-

102 3301 287 3341 cidentalis
304 3302 403 3341 hunc
420 3313 499 3341 non
519 3303 646 3355 gignit.
684 3304 824 3348 Came,
851 3303 949 3352 alga,
972 3305 1135 3352 concha,

2139 787 2211 844 Et

1163 929 1202 966 &
1222 939 1344 967 coeno
1365 926 1543 964 vescitur.'
1578 924 1768 975 Leporem
1789 930 1970 964 marinum
1992 926 2212 977 insequitur:
2229 945 2232 949 ·

1161 979 1309 1017 homini
1324 990 1492 1022 nocuus,
1520 976 1559 1014 ὅτ
1580 988 1627 1014 eo
1653 975 1820 1013 vescitur.
1874 978 2084 1016 Ciorlmus.

1219 1042 1296 1077 124.
1325 1028 1473 1078 Soleae]
1503 1027 1627 1076 Hujus
1646 1027 1736 1064 item
1756 1026 1859 1075 piscis
1879 1028 2093 1074 creberrima
2118 1029 2214 1079 apud

1165 1081 1324 1119 eundem
1351 1080 1509 1118 Plinium
1529 1079 1686 1116 mentio.
1742 1076 1862 1115 IDEM.

1218 1143 1298 1180 ης.
1325 1129 1475 1179 Ριιῃὲν.]
1506 1129 1546 1166 ln
1575 1140 1696 1166 coeno
1727 1128 1826 1178 degit
1852 1129 2014 1178 Oppian.
2040 1130 2214 1168 Glisma:

1164 1181 1270 1220 Idem
1292 1193 1370 1229 cap.
1390 1193 1448 1219 xx.
1471 1179 1530 1218 lib.
1550 1191 1602 1216 ix.
1626 1179 1846 1217 CxorANus.

1219 1244 1300 1281 ης.
1327 1229 1546 1279 Rhombus.]
1577 1229 1681 1268 Idem
1701 1229 1840 1268 auetor.
1862 1230 1978 1268 IDEM.
2005 1230 2136 1276 Juven.

1217 1294 1345 1332 Incidit
1363 1292 1513 1332 Adriaci
1524 1290 1682 1342 spatium
1702 1290 1913 1329 admirabile
1933 1291 2090 1330 Rhombi.

1170 1356 1332 1394 DouzA.

1224 1408 1307 1445 126.
1336 1412 1431 1444 Tunc
1452 1406 1577 1456 Epodes
1601 1405 1707 1457 lasz]
1745 1406 1803 1445 Sic
1833 1407 1944 1445 etiam
1970 1406 2107 1445 Plinius
2138 1411 2212 1447 noss

1170 1458 1286 1496 minat
1299 1470 1343 1496 ex
1358 1457 1514 1496 Ovidio.
1536 1459 1590 1495 Ex
1609 1458 1686 1496 aliis
1706 1457 1834 1506 (quod
1852 1457 1985 1504 sciam)
2006 1470 2120 1496 nemo
2140 1460 2214 1496 hoc

1171 1520 1313 1547 nomen
1341 1509 1472 1558 posuit.
1517 1508 1660 1558 Lopidae
1679 1508 1793 1557 vulgo
1813 1508 1983 1546 dicuntur
2005 1507 2117 1555 pisces
2134 1511 2217 1558 qui·

1173 1559 1257 1597 dam
1287 1560 1384 1608 plani
1414 1560 1450 1597 &
1479 1559 1552 1597 lati.
1588 1559 1812 1597 Ges-umus.
1848 1558 1930 1596 MS.
1961 1564 2095 1607 Lepores
2121 1559 2216 1598 laeti.

1172 1610 1308 1648 Plinius
1331 1609 1530 1658 excerpsit,
1558 1610 1682 1658 Epodes
1701 1609 1767 1646 lati
1784 1609 1925 1658 generis.
1952 1609 2137 1647 Virrius.

1226 1662 1305 1699 126.
1334 1660 1492 1710 Ranae]
1521 1661 1639 1698 Ranas
1656 1660 1810 1698 marinas
1829 1659 1874 1698 de
1904 1659 2058 1709 piscium
2078 1664 2223 1708 genere

1173 1712 1352 1761 intelligo.
1405 1712 1581 1749 Gesner<⁴

1227 1774 1307 1808 127.
1335 1761 1525 1811 Pascunt.]
1554 1761 1641 1799 Ald.
1664 1760 1810 1799 extremi
1831 1770 1902 1812 pas.
1931 1760 1953 1782 ³*
1971 1760 2055 1798 MS.
2072 1760 2218 1800 &Pith.

1175 1813 1319 1850 extremi
1342 1823 1465 1862 pareuc
1493 1812 1525 1850 *ἲ
1561 1813 1642 1861 Ego
1673 1813 1816 1863 reliqua
1845 1824 1890 1850 ex
1920 1812 2083 1862 Oppiani
2105 1811 2168 1850 ἄλ.
2188 1812 2218 1850 Ι.

1174 1864 1281 1902 initio
1300 1865 1349 1901 ita
1368 1863 1550 1912 supplevi:

1225 1929 1384 1966 Extremi
1398 1930 1543 1978 paftunt
1557 1936 1690 1979 propter
1708 1927 1854 1978 confinia
1875 1928 1968 1979 ripae
1982 1957 1992 1973 ‚

1226 1986 1308 2017 Aut
1320 1979 1417 2028 fixae
1427 1980 1572 2030 scopulis
1591 1979 1733 2016 haerent
1746 2007 1757 2025 ,
1778 1985 1974 2031 Pernaeque
1986 1979 2167 2031 sudesque.

1177 2050 1374 2094 Pernaeque
1404 2045 1572 2094 Sudesque
1598 2057 1642 2083 ex
1672 2045 1791 2083 Plinio
1822 2073 1832 2091 ,
1876 2046 1939 2094 qui
1965 2046 2052 2083 hinc
2084 2047 2219 2083 citave-

1176 2104 1254 2140 rat,
1282 2096 1319 2132 in
1337 2096 1461 2133 locum
1483 2096 1581 2133 hunc
1593 2095 1816 2145 postliminio
1838 2096 1982 2146 restitui.
2010 2096 2075 2133 Ait
2094 2098 2215 2134 enim:

1178 2151 1265 2182 Sunt
1272 2154 1444 2194 praeterea
1464 2159 1487 2182 a
1509 2146 1603 2183 nullo
1623 2156 1741 2183 autore
1755 2146 1950 2189 nominati,
1979 2145 2080 2181 sudis
2092 2147 2218 2183 Latine

1178 2196 1371 2246 appellata,
1400 2210 1421 2233 a
1441 2197 1577 2234 Graecis
1600 2196 1794 2246 Sphyraena
1807 2225 1817 2241 ,
1856 2196 1954 2244 rostro
1963 2195 2091 2244 fimilis
2107 2197 2220 2236 nomi-

1181 2260 1245 2290 ne,
1273 2247 1514 2296 magnitudine
1541 2248 1631 2284 inter
1661 2245 1896 2297 ampliffimos,
1930 2258 2052 2289 rarus,
2080 2247 2144 2294 sed
2162 2257 2220 2284 ta-

1179 2311 1258 2334 men
1278 2311 1345 2335 non
1366 2298 1513 2346 degener.
1551 2297 1780 2347 Appellantur
1807 2309 1850 2338 ω’
1866 2303 1996 2334 Pernae
2014 2296 2220 2334 concharum
2260 2323 2261 2326 =

1176 2348 1326 2396 generis,
1364 2350 1453 2385 circa
1484 2348 1625 2384 Pontias
1653 2348 1784 2394 insulas
1806 2345 2119 2397 frequentiffimae,
2146 2359 2219 2386 cac.

1182 2400 1286 2436 Haec
1306 2399 1380 2436 duo
1399 2400 1434 2436 in
1453 2398 1494 2436 iis
1508 2426 1517 2443 ,
1546 2410 1640 2448 quae
1661 2399 1775 2436 hodie
1797 2406 1944 2441 extant,
1980 2397 2219 2436 solummodo

1181 2451 1412 2497 requiruntur
1440 2449 1638 2486 vocabula:
1673 2449 1810 2498 reliqua
1839 2449 1986 2491 omnia,
2013 2459 2106 2496 quae
2134 2450 2222 2486 cita-

1182 2500 1236 2536 vit
1253 2499 1407 2543 Plinius,
1436 2497 1608 2547 supereffe
1625 2499 1702 2547 jam
1724 2498 1878 2538 ostendi.
1933 2497 2049 2546 Quod
2070 2509 2160 2535 vero
2179 2501 2220 2536 in

1183 2548 1255 2586 fine
1277 2550 1401 2597 capitis
1416 2549 1561 2598 adjicit:
1596 2554 1736 2586 Praeter
1758 2548 1839 2585 haec
1853 2557 2083 2598 purgamenta
2098 2548 2222 2599 aliqua
2254 2558 2256 2560 ·

1185 2598 1298 2635 relatu
1316 2599 1459 2647 indigna
1473 2627 1483 2642 ,
1509 2597 1648 2646 &algis
1662 2598 1776 2648 potius
1794 2598 2062 2636 annumeranda
2075 2625 2086 2643 ,
2113 2613 2221 2649 quam

1185 2648 1409 2687 animalibus.
1461 2649 1552 2687 Non
1581 2649 1666 2686 ideo
1698 2649 1917 2687 censendum
1949 2649 2048 2697 plura
2074 2648 2120 2686 ad
2149 2650 2223 2688 Pli-

1185 2701 1289 2738 nium
1312 2727 1322 2744 ‚
1360 2711 1470 2750 quam
1501 2699 1545 2737 ad
1571 2711 1639 2736 nos
1666 2698 1877 2748 pervenisse.
1928 2699 2002 2736 Vel
2029 2700 2129 2737 enim
2161 2701 2223 2738 illa

1184 2751 1376 2800 intelligit,
1416 2762 1509 2800 quae
1536 2749 1852 2794 subindeonnfit,
1889 2757 1928 2788 ut
1950 2749 2115 2798 Quales,
2153 2756 2224 2787 La-

1186 2814 1319 2849 myros,
1348 2807 1518 2845 Maenas,
1547 2801 1736 2849 multaque
1759 2800 1795 2838 id
1812 2812 1925 2849 genus
1945 2800 2033 2837 alia:
2063 2800 2122 2837 vel
2137 2801 2192 2838 illa
2210 2828 2222 2844 ,
2254 2825 2256 2829 ψ

1187 2863 1280 2900 quae
1300 2852 1337 2888 in
1360 2852 1480 2900 paucis
1500 2852 1541 2888 iis
1557 2878 1567 2894 ,
1594 2851 1657 2899 qui
1676 2851 1937 2889 interciderunt
1951 2878 1962 2894 ,
1999 2857 2061 2887 aut
2081 2851 2118 2887 in
2149 2850 2222 2887 fine

1186 2902 1392 2949 consumpti
1420 2901 1594 2939 vetustate
1623 2901 1695 2948 legi
1725 2913 1801 2939 non
1828 2908 2029 2950 poterant,
2065 2900 2223 2937 versibus

1187 2952 1479 2990 continebantur.
1517 2952 1706 2990 Vtxrius.
1741 2958 1871 2990 Pareuc
1903 2947 2054 2990 Thuan.
2092 2956 2224 2987 Parcus

1187 3002 1356 3041 Ambros.
1394 3003 1620 3041 ‘Hfimsnm

1242 3054 1322 3092 128.
1348 3053 1484 3092 Gobius.
1503 3053 1519 3104 ]
1549 3053 1648 3091 Gobii
1666 3054 1726 3092 vel
1745 3053 1842 3092 Gobii
1858 3055 1895 3092 in
1914 3052 2022 3101 petris
2050 3050 2088 3088 δε
2109 3050 2225 3088 arenis
2256 3066 2261 3071 ·

1187 3104 1324 3153 degunt
1340 3105 1512 3143 Aeliano.
1525 3103 1688 3142 Lubricus
1704 3105 1816 3143 Gobii
1834 3104 2021 3152 epitheton
2043 3101 2222 3138 dixerim:

1191 3167 1417 3204 quamquam
1439 3154 1582 3203 Olisthos
1598 3155 1635 3193 id
1655 3157 1704 3194 est
1721 3156 1874 3194 lubricus
1895 3153 1944 3191 sui
1962 3152 2104 3200 generis
2122 3151 2225 3199 piscis

1192 3205 1241 3241 est
1273 3206 1448 3253 Oppiano
1475 3217 1589 3255 prope
1618 3206 1706 3244 ostia
1736 3205 1945 3242 fluviorum.
1998 3202 2226 3241 GESN‘ERUS.

1191 3255 1322 3292 Giscaf.
1349 3255 1493 3300 Γωβὶσς,
1521 3256 1672 3292 Graece.
1692 3254 1847 3297 Gomon,
1875 3252 2026 3290 Gallice.
2080 3251 2228 3290 Fluvia-
2256 3267 2262 3270 ·

1188 3305 1258 3345 tilis
1287 3304 1360 3351 est,
1394 3307 1560 3346 calvariis
1581 3305 1799 3344 cadaverum
1825 3304 1864 3342 in
1892 3315 2024 3355 aquam
2056 3303 2227 3359 projeelis

2115 3365 2234 3392 maxi-
2264 3368 2271 3372 ·
