2553 3676
631 178 1266 243 HEROIDES.
1339 201 1450 237 ΕΡ.
1526 204 1650 239 x1v.
2053 137 2177 250 Δ,199

358 275 505 348 Quin
530 289 624 342 age
637 310 652 333 ‚
690 268 926 337 dumque
945 264 1111 334 jacet,

1149 263 1316 318 fortes
1340 264 1546 317 imitare
1569 266 1785 322 sorores,

426 342 694 398 Credibile
719 338 793 391 est
814 337 988 390 caesos
1013 335 1256 390 omnibus
1280 335 1382 389 effe
1403 336 1556 389 viros,

357 416 410 470 Si
433 430 610 468 manus
635 412 763 464 haec
789 410 1015 480 aliquam
1040 406 1208 479 poffet
1232 407 1572 461 committere
1597 407 1844 468 caedem,

248 493 315 541 60

422 484 607 538 Morte
632 482 771 535 foret
796 481 1043 534 dominae
1065 479 1461 550 sanguinolenta
1483 478 1615 532 suae.

352 558 480 630 Quo
505 572 747 609 meruere
770 571 986 616 necem,
1023 551 1276 624 patruelia
1296 567 1457 620 regna
1482 551 1717 602 tenendo
1735 591 1750 614 ‚

423 627 575 699 Quae
600 640 776 680 tamen
796 625 1026 679 externis
1052 623 1224 677 danda
1246 623 1422 677 forent
1446 623 1684 693 generis?

351 699 517 770 Finge
541 700 682 753 viros
708 696 950 752 meruisle
979 696 1145 750 mori:
1185 695 1315 768 quid
1339 693 1559 749 fecimus
1582 693 1750 765 ipsae?

424 772 553 844 Quo
578 771 708 825 mihi
733 768 1008 824 commiffo
1032 786 1142 824 non
1164 768 1287 821 licet
1313 767 1415 821 effe
1439 767 1585 838 piae?

245 849 309 912 65

349 844 497 916 Quid
522 844 650 897 mihi
674 861 797 896 cum
821 842 996 895 ferro?
1038 859 1146 914 quo
1172 840 1356 893 bellica
1379 840 1480 918 tela
1505 837 1737 909 puellae?

427 917 623 987 Aptior
647 915 721 970 est
745 915 922 986 digitis
945 915 1058 968 lana
1081 913 1335 985 colusque
1359 928 1504 964 meis,

67 1128 159 1167 quae
181 1117 322 1155 Ovidio
347 1129 368 1156 a
392 1117 513 1155 multis
534 1116 768 1167 abjudicatur.
797 1115 857 1154 sed
879 1123 1091 1164 corruptum

64 1166 137 1206 effe
155 1167 346 1205 ostendunt
363 1170 480 1205 variae
497 1169 683 1205 lectiones.
711 1170 746 1205 in
770 1169 957 1204 Puteaneo
979 1166 1093 1203 erasus

67 1224 164 1254 totus
182 1246 191 1261 ,
217 1219 279 1268 qui
301 1219 395 1266 prius
413 1219 597 1267 legebatur
610 1247 620 1262 ‚
647 1218 765 1255 versus
779 1246 787 1260 ,
802 1218 838 1254 &
860 1217 918 1254 ille
936 1215 1095 1264 supposi-

65 1275 142 1310 tus,
169 1271 232 1317 qui
258 1281 355 1306 nunc
379 1269 518 1317 legitur.
546 1270 583 1306 in
612 1269 857 1306 Gronoviano
882 1267 957 1304 est:
993 1268 1094 1314 Quae

65 1326 184 1354 tamen
211 1320 358 1355 externis
386 1333 486 1367 regna
513 1319 658 1355 tenenda
681 1320 810 1365 forent.
836 1318 874 1353 in
894 1318 1034 1353 Moreti
1055 1318 1093 1354 δε

66 1366 205 1405 duobus
223 1370 296 1406 aliis
310 1383 318 1406 :
348 1371 448 1417 Qae
465 1380 582 1406 tamen
599 1369 746 1405 externis
762 1367 955 1416 accipienda
965 1369 1093 1412 forent.

65 1418 168 1466 quod
185 1431 262 1456 non
281 1419 439 1467 displicet
462 1448 472 1464 ,
499 1421 537 1457 ὃς
557 1430 691 1456 vocem
708 1419 837 1467 generis
854 1429 873 1454 a
900 1415 1094 1466 glossatore

64 1467 277 1517 adscriptum
305 1467 373 1507 effe
405 1479 508 1518 puto.
535 1470 598 1519 qui
622 1468 711 1508 illud
738 1467 884 1518 Virgilii
911 1469 948 1505 in
968 1469 1093 1505 animo

63 1515 216 1556 habebat
232 1520 291 1556 lib.
310 1532 381 1557 vu.
400 1521 460 1568 98.

115 1570 260 1605 Externi
285 1571 433 1606 veniunt
455 1571 580 1618 generi.

64 1615 234 1656 Francius
253 1621 570 1663 volebat‚externis
590 1620 710 1656 danda
722 1620 820 1666 fuere
829 1619 1012 1663 viris.vel,
1025 1624 1098 1655 Ex-

65 1669 172 1704 term's
183 1670 312 1716 generis
328 1683 414 1718 quae
436 1670 530 1705 modo
550 1670 669 1706 danda
681 1672 810 1716 forent.
838 1669 1097 1706 BuRMANNus.

117 1718 174 1761 64.
203 1721 280 1766 Qo
310 1719 398 1755 mihi
426 1719 589 1768 commisti)
615 1733 682 1756 non
699 1720 776 1755 licet
794 1718 849 1766 effi’
862 1719 998 1767 piam.]
1028 1721 1097 1766 Esse

58 1766 138 1815 piae
164 1768 378 1805 Puteaneus.
414 1771 567 1817 optime.
602 1771 755 1807 alterum
785 1770 906 1805 minus
932 1770 1095 1817 elegam,

65 1817 106 1852 &
131 1827 208 1864 quo
230 1829 404 1865 perquam
430 1821 497 1855 rari
526 1820 689 1867 optimae
710 1819 893 1855 latinitatis
911 1818 1098 1866 scriptores

64 1864 117 1903 ufi
144 1865 222 1903 fint.
255 1867 383 1903 Caesar
408 1867 467 1904 lib.
498 1879 553 1904 vi.
582 1869 667 1904 Bell.
695 1869 788 1904 Gall.
817 1879 874 1915 35.
914 1868 1013 1914 Qid
1038 1883 1098 1905 vos

67 1913 156 1952 hanc
174 1914 332 1964 miseram
345 1945 354 1960 ,
368 1930 407 1952 ac
426 1927 561 1953 tenuem
572 1917 754 1966 sefflamini
765 1917 935 1964 praedam
947 1944 955 1958 ‚
977 1917 1099 1965 quibas

66 1964 142 2002 licet
168 1965 223 2015 effe
243 1965 533 2014 fhrtunatiffimis.
568 1969 673 2004 initio
699 1966 760 2003 lib.
789 1978 849 2002 111.
877 1966 965 2002 Bell.
988 1967 1097 2004 Civil.

64 2027 216 2065 quoque
234 2017 458 2054 scribendum
482 2017 625 2054 videtur
648 2030 657 2053 ε
697 2022 729 2052 Is
747 2016 839 2052 enim
864 2026 938 2051 erat
959 2029 1072 2053 annas
1087 2045 1096 2060 ‚

67 2079 132 2117 quo
160 2066 213 2102 illi
230 2076 289 2115 per
315 2067 395 2115 leges
413 2067 535 2116 consuli
557 2069 612 2116 effe
630 2066 752 2102 licebat
774 2093 783 2109 ‚
824 2078 902 2103 non
921 2068 1099 2116 consulem.

67 2115 212 2154 Auctor
237 2117 317 2154 belli
343 2117 526 2165 Hispanici
547 2131 554 2154 :
593 2118 698 2153 Petiit
721 2117 765 2152 ab
785 2117 957 2166 oppidanis
971 2145 980 2161 ‚
1010 2129 1050 2154 ut
1071 2119 1100 2154 ei

69 2165 181 2202 liceret
206 2166 310 2214 legato
335 2167 382 2203 ad
406 2168 585 2215 Caesarem
606 2166 779 2216 proficisci.
808 2170 929 2205 Mox:
972 2174 1024 2204 Ne
1045 2169 1099 2204 cui

0 2251 1 2256 ,
69 2226 170 2252 extra
189 2217 328 2253 vallam
356 2217 466 2253 liceret
489 2218 592 2261 exire,
609 2216 672 2266 nist
691 2218 860 2266 discinc‘lo.
880 2219 928 2255 ita
939 2227 1098 2267 utroque

67 2265 154 2304 loco
195 2267 310 2304 codex
347 2276 450 2305 vetus
479 2267 718 2305 Lovanienfis
740 2296 750 2312 ‚
786 2280 862 2316 quo
897 2268 975 2305 sum
1008 2269 1099 2306 usus.

70 2315 244 2354 Horatius
263 2318 332 2354 Sat.
349 2331 392 2354 11.
414 2318 474 2354 lib.
500 2331 529 2355 1.
549 2327 589 2355 ut
616 2319 653 2355 in
674 2319 875 2356 veterrimis
893 2319 990 2357 libris
1010 2319 1101 2368 legi-

71 2373 141 2411 tur,
159 2367 323 2414 Munifico
343 2367 398 2415 effe
417 2367 503 2403 licet.
516 2369 552 2405 &
572 2369 641 2405 Sat.
667 2381 697 2406 1.

246 2419 361 2467 Atqui
378 2417 453 2454 licet
472 2417 527 2466 effi
546 2418 664 2455 beatis.

70 2466 232 2516 Propert.
257 2469 318 2506 lib.
343 2481 388 2505 11.
416 2469 518 2517 Eleg.
537 2481 570 2505 x.
591 2469 653 2507 ubi
672 2479 774 2506 taum
794 2481 893 2508 nunc
910 2481 1101 2519 perperam

72 2516 222 2566 legitur:
900 2558 907 2563 ,

125 2567 217 2604 Solus
235 2582 286 2604 ero
301 2595 312 2612 ‚
341 2568 504 2619 quoniam
522 2582 590 2606 non
609 2569 686 2606 licet
707 2569 762 2619 effi
781 2579 850 2607 tuo,

72 2616 213 2656 Lucan.
232 2619 290 2656 lib.
309 2631 370 2656 111.

250 2675 456 2720 Numquam
476 2669 540 2706 tibi
555 2697 565 2713 ,
588 2676 736 2718 Magne,
761 2679 820 2718 per
837 2670 978 2708 umbras

125 2724 252 2768 Perque
268 2733 354 2755 meos
369 2734 486 2756 manes
496 2733 612 2768 genero
631 2733 697 2756 non
715 2720 777 2769 effe,
787 2720 910 2758 licebit.

76 2767 131 2804 Ita
149 2771 357 2807 vetustiores
376 2771 504 2819 scripti.
517 2771 619 2807 Silius
635 2771 696 2807 lib.
714 2784 765 2808 1x.

130 2817 282 2864 Amisere
299 2821 383 2856 icius
390 2821 566 2869 spatium,
596 2834 654 2857 nec
673 2831 780 2857 morte
792 2822 932 2871 peraffa

44 2868 55 2877 '
132 2868 273 2902 Artatis
291 2870 428 2918 cecidiſje
449 2871 535 2907 licet.

8 2951 9 2954 ,
80 2914 270 2953 claudian.
286 2918 344 2953 lib.
364 2932 407 2955 11.
426 2922 462 2957 in
483 2922 583 2958 Eutr.
604 2933 639 2957 v.
665 2921 719 2958 18.

133 2971 175 3000 Ut
195 2963 292 3000 liceat
314 2967 449 3017 reliquis
459 2972 572 3017 securo
590 2972 710 3007 vivere
732 2971 904 3008 memhris.

82 3014 294 3063 Quomodo
320 3015 540 3070 scribendum
570 3021 667 3058 illinc
685 3024 827 3058 monui.
863 3020 957 3070 apud
979 3022 1108 3058 Maro-

80 3077 167 3102 nem
189 3065 381 3101 tamenhb.
398 3079 433 3102 x.
454 3070 650 3108 constanter
666 3072 745 3109 libri
763 3080 903 3110 veteres
917 3072 1038 3116 ,liceat
1047 3074 1110 3121 sa-

77 3114 195 3164 pereffe
213 3123 339 3163 nepotes
353 3142 363 3157 ,
390 3116 453 3163 qui
472 3117 509 3152 ὃς
527 3118 615 3155 libro
636 3135 672 3158 x.

259 3171 359 3219 [jam
371 3175 525 3212 genetrix
535 3168 664 3212 faciem
681 3171 841 3220 miserata
853 3172 980 3221 refecit,

134 3218 181 3261 Et
197 3213 290 3252 dedit
311 3212 368 3263 effe
386 3219 490 3253 Deas.
1003 3236 1008 3240 ·

2027 977 2183 1033 Haec

1148 1113 1218 1151 Sed
1240 1112 1366 1151 Claud.
1386 1111 1445 1150 lib.
1472 1124 1500 1149 1.
1523 1113 1559 1149 in
1583 1108 1705 1148 Rufin.
1729 1115 1872 1147 Natura
1891 1106 1996 1145 beatis
2016 1106 2185 1143 Omnibus

1148 1163 1204 1212 effi:
1224 1164 1330 1201 dedit.
1359 1164 1462 1201 Silius
1482 1163 1541 1200 lib.
1564 1174 1633 1198 v11.

1201 1226 1235 1262 Si
1252 1226 1336 1262 lacis
1348 1226 1438 1275 piget
1452 1252 1462 1269 ‚
1490 1224 1710 1273 &supremis
1729 1222 1784 1273 effe
1807 1222 1921 1272 cupido
1942 1220 1996 1268 est.

1150 1287 1274 1326 Florus
1293 1289 1352 1325 lib.
1381 1302 1443 1325 111.
1471 1300 1546 1336 cap.
1581 1299 1636 1324 12.
1666 1287 1781 1336 Nescio
1802 1300 1848 1322 an
1862 1282 2097 1333 satiasfuerit
2120 1284 2186 1337 {204

1142 1339 1222 1386 pulo
1242 1346 1390 1375 Romano
1412 1339 1526 1375 Sicilia
1552 1349 1594 1377 ω’
1614 1337 1741 1384 Africa
1760 1346 1913 1374 contento
1935 1333 2001 1383 effi.
2031 1331 2187 1371 Mai-trax.

1148 1390 1208 1426 hb.
1230 1401 1281 1426 v1.
1301 1401 1358 1438 43.

1200 1457 1245 1487 Et
1257 1451 1346 1500 stitis
1364 1453 1406 1500 est
1419 1481 1429 1498 ‚
1452 1452 1545 1502 pigro
1556 1450 1589 1502 fi
1608 1451 1684 1488 licet
1703 1449 1759 1500 effe
1777 1449 1877 1488 mihi.

1151 1515 1234 1552 Lib.
1259 1529 1316 1553 xi.
1340 1517 1374 1555 8.

1202 1567 1381 1615 Penelopae
1402 1567 1479 1603 licet
1496 1566 1552 1615 effe
1573 1566 1636 1602 tibi
1649 1566 1714 1614 sub
1729 1565 1878 1616 principe
1898 1568 2035 1602 Nerva.

1154 1616 1236 1653 Lib.
1265 1629 1316 1653 ix.
1342 1629 1394 1654 12.

1205 1666 1310 1702 Nobis
1328 1681 1395 1703 non
1415 1666 1491 1703 licet
1509 1666 1565 1715 effe
1582 1677 1657 1704 tam
1680 1665 1824 1714 disertis.

1154 1716 1237 1753 Lib.
1256 1729 1289 1753 x.
1315 1731 1369 1755 xo.
1672 1743 1675 1746 >
1895 1734 1898 1735 ⁷

1203 1767 1302 1814 Qcid
1310 1767 1420 1814 faciet
1432 1776 1577 1817 pauper,
1606 1767 1659 1803 cui
1679 1779 1746 1802 non
1767 1765 1843 1801 licet
1859 1762 1914 1813 effe
1932 1760 2047 1799 clienti
2059 1768 2074 1798 ,θ

1154 1816 1284 1854 Noster
1307 1817 1381 1866 ipse
1401 1819 1494 1854 Met.
1518 1830 1607 1853 vm.
1629 1818 1711 1861 406.

1541 1868 1633 1903 Licet
1652 1865 1785 1902 eminus
1802 1862 1858 1912 effe

1206 1916 1373 1954 Fortibus.
1831 1953 1836 1958 ,

1152 1966 1276 2015 Elegia
1306 1967 1350 2004 de
1380 1968 1487 2005 Nuce
1509 1996 1519 2012 ‚
1558 1977 1654 2003 tatae
1688 1978 1756 2002 non
1784 1963 1860 2000 licet
1886 1962 1941 2012 effi
1966 1960 2062 1998 mihi.
2092 1966 2190 2015 quo÷

1154 2017 1270 2054 modo
1297 2018 1369 2055 illic
1398 2030 1443 2054 ex
1472 2018 1543 2055 fide
1576 2026 1742 2054 veterum
1771 2014 2065 2051 membranarum
2090 2011 2190 2066 callia

1153 2068 1247 2113 gavi.
1268 2069 1397 2104 Amor.
1417 2068 1478 2105 lib.
1498 2081 1527 2106 1.
1548 2068 1603 2105 El.
1625 2079 1683 2104 vx.
1702 2067 1789 2103 loco
1811 2065 1848 2102 in
1869 2063 2020 2111 vulgatis
2039 2062 2190 2108 inligni-

1155 2125 1209 2152 ter
1228 2116 1425 2164 depravato
1440 2132 1447 2155 :

1204 2166 1315 2202 Redde
1334 2167 1444 2203 vicem
1463 2167 1605 2206 meritis.
1627 2176 1726 2216 grato
1751 2165 1828 2203 licet
1848 2164 1903 2214 effe
1915 2192 1926 2209 ‚
1955 2161 2039 2213 qaid
2059 2159 2189 2207 obstas}⁵

1155 2215 1263 2253 Trist.
1291 2229 1369 2254 111.
1393 2218 1446 2254 El.
1465 2231 1524 2255 xi.
1803 2218 1806 2220 ’

1208 2272 1248 2302 In
1266 2269 1376 2316 caaſja
1388 2268 1491 2314 facili
1515 2268 1625 2306 cuivis
1642 2267 1718 2304 licet
1737 2267 1792 2316 effe
1812 2264 1944 2313 diserto.

1153 2317 1347 2365 Perperam
1366 2317 1531 2367 disertum
1551 2319 1714 2367 plerique
1733 2330 1777 2354 ex
1796 2315 1940 2364 scriptis.
1965 2314 2018 2352 El.
2038 2322 2121 2349 xxv,

1207 2367 1291 2404 Urbe
1312 2379 1430 2405 tamen
1449 2369 1542 2405 natis
1561 2368 1669 2405 exulis
1688 2367 1742 2416 esse
1759 2367 1846 2402 licet.
2042 2413 2046 2417 .

1157 2418 1294 2455 Seneca
1317 2419 1478 2456 Hercule
1497 2420 1666 2463 Oetaeo,
1696 2431 1739 2454 ex
1766 2413 1940 2467 Mediceo
1965 2411 2115 2467 codice:

1208 2469 1444 2519 Qtodcanque
1460 2469 1559 2505 tellus
1572 2463 1690 2517 genuit
1707 2466 1824 2512 infesta
1839 2493 1848 2508 ‚
1876 2463 1996 2516 occidit

1211 2526 1359 2569 Meaqae
1371 2522 1492 2567 fufium
1513 2520 1555 2564 est
1575 2520 1727 2554 dextera.
1754 2515 1853 2551 iratis
1874 2519 1956 2548 Deis

1210 2576 1290 2606 Non
1310 2569 1407 2605 licuit
1430 2569 1496 2617 esse.

1160 2620 1344 2668 Juvenalis
1364 2619 1433 2655 Sat.
1455 2631 1488 2655 x.
1511 2630 1593 2667 304.

1365 2675 1443 2704 Non
1464 2669 1538 2704 licet
1558 2667 1613 2716 effe
1631 2667 1732 2704 viris.

1163 2720 1217 2757 Ita
1248 2720 1345 2757 enim
1378 2720 1415 2755 ὃς
1443 2719 1515 2756 illic
1540 2719 1619 2755 libri
1648 2727 1797 2754 veteres.
1835 2713 2012 2763 Sulpicius
2040 2711 2194 2749 Severus

1164 2770 1288 2808 Sacrae
1316 2770 1407 2806 Hist.
1438 2769 1498 2806 lib.
1526 2781 1579 2805 11.
1601 2767 1673 2814 Post
1701 2767 1807 2802 etiam
1827 2765 1918 2800 datis
1940 2762 2064 2811 legibus
2084 2762 2195 2810 religio

1162 2820 1347 2856 vetabatur
1372 2847 1381 2861 ,
1416 2820 1600 2867 palamque
1627 2817 1743 2852 editus
1761 2812 1931 2865 propositis
1951 2842 1960 2857 ‚
2000 2813 2196 2859 Christiano

1163 2870 1218 2918 effe
1244 2883 1311 2906 non
1338 2869 1470 2905 licebat.
1498 2868 1544 2904 lic
1576 2870 1612 2904 &
1642 2868 1691 2904 ibi
1711 2865 1840 2903 censeo
1860 2863 2128 2912 reponendum.
2155 2862 2194 2898 &

1162 2920 1256 2967 apud
1283 2920 1425 2967 Apulej.
1449 2918 1610 2965 Apolog.
1637 2929 1715 2954 non
1733 2913 1844 2964 long‘c
1867 2915 1910 2950 ab
1932 2914 2061 2951 initio:
2090 2918 2196 2948 Prae·

1162 2980 1251 3004 terea
1272 2968 1367 3004 licere
1385 2968 1490 3004 etiam
1510 2966 1715 3016 Philojbphis
1733 2965 1788 3015 effe
1808 2964 1914 3000 vulta
1933 2962 2087 3003 liberali,
2116 2970 2193 2996 non

1162 3018 1373 3067 Philofhphos
1385 3046 1395 3062 ,
1423 3017 1522 3066 quod
1535 3029 1633 3054 nunc
1653 3016 1928 3056 circumfertur,
1942 3012 2105 3066 exempla
2115 3010 2195 3063 plus

1163 3081 1200 3106 ra
1231 3068 1355 3117 paffim
1386 3076 1591 3105 occurrunt.
1619 3066 1666 3104 fic
1693 3066 1831 3114 contigit
1860 3064 1916 3114 effe
1942 3063 2048 3107 Jews
2077 3067 2197 3106 nepoti.

1166 3121 1259 3160 Met.
1281 3130 1339 3155 xx.
1357 3131 1439 3166 219.

1220 3182 1315 3190 -·-·
1333 3169 1366 3203 si
1384 3168 1522 3218 quidem
1541 3166 1646 3212 Jovis
1668 3166 1723 3214 effe
1742 3165 1849 3213 nepoti
1938 3210 1943 3215 ⁸
1970 3208 1976 3214 ι
2066 3207 2072 3212 ·

1221 3218 1375 3268 Contigit
1396 3218 1491 3257 haud
1509 3217 1570 3256 uni
1581 3246 1592 3265 ‚
1621 3218 1743 3264 conjux
1766 3221 1840 3250 Dea
1857 3218 1992 3259 coattgtt
2010 3220 2082 3245 um.

1641 3267 1772 3312 Aa3

2091 3257 2213 3304 Quo÷
