2553 3676
385 212 413 259 cx

828 197 888 253 P.
963 196 1378 256 OVIDII
1451 192 1984 252 NASONIS

604 284 786 359 Quid?
825 284 863 340 fi
883 284 1168 358 praeripiat
1193 284 1363 338 flavae
1384 280 1573 338 Venus
1595 298 1738 335 arma
1760 279 2073 344 Minervae,

682 357 924 414 Ventilet
949 356 1188 411 accensas
1212 355 1348 411 flava
1373 353 1622 409 Minerva
1642 353 1815 408 faces?

610 431 748 504 Quis
772 429 965 502 probet
989 429 1044 484 in
1069 428 1201 484 silvis
1223 428 1485 483 Cererem
1509 444 1735 497 regnare
1754 425 1984 499 jugofis?

506 524 571 562 10
682 504 836 574 Lege
859 502 1192 576 pharetratae
1216 499 1456 570 Virginis
1478 516 1598 551 arva
1621 500 1758 553 coli?

610 576 864 632 Crinibus
887 575 1145 647 infignem
1170 573 1287 644 quis
1311 571 1466 624 acutii
1494 568 1712 640 cuspide
1735 570 2021 627 Phoebum

686 647 933 713 instruat,
968 647 1202 702 Aoniam
1228 642 1410 696 Marte
1434 652 1691 695 movente
1715 643 1916 714 lyram?

550 778 553 780 ,
613 722 748 778 Sunt
771 722 869 776 tibi
895 737 1110 790 magna,
1143 733 1305 788 puer,
1341 714 1676 788 nimiumque
1700 716 1942 787 potentia
1965 731 2157 787 regna,

690 795 806 849 Cur
830 811 962 864 opus
984 788 1244 853 adfe&a8‚
1278 787 1585 851 ambitiose,
1624 789 1860 842 novum?

510 888 570 938 ῖς
612 869 728 930 An,
767 865 918 939 quod
942 864 1170 935 ubique,
1206 862 1395 916 tuum?
1433 874 1526 915 tua
1551 860 1669 915 sunt
1696 859 1989 915 Heliconia
2010 860 2259 935 Tempe?

688 940 735 1004 V
746 940 803 993 ix
826 939 987 992 etiam
1013 935 1239 991 Phoebo
1260 934 1367 1005 jam
1387 935 1497 1007 lyra
1524 947 1637 992 tuta
1659 934 1747 989 sua
1770 933 1876 989 est?

619 1013 764 1068 Cum
792 1010 929 1065 bene
954 1009 1179 1064 surrexit
1203 1008 1357 1062 versu
1379 1025 1520 1062 nova
1546 1006 1734 1078 pagina
1765 1008 1975 1080 primo;

692 1084 973 1141 Adtenuat
997 1099 1191 1140 nervos
1213 1081 1457 1156 protinus
1482 1080 1568 1136 ille
1598 1097 1765 1136 meos,

327 1301 514 1356 juvenalis
533 1299 604 1341 Sat.
627 1310 685 1339 11.
707 1309 791 1349 139.

749 1361 813 1401 Nil
828 1360 959 1401 animis
976 1362 1016 1401 in
1036 1369 1170 1414 corpora
1181 1359 1275 1412 jurii

384 1424 531 1456 Natura
552 1416 719 1464 indulget.
930 1437 933 1442 ι

329 1481 387 1519 Ut
407 1480 457 1518 ibi
476 1479 573 1517 redte
591 1478 706 1516 editio
732 1478 871 1516 Pithaei
897 1479 937 1516 δε
954 1485 1026 1518 tres
1045 1477 1154 1516 MSS.
1173 1487 1267 1526 quos
1285 1475 1375 1514 vidi.

331 1532 545 1569 Hzmsms.
573 1529 673 1567 Cum
703 1529 860 1567 Heinsio
878 1530 965 1567 facit
994 1530 1182 1567 Claverius
1200 1527 1247 1566 ad
1263 1526 1374 1565 Persii

330 1583 402 1620 Sat.
423 1594 458 1618 v.
475 1581 529 1624 J’ss.
552 1592 584 1618 2.
611 1592 658 1618 an
681 1592 772 1618 vero
793 1580 1059 1629 distinguendas
1077 1579 1286 1617 locutiones
1305 1576 1376 1616 effe

330 1633 517 1676 dicemus,
545 1630 668 1668 habere
682 1659 693 1675 ‚
722 1631 802 1676 vel,
829 1631 913 1668 dare
925 1633 986 1681 jus
1005 1631 1044 1667 in
1063 1630 1217 1681 aliquem
1231 1658 1241 1674 ,
1268 1636 1308 1667 ut
1326 1629 1377 1667 ita

331 1683 474 1730 semper
490 1683 711 1731 loquamur,
740 1683 779 1719 &
801 1681 856 1730 effe
869 1682 930 1730 jas
949 1682 987 1718 in
1008 1681 1144 1732 aliquo,
1176 1680 1281 1730 quod
1301 1679 1376 1718 fine

333 1733 447 1771 dubio
476 1733 613 1781 saepius
644 1731 847 1781 reperitur?
875 1731 924 1769 fic
953 1732 1134 1782 Quinctil.
1161 1731 1266 1769 Decl.
1285 1744 1376 1769 xm.

332 1783 477 1832 Pejusne
501 1783 637 1820 domino
664 1784 703 1820 in
729 1783 772 1820 iis
791 1784 851 1832 jus
887 1782 931 1829 est
951 1812 962 1828 ‚
1000 1782 1125 1834 quibus
1155 1783 1284 1830 custode
1310 1796 1380 1819 non

333 1844 413 1884 opus
434 1834 477 1881 est
498 1844 512 1872 ,ἓ
548 1836 586 1871 &
614 1835 662 1871 ita
690 1834 788 1882 apud
811 1834 986 1872 Nostrum
1008 1834 1100 1872 libro
1118 1846 1198 1873 xvt.
1218 1834 1380 1874 Metam..

334 1897 396 1924 20.
419 1885 622 1923 constanter
644 1885 753 1922 MSS.

389 1947 469 1984 Sive
487 1946 625 1997 aliquid
642 1948 736 1997 regni
758 1948 801 1996 est
817 1948 855 1985 in
874 1949 1038 1988 carmine.

336 2010 457 2062 Quod
475 2010 638 2048 firmatur
658 2023 703 2050 ex
720 2012 778 2050 lib.
800 2026 834 2050 v.
857 2013 944 2052 Fast.
963 2015 1047 2052 261.

387 2072 544 2123 Forfitan
559 2073 597 2111 in
616 2076 738 2114 teneris
758 2086 901 2115 tantum
919 2090 996 2115 mea
1013 2091 1116 2127 regna
1130 2077 1255 2129 puellis

440 2130 472 2161 E
465 2124 512 2174 ffb
523 2136 633 2176 putes.

339 2190 502 2243 Epistola
518 2203 671 2242 quoque
692 2205 752 2231 xv.
776 2204 857 2242 197.
874 2193 1021 2241 plurimi
1039 2192 1208 2230 codices:

393 2260 475 2290 Non
495 2254 585 2291 mihi
605 2255 802 2306 respondent
820 2264 948 2292 veteres
966 2254 1006 2291 in
1025 2254 1176 2291 carmine
1196 2253 1300 2292 vires.

340 2316 391 2356 Et
411 2315 626 2366 singularem
647 2319 709 2356 hic
729 2319 843 2367 magis
863 2318 1017 2356 Poetice
1031 2346 1041 2362 ‚
1068 2330 1181 2369 quam
1209 2318 1387 2368 pluralem

342 2380 541 2407 numerum
564 2370 655 2417 poni
675 2369 902 2417 crediderim.
931 2368 979 2406 fic
998 2382 1150 2419 quoque
1172 2381 1264 2407 mox
1286 2371 1389 2421 Eleg.

342 2433 407 2460 ιιι.
429 2431 485 2468 19.
508 2420 652 2458 codices
672 2421 820 2469 plurimi
841 2422 878 2458 ὃ(
901 2419 1081 2458 editiones
1104 2429 1267 2458 veteres:

397 2483 451 2514 Tu
469 2478 558 2515 mihi
578 2481 758 2518 materiem
768 2481 909 2529 felicem
929 2480 968 2517 in
991 2483 1143 2520 carmine
1151 2482 1286 2533 praebe.

345 2528 418 2585 Sed
431 2539 514 2578 puto
533 2538 733 2580 utrumque
747 2560 756 2577 ‚
779 2533 925 2578 habere,
949 2536 988 2572 ὃς
1008 2533 1064 2583 effi
1077 2535 1137 2583 jus
1156 2536 1195 2571 in
1216 2534 1334 2584 aliquo
1352 2535 1391 2571 &

346 2579 501 2629 altquem
527 2582 735 2630 promiscue
762 2582 863 2629 dici,
901 2594 939 2623 ut
967 2585 1135 2633 exempla
1164 2586 1208 2622 ab
1237 2584 1394 2623 Heinsio

347 2630 503 2670 adducta
526 2635 821 2682 comparantibus
843 2636 989 2684 patebit.
1018 2636 1283 2674 BURMANNUS.

403 2684 437 2718 6.
472 2687 548 2719 Tua
577 2684 683 2722 turba
714 2686 881 2738 summ.]
922 2686 1054 2724 Codex
1094 2688 1230 2736 Regius
1265 2698 1398 2725 turma.

350 2742 445 2769 unus
462 2733 643 2773 Palatinus
662 2738 700 2774 &
722 2737 921 2776 Vaticanus
943 2736 1110 2775 membra.
1139 2748 1251 2777 etiam
1272 2738 1402 2788 probes

356 2790 396 2819 ut
418 2783 455 2818 in
475 2784 650 2824 Tristibus
676 2801 706 2825 1.
730 2789 831 2837 Elcg.
856 2801 889 2840 3.

407 2837 453 2888 Ec
473 2834 593 2871 domus
612 2849 654 2876 <9-
664 2839 759 2885 fidae
779 2839 897 2877 dulcia
917 2839 1073 2878 membra
1092 2838 1227 2879 domas.
1285 2848 1294 2855 ”

356 2883 405 2922 Et
424 2883 486 2920 hb.
508 2897 559 2921 1v.
580 2887 678 2935 hllcg.
701 2902 733 2926 x.
752 2891 811 2935 48.

410 2934 541 2971 Dulcia
565 2939 738 2974 convicians
756 2941 911 2978 membra
920 2945 1020 2990 fuere
1038 2942 1117 2980 mei.

358 2984 520 3073 {jugata
546 2995 672 3026 tamen
709 3002 789 3030 nou
815 3000 956 3031 temere
983 2993 1216 3043 repudianda.
1246 2993 1335 3034 Stat.
1368 3004 1401 3034 1.

388 3048 393 3068 l
414 3048 446 3073 V.
473 3049 526 3074 ΙΙ.
551 3048 608 3073 ”Ο.

415 3087 477 3123 Sed
494 3059 679 3125 taalturba
691 3090 825 3138 samus.
880 3093 1091 3133 Hexnsrus.

363 3137 447 3176 Lib.
472 3151 533 3175 111.
553 3139 634 3177 Art.
654 3142 741 3178 Am.
763 3144 848 3181 811.

418 3195 461 3224 Ut
480 3191 655 3238 quondam
676 3192 817 3231 juvenes
829 3223 838 3239 ‚
851 3193 902 3231 ita
925 3207 1030 3239 nunc,
1042 3207 1118 3232 mea
1137 3193 1255 3240 turba,
1261 3194 1409 3246 puellae.

366 3237 415 3279 Et
435 3240 528 3277 alibi.
556 3241 630 3280 vid.
651 3235 694 3280 a‘d
719 3257 763 3281 u.
783 3245 916 3283 Amor.
935 3259 989 3284 ix.
1012 3259 1069 3294 54.

421 3302 453 3341 17·
482 3293 716 3349 Procopium]
742 3296 784 3335 In
801 3298 1096 3354 Palatino-tertio
1118 3297 1190 3345 est,
1209 3298 1409 3353 praecipiat.

2357 1151 2471 1215 Nec

1432 1293 1474 1333 ὃς
1500 1294 1539 1334 id
1564 1292 1732 1344 probavit
1761 1293 1976 1334 Gebhardus
1997 1293 2060 1332 lib.
2083 1304 2116 1331 1.
2138 1293 2325 1343 Crepund.
2346 1306 2421 1346 cap.
2442 1302 2474 1339 r:

1431 1345 1493 1384 sed
1526 1345 1804 1400 inconsiderate.
1850 1347 2043 1395 Praecipere
2078 1344 2128 1382 est
2157 1346 2258 1383 enim
2285 1358 2363 1384 rem
2392 1356 2472 1388 ante

1431 1396 1696 1446 alium‘capere
1716 1412 1728 1441 ;
1765 1405 1804 1435 ut
1833 1397 1900 1446 Ep.
1921 1409 2017 1435 xvix.
2039 1407 2117 1443 107.
2139 1402 2321 1446 Praecepta
2335 1398 2473 1446 gaudia.

1431 1448 1626 1498 praeripere
1654 1460 1746 1487 vero
1775 1459 1854 1486 rem
1879 1476 1890 1493 ,
1925 1449 1964 1486 in
1993 1459 2106 1497 quam
2139 1447 2228 1485 alius
2252 1449 2313 1497 jus
2345 1448 2472 1496 habet,

1430 1500 1572 1537 auferre
1610 1512 1674 1549 per
1711 1500 1791 1537 vim
1814 1527 1825 1545 ,
1871 1507 1912 1537 ut
1950 1499 2078 1549 paffim
2117 1498 2243 1537 Latini
2277 1499 2473 1549 scriptores.

1432 1550 1566 1588 Noster
1583 1563 1618 1588 v.
1639 1552 1798 1589 Metam.
1823 1563 1880 1588 10.

1484 1619 1687 1662 praereptae
1713 1613 1860 1662 conjugis
1886 1611 1992 1651 ultor.

1432 1676 1482 1716 Et
1502 1676 1551 1714 ita
1574 1675 1677 1724 saepe
1699 1675 1834 1714 Cicero
1855 1676 1893 1714 ὅς
1914 1676 1985 1713 alii.
2012 1674 2277 1714 BunMAunus.

1487 1727 1518 1764 8.
1547 1727 1724 1777 Ventilet]
1753 1727 1912 1764 Moveat
1930 1735 1970 1765 ut
1992 1735 2148 1764 ventum
2168 1728 2380 1778 faciat‚quo
2399 1732 2477 1777 mai,

1434 1780 1486 1830 gis
1507 1778 1764 1819 accendantur.
1787 1779 1953 1826 Propert.
1975 1791 2026 1816 ιν.
2049 1790 2113 1815 111.
2136 1790 2195 1826 50.

1486 1843 1588 1886 Hanc
1609 1843 1719 1874 Venus
1732 1863 1743 1881 ,
1769 1846 1810 1874 ut
1828 1836 1937 1872 vivat
1949 1864 1961 1881 ,
1989 1836 2143 1884 ventilat
2158 1837 2229 1886 ipsa
2237 1840 2369 1885 fizcem.

1436 1890 1617 1928 Manius.

1487 1965 1522 2001 9.
1552 1950 1747 2002 Regnare]
1792 1957 1951 2001 Pugnare
1979 1950 2242 2000 Neapolitanus
2271 1963 2376 1991 unus.
2403 1962 2480 1996 non

1437 2003 1673 2052 ineleganter.

1497 2067 1550 2092 11.
1578 2052 1743 2090 Crinibus
1776 2051 1988 2103 infignem.]
2029 2051 2208 2101 Intonsum
2239 2053 2483 2097 Farneslanus.

1440 2114 1482 2145 ut
1507 2104 1645 2144 Tibull.
1671 2117 1700 2141 1.
1724 2116 1775 2141 xv.
1800 2115 1857 2154 33.

1491 2166 1575 2205 Solis
1595 2176 1735 2203 aeterna
1755 2166 1797 2214 est
1820 2165 1949 2203 Phoebo
1971 2166 2166 2218 Bacchoque
2175 2167 2370 2216 juventus,

1542 2222 1589 2254 Et
1611 2217 1708 2254 decet'
1720 2217 1875 2267 intonsus
1894 2218 1997 2254 crinis
2020 2229 2208 2268 utrumque
2225 2225 2353 2258 Deum.

1443 2295 1496 2322 xv.
1516 2283 1611 2321 Met.
1636 2294 1691 2333 13.
1713 2282 1976 2331 Indetonsusque
1996 2281 2172 2330 Thyoneus
2214 2284 2426 2323 HEINSIUS.
2476 2275 2483 2287 Ἀ
2530 2302 2533 2311 ⁴

1500 2346 1555 2384 13.
1583 2340 1718 2383 Magna
1731 2333 1860 2384 ,puer.]
1893 2335 2035 2382 Utpote
2056 2335 2121 2382 qui
2140 2335 2176 2371 in
2198 2335 2302 2373 Deos
2322 2336 2414 2384 ipsos
2428 2336 2485 2395 jus

1443 2386 1575 2423 habere
1605 2385 1742 2423 dicaris.
1771 2385 1989 2421 Cromnos.
2019 2385 2160 2423 Morcti
2189 2398 2306 2432 unus,
2331 2392 2393 2424 Sat
2422 2387 2485 2426 tib:
2540 2401 2553 2407 ’·

1447 2450 1576 2486 magna
1590 2446 1694 2486 puer,
1723 2448 1800 2473 non
1821 2435 2022 2473 invenuste.

1503 2488 1556 2526 18.
1586 2492 1765 2524 Attenuat
1783 2500 1905 2529 nervos
1920 2486 2076 2535 protinus
2094 2486 2153 2523 ille
2170 2486 2288 2536 meos]
2306 2488 2486 2527 Proximus

1447 2538 1505 2576 ille
1531 2538 1792 2587 Fragmentum
1822 2538 1981 2586 Regium
2011 2549 2095 2575 cum
2125 2538 2293 2587 Scaligeri
2315 2567 2326 2584 ,
2362 2540 2400 2576 ὅ(
2418 2541 2484 2577 Pu·

1449 2591 1547 2628 teani
1583 2590 1772 2638 Excerptis
1810 2600 1851 2626 ac
1886 2589 2000 2625 altero
2035 2588 2164 2626 codice
2202 2591 2316 2638 regio.
2358 2589 2484 2634 Forte,

1443 2641 1625 2692 proximas
1646 2641 1736 2677 inde.
1772 2641 2048 2677 Pentametrum
2078 2639 2250 2689 designat.
2280 2641 2418 2678 Hizms.
2445 2640 2491 2678 In-

1453 2691 1664 2729 Glascriano
1679 2721 1689 2737 ‚
1710 2690 2002 2729 Francofurtenfi
2023 2692 2061 2728 δε
2083 2690 2283 2729 duodecim
2305 2691 2380 2730 aliis
2402 2692 2485 2736 erat,

1452 2752 1615 2833 afteizuat
1649 2756 1817 2780 numeros.
1862 2753 1957 2792 quae
1996 2740 2126 2779 eadem
2161 2743 2314 2780 varietas
2344 2742 2403 2782 lib.
2433 2752 2486 2782 1v.

1499 2795 1539 2832 ril
1559 2823 1567 2831 .
1591 2806 1645 2831 1v.
1669 2807 1701 2841 4.

1510 2862 1593 2892 Non
1611 2866 1725 2892 careat
1743 2855 1860 2893 nervis
1878 2853 2005 2892 candor
2024 2866 2064 2892 ut
2082 2854 2141 2892 ille
2162 2856 2254 2895 meis.

1459 2917 1531 2955 Sed
1563 2918 1654 2955 nihil
1684 2926 1790 2955 muto
1815 2931 1824 2956 ε
1861 2917 2076 2956 claudicanti
2103 2919 2204 2956 enim
2231 2918 2346 2957 versui
2368 2917 2489 2956 melius

1460 2968 1563 3006 nervi
1582 2968 1751 3006 dicuntur
1770 2969 1960 3006 attenuari.
1989 2968 2036 3006 fic
2060 2970 2097 3006 ὃ(
2114 2970 2278 3018 Propert.
2295 2983 2358 3008 111.
2375 2982 2418 3008 11.
2434 2981 2466 3016 4.

1514 3036 1669 3069 Tamum
1688 3032 1789 3080 operis
1808 3032 1925 3069 nervis
1944 3031 2066 3081 hiscere
2078 3032 2161 3083 poffi’
2178 3033 2274 3071 meis.

1462 3095 1511 3136 Et
1540 3109 1630 3135 mox
1657 3098 1790 3135 iterum
1824 3098 2015 3147 sequitur,
2053 3101 2205 3137 numeris
2229 3098 2420 3136 levioribus.
2454 3095 2492 3132 δε

1461 3149 1584 3196 paullo
1606 3148 1706 3197 post,
1728 3150 1791 3197 sex
1809 3150 1897 3186 mihi
1910 3150 2033 3199 surgat
2053 3160 2129 3199 opus
2150 3151 2310 3189 numeris.
2334 3145 2493 3186 Francof.

1465 3200 1601 3243 etiam,
1624 3200 1801 3248 proximus
1831 3200 1890 3237 ille
1912 3201 2003 3250 suos.
2038 3214 2113 3239 non
2145 3203 2376 3250 ineleganter.
2410 3207 2492 3235 nam

1456 3250 1617 3300 protinus
1638 3263 1727 3288 mox
1750 3264 1783 3288 v.
1808 3263 1865 3288 21.
1886 3252 2055 3301 sequitur.
2084 3262 2264 3300 practerea
2285 3263 2304 3288 a
2323 3260 2433 3288 manu
2449 3246 2499 3284 se-

1464 3300 1583 3341 cunda
1603 3300 1723 3349 ludos,
1750 3314 1818 3352 pro
1837 3315 2014 3341 numeros..
2031 3303 2290 3343 Buammus.
2434 3352 2462 3384 A

2352 3361 2408 3399 19.
2456 3351 2500 3385 'ec
