2553 3676
271 360 381 471 P,
471 341 1088 466 OVIDII
1177 337 1962 469 NASONIS

64 585 1026 770 AMo

2097 214 2197 282 463

1219 585 2186 773 RUM.

368 879 890 981 LIBER
1016 875 1863 986 TERTIUS.

738 1129 1303 1198 ELEGIA
1445 1132 1491 1199 1.

336 1309 532 1448 STat
556 1319 736 1371 vetuS,
775 1307 832 1362 δε
856 1310 1052 1364 multos
1076 1310 1334 1364 incaedua
1357 1310 1478 1364 silva
1503 1326 1600 1381 per
1625 1326 1806 1364 annos,

496 1380 772 1436 Credibile
799 1381 873 1434 est
896 1382 969 1435 illi
994 1400 1194 1437 numen
1218 1382 1376 1437 ineffe
1404 1384 1544 1436 loc0.

333 1455 476 1512 Fons
499 1455 641 1508 sacer
664 1454 721 1507 in
745 1453 957 1517 mediO,
995 1456 1348 1528 speluncaque
1373 1456 1588 1528 pumice
1613 1453 1879 1527 pendens:

410 1527 483 1582 Et
510 1528 672 1581 latere
701 1544 771 1581 ex
795 1527 941 1580 om-ni
967 1527 1125 1581 dulce
1153 1542 1452 1602 queruntur
1477 1545 1609 1582 aves,

273 1618 302 1669 5
341 1599 456 1655 Hic
485 1616 590 1670 ego
616 1598 747 1652 dum
771 1599 965 1670 spatior
992 1600 1161 1653 tesius
1184 1601 1539 1655 nemoralibus
1565 1599 1797 1664 umbriS‚

411 1671 579 1743 Quod
605 1688 748 1733 mea,
786 1672 1131 1743 quaerebam,
1169 1673 1325 1727 Musa
1349 1685 1593 1729 moveret
1620 1689 1768 1744 opus,

339 1744 508 1800 Venit
534 1742 787 1796 odoratos
810 1743 1030 1813 Elegeia
1055 1763 1190 1798 nexa
1215 1746 1457 1816 capillos:

408 1815 514 1879 Et,
553 1827 716 1884 pum,
753 1832 844 1887 pes
870 1815 944 1869 illi
966 1818 1179 1889 longior
1205 1819 1335 1872 alter
1361 1829 1488 1872 erat„

56 2050 59 2051 γ
97 2015 201 2054 Huic
217 2014 366 2065 Elegiae
384 2014 503 2065 aliqua
520 2027 565 2053 ex
586 2022 687 2064 parte
707 2014 830 2054 similis
849 2014 897 2052 est
916 2015 975 2053 illa
991 2015 1084 2054 Pro-

45 2068 209 2116 pertiana
228 2067 288 2104 lib.
312 2079 373 2103 111.
394 2079 428 2103 2.

54 2161 56 2163 ,
99 2117 193 2164 Visus
210 2130 304 2154 eram
325 2116 421 2154 molli
438 2116 601 2154 recubans
621 2116 791 2155 Heliconis
805 2116 843 2154 in
862 2116 998 2154 umbra.

15 2186 17 2196 ι
46 2166 225 2205 Maurus.

102 2230 131 2254 r.
159 2224 236 2254 Stat
262 2230 383 2264 vetus,
412 2230 455 2258 ey·
473 2219 598 2255 multos
624 2218 726 2267 wa]
756 2216 958 2256 Intermissa
980 2217 1083 2265 paul-

47 2266 185 2312 lulum,
213 2281 322 2317 quam
352 2267 527 2318 aggressus
558 2278 656 2316 erat,
683 2268 916 2318 Tragoedia,
944 2268 1080 2317 Elegos

47 2315 194 2355 scribere
213 2319 393 2357 deliberat.
423 2321 639 2356 CrofANus.

101 2381 132 2406 1.
161 2375 279 2414 Vetus,
306 2382 349 2409 ω’
369 2370 493 2406 multos
508 2370 649 2407 incidua
662 2369 758 2420 filva
773 2379 833 2420 per
852 2367 997 2418 annos.]
1027 2369 1081 2408 Si·

49 2418 136 2456 mile
151 2419 324 2468 quiddam
343 2421 403 2457 lib.
426 2433 477 2457 1v.
496 2421 584 2457 Fast.
783 2425 787 2428 ”

95 2468 193 2505 Silva
209 2482 308 2555 Zetus
320 2499 330 2515 ,
359 2470 524 2521 nullaque
543 2471 606 2507 diu
620 2471 762 2507 'violata
774 2470 887 2519 fhcuri

14 2547 16 2552 a
146 2525 206 2555 Sta
229 2531 278 2557 at.

15 2567 16 2576 ¹
48 2566 108 2656 {5st
126 2579 248 2607 autem
266 2572 339 2609 hoc
363 2573 449 2610 loco
469 2571 617 2609 venusta
640 2571 844 2609 admodum
864 2572 1081 2621 topothesia.

15 2656 16 2663 ἵ
73 2631 166 2657 DEM.

15 2668 16 2693 ³
103 2682 133 2717 3.
156 2678 196 2707 In
213 2672 352 2723 media]
369 2674 449 2710 Scil.
463 2673 594 2722 sylvae.
612 2671 770 2710 Fortasse
788 2672 952 2710 describit
965 2674 1082 2711 Po'e'ta

47 2718 239 2760 Aricinum
261 2736 411 2767 nemus,
436 2723 481 2760 de
498 2736 575 2773 quo
596 2724 645 2760 ita
665 2725 712 2760 ait
731 2724 791 2760 lib.
810 2736 871 2761 111.
889 2723 976 2761 Fast‚
999 2724 1083 2774 263.

15 2764 16 2792 i
101 2772 207 2808 Vallis
229 2775 390 2810 Aricinae
404 2773 508 2822 sylva
524 2773 737 2822 praecinctas
757 2782 857 2822 opaca
871 2802 881 2818 ‚

149 2822 205 2867 Est
221 2822 308 2859 locus
326 2824 474 2872 antiqua
495 2825 664 2872 relligione
681 2824 784 2868 sacer.

100 2870 232 2919 Defluit
252 2872 376 2909 incerto
393 2874 557 2922 lapidosus
577 2889 754 2911 murmure
773 2874 895 2911 rivus.-

151 2927 246 2968 Saepe
259 2949 268 2963 ‚
286 2923 346 2969 sed
364 2924 491 2970 exiguis
511 2924 683 2971 haustibus
703 2925 781 2962 inde
803 2924 883 2961 bibi.

102 2972 222 3019 Egeria
239 2971 390 3020 est,quae
405 2974 539 3020 praebet
557 2989 684 3024 aquas,
698 2976 760 3011 dea
775 2987 877 3024 grata
889 2976 1081 3013 Camoenis.

52 3020 120 3060 Per
140 3022 275 3065 fontem
297 3026 436 3069 sacrum
465 3024 630 3071 Egeriam
655 3027 856 3076 intelligere
886 3026 1084 3075 possumus

13 3069 15 3088 ¹
54 3070 233 3109 MAqus.
558 3074 563 3080 '

100 3134 139 3178 3.
167 3122 306 3177 Pumice
328 3121 513 3170 penden5.]
544 3126 680 3160 Pumice
701 3127 877 3175 splendens
906 3128 1086 3165 Palatinus

55 3182 202 3220 primus.
224 3173 274 3208 nil
294 3182 404 3209 muta.
427 3172 473 3208 fic
492 3173 598 3219 Epist.
617 3186 676 3209 xv.
702 3187 777 3217 141.
799 3183 920 3215 Antra
937 3178 1086 3228 penden-

57 3222 109 3258 tia
135 3222 241 3271 topho.
277 3223 358 3260 vide
383 3223 580 3259 Broukhus.
609 3223 653 3260 ad
680 3224 841 3272 Propert.
869 3240 930 3265 111.
957 3226 1008 3265 11?
1027 3229 1088 3265 28.

51 3273 198 3323 ¹egregie
220 3274 311 3312 haec
339 3273 585 3314 illustrantem.
621 3274 658 3312 ὃ(
688 3283 814 3314 notata
840 3276 887 3316 ad
916 3279 1019 3328 Eleg.
1049 3279 1088 3317 in

1993 1886 2188 1944 Forma

1139 2018 1299 2057 Drusum
1318 2031 1401 2067 252.
1430 2016 1571 2055 Pumice
1593 2015 1679 2054 vivo
1699 2014 1841 2053 Moreti
1861 2015 2000 2064 primus
2027 2026 2046 2052 a
2071 2027 2186 2054 manu

1139 2070 1266 2118 prima.
1287 2069 1390 2118 quod
1412 2068 1605 2116 repetitum
1630 2079 1674 2104 ex
1696 2080 1740 2104 11.
1760 2066 1851 2103 Fast.
1871 2077 1954 2115 315.
1972 2065 2161 2104 BURMAN.

1194 2134 1226 2168 ς.
1255 2119 1498 2156 Nemoralibus
1517 2117 1657 2165 undis]
1681 2117 1723 2155 Id
1745 2116 1793 2154 est
1807 2145 1818 2161 ‚
1845 2116 2035 2154 frondibus
2050 2145 2058 2158 ,
2087 2127 2183 2165 quae

1137 2179 1253 2208 vento
1279 2172 1433 2219 agitatae
1455 2199 1464 2213 ‚
1493 2169 1673 2207 undarum
1699 2168 1858 2216 speciem
1886 2167 2074 2215 praebent.
2111 2165 2184 2204 Sed

1135 2222 1221 2270 quia
1239 2221 1313 2258 hoc
1330 2220 1575 2257 duriusculum
1603 2219 1650 2256 est
1664 2247 1676 2263 ,
1703 2218 1834 2256 rectius
1864 2217 1928 2265 (ut
1948 2217 2022 2254 vidi
2045 2218 2081 2253 in
2102 2227 2184 2252 ma-

1136 2272 1323 2320 nuscriptis
1369 2270 1631 2318 exemplaribus
1650 2269 1665 2317 )
1702 2269 1844 2317 legetur
1875 2295 1886 2313 ,
1938 2264 2182 2304 Nemoralibus

1137 2320 1280 2359 umbris.
1308 2322 1486 2359 Maurus.

1186 2373 1220 2408 6.
1256 2372 1361 2420 Qod
1389 2385 1465 2408 mea
1499 2370 1705 2421 quaerebam
1736 2370 1841 2418 Musa
1871 2377 2023 2406 moveret
2057 2363 2178 2414 opus]

1138 2423 1329 2464 Movendi‚
1359 2423 1396 2460 id
1425 2423 1472 2460 est
1492 2421 1732 2466 exordiendi,
1760 2420 1873 2457 verbo
1894 2420 2004 2456 etiam
2027 2416 2105 2454 usus
2130 2415 2182 2454 est

1135 2473 1197 2511 lib.
1218 2486 1278 2511 111.
1300 2473 1389 2510 Fast.
1412 2486 1457 2509 11.
1478 2473 1695 2509 Ciofauus.

1190 2535 1223 2570 7.
1246 2524 1344 2560 Venit
1361 2523 1514 2559 odoratos
1527 2523 1658 2569 Elegeia
1679 2533 1769 2557 nexa
1787 2518 1933 2568 capillos,
1947 2516 2038 2566 effa]
2061 2515 2182 2565 Quod

1136 2573 1181 2611 ad
1208 2586 1342 2611 vocem
1370 2572 1502 2619 Elegeia
1528 2573 1602 2608 hoc
1629 2572 1714 2608 loco
1739 2571 1892 2612 attinet,
1921 2569 1958 2605 ὃ(
1981 2567 2181 2616 quomodo

1137 2624 1266 2661 eadem
1295 2636 1359 2672 per
1384 2622 1602 2660 divisionem
1634 2622 1670 2658 in
1697 2619 1880 2657 scansione
1905 2617 2060 2666 legenda
2082 2646 2092 2662 ‚
2118 2617 2182 2654 alii

1137 2674 1371 2712 tradiderunt.
1406 2673 1499 2710 Illud
1530 2681 1652 2709 autem
1680 2669 1911 2712 notandum,
1939 2667 2053 2705 videri
2082 2668 2182 2704 Poe'-

1138 2734 1213 2762 tam
1238 2726 1298 2762 hic
1326 2725 1459 2762 imitari
1483 2723 1762 2760 contentionem
1777 2748 1787 2764 ‚
1814 2718 1888 2756 five
1911 2718 2182 2756 conformatio-

1138 2788 1226 2813 nem
1253 2788 1333 2813 cam
1349 2804 1358 2820 ‚
1387 2787 1480 2823 quae
1509 2774 1557 2809 est
1577 2772 1673 2820 apud
1691 2771 1979 2818 Xenophontem
2001 2782 2044 2805 11.
2073 2762 2183 2803 Ἀπαι-

1137 2828 1433 2869 μυκμονευμιίτων
1454 2836 1462 2843 ·
1500 2824 1561 2860 ubi
1595 2834 1718 2859 coram
1746 2821 1907 2857 Hercule
1938 2819 2117 2866 Voluptas
2138 2819 2179 2854 ἕξ

1138 2877 1264 2914 Virtus
1295 2876 1427 2914 eodem
1461 2873 1578 2911 modo
1598 2873 1803 2921 disputant,
1831 2879 1984 2918 utraque
2004 2870 2105 2906 illum
2132 2867 2183 2923 ad

1137 2927 1209 2964 sese
1232 2928 1436 2975 pertrahere
1455 2925 1637 2972 cupiente.
1674 2924 1765 2971 Quo
1790 2922 1962 2969 exemplo
1986 2921 2022 2956 &
2046 2921 2182 2955 Lucia-

1139 2990 1205 3015 nus
1225 2977 1327 3015 finxit
1348 2976 1509 3011 παιδεῖαν
1528 2976 1565 3011 &
1582 2973 1775 3010 statuarum
1794 2976 1916 3008 artem'
1930 2971 2019 3007 circa
2036 2969 2070 3005 se
2092 2979 2183 3004 con-

1139 3027 1312 3068 tendisse,
1336 3027 1423 3064 dum
1442 3035 1594 3074 utraque
1614 3024 1727 3072 ipsum
1750 3022 1862 3059 veluti
1886 3022 1986 3058 suum
2010 3019 2068 3054 sibi
2090 3029 2181 3052 ven-

1140 3079 1246 3116 dicet.
1270 3079 1497 3115 chnius.
1525 3078 1586 3112 An
1617 3083 1739 3122 myrto
1761 3071 1883 3110 nexa?
1912 3083 1955 3107 an
1976 3066 2103 3104 lauro?
2132 3077 2179 3119 an

1141 3128 1209 3166 alifi
1240 3130 1367 3177 quavis
1398 3124 1569 3165 corona?
1608 3126 1697 3161 Hoc
1717 3124 1798 3160 sane
1820 3122 2180 3175 additumYOpo-rtuit,

1142 3179 1338 3227 quomodo
1368 3179 1483 3220 alibi,
1526 3178 1628 3212 Neffe
1658 3186 1788 3211 comam
1820 3181 1939 3217 myrto.
1980 3167 2047 3203 Sed
2071 3165 2184 3221 scribe

1144 3241 1232 3265 meo
1253 3229 1413 3276 periculo
1428 3256 1438 3272 ‚
1466 3225 1641 3276 quicquid
1661 3224 1893 3261 membranis
1917 3227 2054 3253 veteres
2076 3216 2184 3252 obni-

1145 3286 1292 3327 tuntur,
1314 3287 1402 3329 pexa
1422 3276 1568 3330 capillqs‚
1594 3275 1739 3314 Gratius
1757 3272 1802 3310 cle
1823 3268 1989 3309 canibus:
2060 3314 2188 3354 cauda
