2553 3676
850 172 2009 239 P.ov1D11NAsoN15

619 275 724 338 At,
760 272 796 328 s1
818 272 954 346 paffa
978 272 1147 333 foreS,
1185 268 1318 342 quid
1343 280 1454 323 erat
1481 267 1748 340 spatiosius
1772 267 1900 321 illis?

693 347 1052 416 Contigerant
1082 344 1279 406 imum,
1317 343 1423 414 qua
1446 353 1592 414 patet
1617 342 1811 413 usque,
1848 342 1995 395 latus,

552 439 581 488 ς
617 420 800 492 Quid?
842 417 992 491 quod
1022 430 1172 471 erant
1196 429 1412 476 tenueS‚
1449 414 1505 467 <sc
1530 431 1665 485 quos
1691 432 1882 470 ornare
1910 415 2162 477 timeres;

694 492 746 548 V
753 493 830 546 ela
855 490 1077 546 colorati
1101 490 1274 563 qualia
1297 486 1450 540 Seres
1473 485 1702 539 habent?

328 680 460 718 Statius
481 680 603 718 Theb.
623 693 659 719 v.
683 681 767 719 228.

380 732 557 781 Aspiciens
570 731 755 783 floremque
769 744 873 780 genae
894 741 936 769 cy
954 741 1040 778 quas
1054 726 1213 776 finxerat
1229 738 1315 762 auro

382 782 455 832 Ipsa
475 796 596 820 comas.

326 833 460 883 ,Vn-gil.
477 834 536 871 lib.
558 845 610 871 iv.
636 834 716 880 148.

845 882 1020 931 Mollique
1038 879 1200 929 fluentem

385 936 514 971 Fronde
525 936 651 985 premit
668 933 794 971 crinem
806 933 942 983 fingens
958 944 1063 983 atque
1081 931 1236 981 implicat
1254 941 1352 967 auro.

330 986 490 1024 Metam.
513 999 564 1024 iv.
586 998 670 1036 3¹9-
1141 1033 1147 1038 ¹
1214 1031 1222 1038 ·

382 1041 429 1072 Et
443 1036 556 1084 finxit
574 1037 719 1074 vultum
739 1047 781 1077 ετ)
800 1035 927 1074 meruit
939 1035 1091 1084 formosa
1108 1031 1233 1072 videri.

330 1088 602 1126 Remed.‘Am.
626 1101 707 1138 341.
1231 1133 1237 1141 ⁸

372 1139 539 1177 >Proderit
558 1151 601 1178 ω’
613 1139 727 1187 subito
741 1167 749 1183 ,
777 1152 856 1175 cum
873 1139 906 1185 [ὲ
924 1151 991 1173 non
1004 1135 1151 1184 finxerit
1172 1133 1261 1179 ulli,

436 1190 500 1227 Ad
520 1190 698 1226 dominam
719 1190 833 1225 celeres
854 1202 956 1225 mane
974 1187 1082 1237 tulisse
1096 1186 1238 1236 gradus.

322 1241 447 1291 Quod
472 1241 517 1278 ad
544 1241 678 1278 faciem
707 1240 953 1277 referendum.
981 1239 1114 1288 Neque
1135 1238 1237 1274 aliter
1258 1236 1375 1292 Phae-

327 1292 412 1330 drus
440 1292 501 1329 lib.
534 1304 588 1330 11.
622 1291 704 1328 Fab.
733 1303 767 1328 z.
795 1291 840 1328 de
870 1291 952 1328 viro
978 1302 1089 1338 opera
1107 1288 1224 1326 duum
1243 1287 1376 1324 mulie-

327 1354 413 1382 rum
432 1342 591 1391 depilato
607 1370 617 1383 ,
646 1342 735 1379 dum
755 1342 902 1390 capillos
921 1341 966 1378 ab
984 1342 1025 1378 iis
1044 1340 1165 1378 ornari
1184 1345 1307 1388 putat:

381 1399 475 1430 Cum
492 1394 527 1442 se
538 1403 679 1443 putaret
691 1392 781 1440 fingi
800 1406 883 1429 cura
903 1392 1088 1429 mulierum
1101 1419 1111 1437 ‚

383 1444 519 1481 Calvus
540 1453 670 1493 repente
679 1445 800 1490 fallas
818 1444 871 1491 est.

330 1495 392 1535 Sic
413 1495 537 1532 scribo.
566 1495 700 1543 vulgo,
725 1495 832 1544 pingi.
862 1495 987 1532 Tibul.
1007 1494 1068 1532 lib.
1089 1505 1134 1530 11.
1156 1492 1259 1543 Eleg.
1279 1503 1326 1531 11.

383 1551 428 1582 Et
449 1545 611 1582 manibus
629 1559 733 1581 canas
744 1545 872 1594 fingere
889 1546 979 1582 velle
999 1557 1120 1582 comas.

329 1597 494 1644 Propert.
513 1596 573 1633 lib.
596 1609 657 1634 111.
678 1596 780 1644 Eleg.
801 1610 838 1633 x.

382 1652 429 1683 Et
452 1647 585 1683 nitidas
596 1646 698 1697 presfh
712 1647 831 1696 pollice
843 1646 938 1696 finge
955 1659 1079 1685 comas.

332 1697 508 1737 Cataleet.
530 1699 715 1736 Petronii:

382 1749 522 1797 Fingere
533 1752 571 1796 se
584 1750 738 1799 semper,
767 1763 834 1786 non
853 1749 895 1796 est
916 1748 1079 1796 confidere
1099 1748 1212 1785 amori
1225 1777 1239 1794 ,.

435 1800 547 1848 Qui,
560 1801 650 1849 quod
661 1801 757 1850 saepe
772 1801 894 1847 datur,
904 1814 982 1838 cum
995 1799 1209 1850 prohibetur,
1222 1798 1325 1846 adest.

328 1851 458 1890 Senec.
481 1851 636 1899 Hippol.
664 1863 746 1900 371.

381 1919 429 1951 Et
447 1926 557 1950 comas
569 1913 661 1962 fhlvi
676 1914 774 1964 jubet
788 1944 798 1960 ‚
816 1914 1010 1965 iterumque
1023 1914 1138 1965 fingit.
1167 1915 1378 1954 Haustus.

332 1978 430 2026 Quis
452 1976 613 2020 dubitet,
641 1979 731 2026 quin
754 1979 937 2028 eleganter
965 1980 1003 2016 &
1026 1980 1158 2017 Latine
1181 1978 1310 2028 fingere
1330 1992 1382 2015 co-

333 2041 411 2067 mas
446 2027 596 2064 dicatur.
633 2028 692 2066 sed
722 2042 798 2067 non
832 2029 871 2067 id
899 2030 959 2067 hic
992 2031 1119 2079 agitur.
1158 2031 1248 2068 Non
1280 2031 1380 2067 enirn

331 2088 616 2129 praemonuerat
636 2081 793 2118 amicam
814 2081 931 2118 Poeta
946 2109 955 2125 ,
984 2094 1032 2118 ne
1052 2081 1204 2130 fingeret
1225 2081 1299 2118 five
1322 2093 1382 2118 or-

331 2137 437 2168 naret
467 2130 636 2178 capillos,
664 2130 738 2168 hoc
764 2132 864 2168 enirn
886 2132 978 2169 nihil
998 2131 1178 2169 nocuiffet
1199 2132 1380 2176 crinibus,

331 2180 393 2218 sed
425 2191 472 2217 ne
505 2180 648 2228 tingeret
678 2183 715 2218 &
747 2182 942 2219 medicaret.
981 2182 1259 2219 Medicamenta
1292 2193 1380 2219 vero

331 2231 392 2270 illa
418 2229 616 2269 effecerant
639 2259 648 2275 ,
686 2240 727 2269 ut
757 2232 926 2269 fluxerint
947 2232 1087 2280 capilli,
1107 2233 1145 2269 &
1169 2233 1248 2281 Jam
1279 2232 1380 2270 calva

335 2282 605 2330 conspiceretur
630 2295 639 2319 :
678 2281 859 2320 studuerat
897 2295 988 2320 vero
1017 2282 1125 2320 flavas
1155 2294 1281 2320 comas
1312 2283 1381 2331 (de

332 2345 412 2383 quo
431 2333 652 2370 feminarum
671 2333 789 2370 studio
811 2334 920 2371 obvia
943 2334 1086 2381 onmia)
1108 2333 1274 2378 efficere,
1293 2346 1381 2384 quas

331 2392 461 2422 natura
481 2394 701 2432 negaverat,
729 2384 789 2422 sed
818 2396 1050 2422 venenorum
1073 2386 1110 2422 &
1134 2386 1305 2423 fucorum
1327 2386 1382 2423 vis

333 2434 506 2473 exederat
541 2446 679 2472 comas.
714 2435 751 2472 in
780 2448 856 2473 uno
890 2435 1062 2473 Mentelii
1092 2446 1194 2480 erat,
1234 2436 1384 2485 pingere.

334 2487 454 2529 forte,
482 2497 549 2533 pro
578 2499 713 2534 ungere.
741 2494 781 2523 ut
807 2486 892 2523 alibi
913 2487 982 2523 hae
1011 2498 1123 2524 voces
1144 2496 1385 2534 permutatae.
1408 2508 1418 2517 ·

333 2537 433 2583 Junii
455 2547 546 2573 vero
564 2537 704 2581 codex,
727 2539 863 2586 pestere.
891 2539 976 2585 Qu
995 2535 1090 2587 poffis
1116 2537 1273 2576 Plantini
1295 2538 1384 2577 Edi-

334 2588 401 2625 tio.
432 2588 696 2626 Romaanus.

390 2649 423 2685 3.
451 2638 485 2674 si
515 2639 604 2687 pafflz
625 2637 761 2688 fores.]
799 2638 833 2675 Si
868 2644 1043 2676 contenta
1076 2640 1228 2678 naturali
1258 2640 1385 2678 colore

336 2687 508 2736 potuisses
531 2691 626 2736 pati,
654 2689 691 2727 id
716 2694 763 2726 eit
794 2701 871 2726 non
892 2691 1127 2737 impatienter
1150 2692 1243 2728 ferre
1262 2693 1385 2740 nigros

337 2738 404 2775 tibi
425 2740 570 2786 capillos
588 2738 658 2777 esse
677 2740 791 2778 datos.
820 2742 868 2777 ita
883 2741 960 2788 pati
982 2739 1190 2789 simpliciter
1206 2741 1300 2779 sumi
1317 2742 1386 2780 do-

338 2789 414 2826 cuit
433 2788 593 2826 summus
612 2792 826 2828 Gronovius
848 2791 894 2828 ad
916 2791 1044 2829 Senec.
1065 2791 1220 2841 Thyest.
1241 2793 1325 2839 468.
1347 2794 1385 2830 δε

338 2839 410 2877 alii.
444 2838 699 2878 ssuRMANNtlS.

393 2901 427 2937 3.
455 2890 553 2936 {Quid
581 2902 653 2926 erat
675 2890 848 2940 speciofius
879 2892 1007 2942 illise]
1046 2891 1225 2942 spatiosius
1253 2895 1386 2932 Putea-

337 2951 430 2978 neus
452 2951 536 2977 cum
560 2940 699 2977 duobus
721 2942 796 2978 aliis
812 2970 820 2985 ‚
850 2944 888 2979 &
914 2945 1029 2989 Jureti
1056 2944 1246 2993 Excerpta.
1274 2946 1386 2984 recte.

341 2992 551 3028 Herusrus.
581 2991 665 3027 Sine
687 2992 798 3028 dubio
824 3004 908 3029 vera
931 2994 1054 3032 lectio.
1081 2997 1119 3031 ὃ(
1144 2995 1193 3032 ita
1213 2997 1386 3045 conjece-

327 3050 394 3081 'rat
412 3043 558 3080 Douza.
582 3041 700 3079 Valet.
723 3042 815 3078 Flac.
835 3053 888 3079 vi.
909 3044 968 3080 61.

856 3106 924 3142 Cui
945 3106 1113 3143 candidus
1134 3107 1216 3144 olim

393 3156 513 3193 Crinis
529 3155 631 3203 inest,
660 3156 779 3193 natale
798 3156 920 3200 decus,
948 3158 1010 3193 dat
1033 3157 1160 3205 longior
1178 3168 1275 3195 aetas

392 3207 486 3254 Jam
497 3206 674 3257 spatium,
702 3207 827 3258 triplici
845 3218 1041 3257 percurrens
1062 3218 1213 3257 tempora
1234 3210 1333 3248 nodo.

340 3272 538 3327 §confundi
556 3286 651 3315 vero·
663 3275 725 3314 has
743 3275 1039 3328 voces‚speciosus
1058 3276 1094 3314 ὃς
1105 3276 1289 3326 spatiosus,
1299 3274 1386 3318 vide

2364 566 2467 628 Vel

1430 671 1476 710 ad
1506 684 1569 710 111.
1596 671 1754 710 Metam.
1777 675 1834 722 56.
1866 675 2045 726 Pretiosz'us
2071 678 2196 716 tertius
2217 677 2364 720 Palatin.
2390 689 2468 723 For-

1431 721 1554 773 mofias
1574 724 1715 761 Moreti
1736 726 1884 772 primus.
1902 727 2166 766 BURMANNUS.
2464 731 2468 734 ’

1485 788 1516 823 5.
1546 774 1720 825 Tenues.]
1759 774 1912 815 Summa
1946 780 1984 815 in
2017 780 2152 828 capillis
2184 784 2468 828 commendarim

1394 850 1415 856 --
1431 826 1513 863 infr.
1534 839 1596 863 111.
1619 838 1650 862 x.
1675 836 1707 874 3.

1485 877 1599 913 Flava
1621 882 1740 922 Ceres,
1769 888 1884 915 tenues
1891 878 1993 928 spicis
2009 881 2174 919 redimita
2194 883 2341 932 capillos.

1432 927 1520 965 Vid.
1543 929 1702 968 Broukh.
1722 929 1768 966 ad
1791 929 1916 968 Tibul.
1942 943 1973 968 1.
1999 944 2034 969 x.
2052 932 2111 970 68.
2140 936 2179 970 ὃς
2197 946 2241 971 ex
2260 935 2369 982 pleno
2386 938 2468 980 hor-

1432 991 1498 1017 reo
1525 979 1606 1016 loca
1638 988 1806 1018 veterum
1835 979 1880 1018 de
1903 983 2117 1031 capillorum
2138 984 2284 1022 dotibus
2303 998 2469 1034 promen-

1432 1039 1534 1076 tem,
1557 1031 1710 1078 Junium
1732 1033 1778 1069 de
1798 1032 1942 1071 Pictura
1963 1044 2132 1073 veterum
2155 1036 2214 1073 lib.
2232 1049 2312 1075 111.
2330 1050 2404 1088 cap.
2419 1054 2470 1084 ix.

1437 1083 1470 1125 §.
1497 1083 1532 1120 6.
1560 1083 1821 1121 nummi-sus.

1481 1146 1515 1182 ς.
1542 1136 1638 1182 Qos
1665 1148 1786 1172 ornare
1812 1134 1986 1186 timeres.]
2017 1137 2149 1176 Codex
2170 1140 2312 1178 Moreti
2333 1153 2398 1190 pro
2417 1143 2468 1186 di-

1429 1185 1530 1223 versa
1549 1186 1733 1231 lectione,
1755 1185 1904 1236 speffare
1925 1188 2064 1226 deceret.
2090 1190 2187 1227 forte
2200 1220 2210 1236 ‚
2231 1199 2364 1239 pexare.
2389 1194 2472 1237 vide

1430 1248 1525 1286 quae
1544 1245 1638 1274 noto
1660 1236 1704 1274 ad
1727 1239 1884 1275 Metam.
1909 1251 1964 1275 ιν.
1985 1251 2070 1288 453.
2100 1242 2309 1279 Heinsms.

1484 1288 1520 1325 6.
1548 1287 1629 1324 Vela
1648 1287 1789 1325 colorati
1807 1289 1930 1339 qualia
1949 1296 2040 1328 Seres
2058 1291 2217 1342 habent]
2237 1295 2476 1335 Commenta.-

1430 1347 1514 1383 t0r‚
1543 1338 1624 1376 Vela
1648 1340 1723 1376 hoc
1746 1339 1835 1377 loco
1864 1352 1930 1389 pro
1960 1343 2152 1391 velleribus
2173 1346 2348 1393 exponit,
2375 1346 2475 1395 qued

1431 1390 1567 1429 vellera
1585 1389 1822 1429 commodius
1841 1404 1927 1429 cum
1949 1394 2082 1441 capillis
2097 1423 2106 1438 ‚
2135 1395 2250 1444 quam
2272 1396 2354 1434 vela
2376 1399 2477 1438 com-'-

1432 1441 1548 1491 parari
1573 1449 1722 1492 queant.
1750 1441 1820 1480 Sed
1845 1443 1936 1481 haec
1964 1444 2145 1493 expositio
2166 1455 2263 1484 caret
2281 1448 2477 1496 exemplise

1432 1503 1555 1543 neque
1585 1494 1686 1531 enim
1715 1493 1797 1532 alibi
1824 1494 1993 1533 invenias
2018 1495 2097 1532 vela
2116 1508 2183 1545 pro
2204 1498 2396 1536 velleribus
2412 1511 2475 1548 po-

1433 1543 1508 1582 sita.
1535 1543 1695 1582 Proinde
1713 1544 1858 1583 videtur
1874 1546 1965 1583 haec
1984 1545 2185 1585 similitudo
2202 1549 2251 1586 ita
2271 1550 2476 1598 accipienda
2515 1567 2518 1570 ·
2543 1563 2546 1569 ·

1436 1593 1507 1632 effe
1522 1622 1532 1638 ‚
1559 1603 1599 1632 ut
1627 1594 1652 1632 fi
1675 1596 1770 1633 dicas
1785 1623 1795 1639 ,
1824 1597 2038 1644 capillitium
2059 1597 2148 1636 illud
2168 1607 2290 1637 totum
2309 1601 2359 1638 ita
2375 1599 2474 1645 fuifl‘e

1434 1653 1548 1683 tenue
1562 1674 1573 1689 ‚
1593 1653 1633 1683 ut
1650 1645 1731 1683 sunt
1750 1645 1830 1684 vela
1848 1646 1990 1684 Serum.
2017 1648 2096 1686 Aut
2116 1650 2254 1688 rursum
2269 1679 2279 1696 ‚
2307 1652 2398 1700 pilos
2418 1664 2474 1691 ca-

1435 1697 1511 1745 pilli
1532 1697 1625 1734 illius
1645 1697 1695 1734 ita
1714 1706 1842 1735 tenues
1859 1696 1962 1736 fuisse
1978 1728 1987 1743 ,
2001 1706 2041 1736 ut
2061 1699 2166 1738 simul
2179 1701 2300 1750 juncti
2316 1702 2477 1751 speciem,

1434 1748 1548 1785 talem
1585 1749 1816 1796 praebuerint
1837 1777 1848 1793 ,
1897 1751 2045 1798 qualem
2080 1751 2161 1789 vela
2202 1753 2320 1791 Serica
2350 1753 2481 1793 solent.

1432 1800 1659 1837 Mrcrtttm.
1699 1800 1815 1837 Recte
1844 1799 1971 1837 vidiss'e
2002 1802 2166 1840 Marium
2194 1811 2287 1851 puto
2313 1805 2478 1853 ineptam

1433 1852 1753 1899 comparationem
1772 1850 1907 1888 institui
1928 1863 1947 1888 a
1962 1853 2132 1890 tenuibus
2155 1855 2310 1892 crinibus
2323 1854 2369 1892 ad
2381 1856 2475 1901 vela,-

1433 1913 1528 1951 quae
1565 1902 1635 1939 lata
1664 1903 1702 1939 ὅ(
1731 1900 1883 1949 expansa
1910 1900 2002 1939 sunt.
2037 1915 2107 1940 nec
2139 1912 2266 1942 tamen
2296 1905 2378 1941 vela
2410 1918 2477 1956 pro

1435 1952 1627 1990 velleribus
1659 1950 1759 2001 poffe
1786 1952 1879 1989 sumi
1911 1953 2034 1991 credo.
2068 1967 2138 1991 nec
2166 1955 2277 1994 etiam
2305 1955 2386 1992 vela
2411 1959 2480 2006 pro—
2534 1961 2539 1963 ”

1434 2003 1590 2041 vestibus
1613 2003 1740 2041 Sericis
1761 2002 1834 2040 dici
1851 2003 2035 2053 eleganter
2052 2004 2154 2053 poffe
2172 2014 2264 2054 puto
2279 2006 2386 2051 ,licet
2399 2008 2477 2052 illae
2546 2038 2550 2044 ,

1438 2054 1556 2092 fluxae
1578 2052 1692 2091 effent
1712 2055 1750 2091 ὃ(
1776 2054 1888 2091 laxae.
1918 2067 2004 2092 nain
2024 2056 2127 2104 quod
2147 2057 2265 2094 Cicer.
2291 2070 2345 2095 11.
2365 2056 2478 2099 Catal.

1438 2117 1496 2142 22.
1525 2105 1622 2143 dicat
1647 2106 1764 2142 socios
1787 2105 1967 2143 Catilinae
1982 2135 1992 2150 ‚
2023 2107 2109 2143 velis
2130 2108 2273 2144 amietos
2293 2121 2360 2145 non
2377 2109 2482 2158 togis,
2543 2136 2546 2144 .

1438 2155 1595 2193 ostendit
1613 2156 1672 2193 illa
1693 2156 1864 2194 mollium
1886 2157 2051 2195 virorum
2077 2158 2157 2196 vela
2171 2159 2381 2203 ,ordinariis
2400 2161 2478 2198 Ro-

1438 2218 1636 2244 manorum
1651 2207 1805 2245 vestibus
1819 2209 1976 2256 opponi,
1989 2210 2026 2246 ὃς
2038 2208 2145 2246 simul
2158 2209 2245 2247 velis
2266 2211 2356 2248 veris
2374 2223 2481 2249 com-
2530 2219 2546 2240 l'

1437 2258 1552 2306 parari
1574 2256 1682 2306 poffe.
1712 2258 1771 2296 sed
1790 2270 1973 2307 quaenam
1995 2260 2053 2297 illa
2074 2259 2160 2298 effet
2180 2262 2405 2309 comparatio
2424 2262 2480 2299 in·
2530 2295 2547 2310 ἵ,

1438 2317 1493 2346 ter
1518 2309 1588 2347 lata
1615 2311 1653 2346 ὃς
1683 2308 1778 2347 fluxa
1805 2310 1886 2346 vela
1916 2310 2055 2356 Serica,
2082 2312 2120 2348 ὃ(
2147 2311 2300 2360 capillos>
2323 2310 2476 2351 tenues?

1438 2360 1502 2409 qui
1524 2359 1839 2409 finguliteriuitate
1859 2360 1917 2397 sua
1938 2360 1996 2398 fila
2016 2362 2199 2407 referunt,
2212 2363 2345 2400 nonin
2363 2375 2475 2402 unum

1440 2411 1592 2448 colletfta
1619 2411 1742 2448 velum
1772 2409 1915 2460 poffent
1943 2413 2088 2450 referre.
2116 2413 2214 2451 unde
2236 2426 2327 2451 mox
2347 2414 2402 2459 ybs.
2420 2425 2476 2464 23.
2545 2394 2553 2430 2

1440 2461 1595 2498 Graciles
1621 2474 1665 2501 &⁹
1690 2462 1866 2511 lanuginis
1893 2462 2002 2509 instar
2028 2463 2127 2501 dicit.
2154 2472 2194 2501 ut
2221 2463 2344 2512 lanugo
2369 2466 2473 2503 etiam

1441 2512 1585 2551 Scribus
1605 2514 1772 2551 tribuitur
1793 2526 1814 2551 a
1836 2514 1960 2551 Po‘e'tis
1986 2514 2197 2563 saepiffime.
2225 2527 2336 2565 quare
2354 2524 2474 2565 putem

1440 2564 1500 2601 hic
1529 2564 1766 2613 repetendam
1801 2576 1939 2602 vocem
1977 2577 2022 2602 ex
2061 2566 2226 2616 sequenti
2261 2566 2363 2605 versu
2389 2565 2474 2614 fila,

1441 2626 1536 2664 quae
1566 2616 1692 2663 pafl'im
1722 2629 1742 2654 a
1761 2616 1887 2654 Poetis
1907 2616 2048 2655 Seribus
2070 2618 2327 2657 adscribuntur.
2357 2617 2478 2667 Senes.

1443 2666 1598 2715 Hippoi,
1620 2666 1705 2716 388.

1493 2720 1594 2764 {Qtae
1608 2717 1677 2764 fila
1697 2718 1806 2755 ramis
1823 2718 1943 2755 ultimi
1961 2724 2051 2755 Seres
2069 2718 2197 2768 legunt.

1444 2767 1665 2806 Claudianus
1689 2769 1799 2806 Cons.
1825 2769 1954 2818 Olybr.
1980 2782 2058 2806 102..

1494 2820 1637 2869 Filaque
1657 2831 1804 2857 concreto
1826 2820 1909 2868 cogit
1920 2820 2080 2868 squalere
2100 2821 2252 2860 metallo.

1440 2870 1571 2908 Amin.
1597 2871 1744 2908 Marcel.
1766 2882 1885 2908 xxiii.
1907 2883 1982 2919 cap.
2003 2878 2036 2907 τ).
2064 2871 2110 2908 de
2135 2872 2298 2911 Seribus:
2328 2878 2481 2923 Cumque¹

1439 2921 1487 2957 ad
1510 2922 1690 2958 coemenda
1704 2921 1786 2968 fila,
1800 2921 1857 2958 vel
1877 2921 2048 2971 quaedam
2068 2922 2155 2968 alia,
2159 2922 2319 2972 fluvium
2340 2920 2473 2970 transte-

1438 2972 1512 3009 rint
1533 2973 1701 3009 advenae.
1729 2974 1766 3009 &
1794 2973 1867 3009 hoc
1900 2972 1948 3008 est
1978 2973 2081 3021 quod
2104 2979 2226 3022 postea
2248 2975 2334 3012 dicit
2354 2969 2474 3016 fuiffe‚

1438 3022 1616 3070 lanuginis
1641 3022 1760 3069 instar.
1786 3023 1835 3060 ita
1855 3023 1954 3060 enini
1973 3023 2036 3073 (ila
2057 3024 2185 3063 Serum
2207 3025 2395 3063 credebant
2411 3033 2473 3072 ve-

1439 3079 1532 3109 teres
1546 3101 1556 3116 ,
1585 3085 1629 3110 ex
1650 3073 1822 3122 lanugine
1841 3073 2014 3112 arborum
2036 3074 2178 3114 deduci.
2205 3088 2297 3114 narn.
2311 3075 2412 3123 Virg.
2432 3077 2477 3111 Π.

1442 3122 1579 3172 Georg.
1604 3136 1684 3161 120.

1648 3181 1795 3211 Nemora
1821 3175 2030 3225 Aethiopum
2051 3176 2147 3213 molli
2170 3176 2330 3213 canentia
2346 3174 2450 3217 lana,

1494 3224 1691 3276 Velleraque
1707 3237 1745 3262 ιιῑ
1757 3227 1854 3273 soliis
1873 3227 2049 3276 depect'ant
2069 3229 2188 3264 tenuia
2207 3234 2304 3263 Seres.

1441 3277 1572 3327 Quem
1602 3289 1763 3316 errorem
1794 3277 1986 3318 Salmasius
2013 3279 2052 3317 in
2081 3279 2263 3318 exercitat.
2290 3274 2479 3334 Plinspagl¹

2392 3334 2477 3374 2095
