2553 3676
670 172 1207 240 AMORUM
1282 194 1453 231 LIB.
1526 179 1564 233 Ι.
1643 186 1689 237 8.

2121 192 2212 250 361

274 294 337 346 55
373 277 591 332 Certior
615 291 644 326 e
666 268 870 328 multis,
908 281 1008 318 nec
1035 276 1143 317 tarn
1166 263 1423 319 invidiosa
1447 266 1627 338 rapina
1649 269 1735 323 est.

448 349 609 402 Plena
632 339 777 395 venit
804 337 945 392 canis
974 336 1043 390 de
1067 352 1231 406 grege
1263 337 1457 407 praeda
1485 340 1634 410 lupis,

366 420 512 474 Ecce
527 455 541 479 ,
579 412 710 485 quid
734 411 827 464 iste
851 422 972 464 tuus
999 419 1210 481 praeter
1234 425 1374 463 nova
1398 413 1628 467 carmina
1654 425 1803 470 Vates

439 485 653 543 Donat?
696 483 942 537 amatoris
970 482 1129 536 millia
1155 481 1321 535 multa
1346 481 1504 552 leges.

365 561 475 634 Ipse
497 559 646 612 Deus
670 569 850 611 vatum
866 597 880 621 ‚
916 555 1049 629 palla
1072 552 1362 626 spefitabilis
1390 555 1578 618 aurea,

262 639 330 689 60

440 631 661 685 Tractat
684 630 952 684 inauratae
976 629 1208 682 consona
1231 628 1315 681 fila
1337 627 1495 706 lyrae.

366 704 478 777 Qui
502 704 675 768 dabit,
710 703 795 757 ille
821 703 918 756 tibi
942 718 1138 772 magno
1165 700 1225 753 fit
1251 717 1417 770 major
1440 699 1712 757 Homero,

433 776 617 831 Crede
642 776 802 838 mihi3
844 794 927 830 res
952 774 1025 829 est
1048 774 1343 844 ingeniosa,
1381 773 1522 828 dare.

358 850 476 905 Nec
506 863 593 913 tu,
631 849 668 903 fi
691 849 809 922 quis
836 849 936 902 erit
962 847 1148 918 capitis
1173 845 1426 900 mercede
1453 846 1758 911 redethS,

434 923 693 996 Despice‚
732 921 935 994 gypsati
959 920 1163 977 crimen
1187 920 1340 975 inane
1366 917 1532 991 pediS.

68 1136 165 1176 Mihi
194 1136 322 1175 omnia
347 1135 442 1174 bene
462 1135 496 1174 se
514 1134 647 1175 habere
668 1135 863 1182 videntur,
891 1136 930 1175 &
949 1135 1029 1175 satis
1048 1146 1113 1174 co-

18 1186 19 1190 ’
67 1188 214 1226 haerere
236 1202 244 1225 :
283 1188 405 1236 primo
432 1188 531 1225 enim
558 1199 600 1225 ea
629 1189 847 1237 conjungit,
875 1200 960 1226 cum
983 1187 1111 1237 quibus

18 1258 19 1275 1
67 1247 256 1286 comparat
276 1239 436 1276 formam
451 1267 461 1283 ‚
488 1246 528 1276 ut
546 1241 629 1275 aera
643 1266 653 1282 ,
680 1238 841 1282 vestem.
872 1239 910 1275 δὲ
930 1238 1085 1275 domum
1099 1266 1110 1282 ,

17 1289 19 1313 ³
65 1289 200 1327 deinde
225 1290 386 1327 formam
422 1290 532 1326 etiam
568 1288 696 1336 sponte
732 1288 944 1333 senescere,
979 1288 1005 1325 fi
1032 1300 1110 1326 non

18 1355 19 1358 ¹
66 1348 279 1378 exerceatur
293 1368 303 1383 ,
330 1351 452 1389 neque
474 1339 520 1377 ad
539 1350 623 1376 eam
643 1338 887 1376 exercendam
908 1351 1025 1376 unum
1048 1348 1111 1377 aut

63 1390 216 1427 alterum
230 1390 389 1428 sufficere
403 1418 413 1435 ‚
423 1388 482 1426 sed
494 1389 610 1438 plures
624 1388 693 1426 effe
705 1389 967 1428 admittendos.
979 1389 1109 1428 Euam.

61 1446 72 1449 ‘⁷
114 1452 174 1489 51.
202 1440 302 1487 Vestis
321 1439 408 1477 bona
426 1440 562 1490 quaerit
579 1439 738 1489 lmberi.]
766 1440 932 1478 Adverte
948 1441 1111 1478 locutio-

63 1491 118 1529 nis
136 1501 273 1540 genus,
298 1503 393 1540 quae
412 1491 554 1529 locutio
574 1491 648 1528 hoc
668 1491 777 1528 habet
796 1491 833 1528 in
853 1491 952 1528 sensu
970 1504 978 1528 z
1007 1492 1110 1529 ssona

20 1563 21 1586 i
63 1542 104 1579 &
133 1541 283 1579 honesta
310 1542 415 1579 vestis
450 1541 616 1579 habenda
651 1554 804 1590 quoque
834 1541 882 1579 est
911 1541 988 1579 tibi.
1026 1551 1111 1587 aut,

20 1592 21 1638 l
64 1591 227 1641 Oportet
244 1601 281 1630 te
302 1592 435 1629 habere
453 1591 591 1629 bonam
610 1592 761 1629 vestem.
791 1592 837 1629 Et
858 1591 906 1629 est
928 1592 1112 1631 muliebris

20 1649 23 1677 l
61 1641 242 1691 loquendi
264 1642 407 1680 modus.
433 1641 542 1679 Potes
560 1654 624 1690 per
645 1641 903 1690 synecdochen
923 1642 1025 1688 Vestes
1042 1655 1111 1681 nu—

19 1695 23 1714 ¹
63 1703 169 1730 mero
190 1692 372 1741 plurativo
389 1692 610 1741 intelligere:
635 1700 675 1729 ut
688 1720 698 1737 ‚
715 1695 869 1728 Armato
888 1692 1001 1729 milite
1021 1706 1111 1729 com-

21 1761 23 1766 ·
54 1741 166 1791 plent.
190 1743 293 1791 quod
314 1743 428 1791 magis
445 1743 573 1791 placet.
602 1741 693 1780 Sunt
711 1743 811 1780 enim
834 1743 925 1781 circa
948 1745 1110 1792 corporis

63 1792 203 1829 cultum
227 1793 438 1830 ambitiosae
459 1792 665 1830 admodum
689 1794 888 1831 foeminae.
916 1794 1019 1830 Hinc
1040 1796 1111 1832 fre-

22 1862 23 1871 1
61 1842 295 1892 quentiflime
322 1850 514 1890 corruptae
542 1843 594 1880 sui
624 1844 772 1890 copiam
806 1844 1028 1881 amatoribus
1057 1847 1111 1883 fa—

66 1893 176 1931 ciunt.
209 1893 319 1930 DOM.
344 1893 524 1930 Mamas.
552 1894 703 1941 Qaerit
729 1893 870 1938 haberi,
898 1906 976 1930 non
1008 1894 1110 1933 estid

63 1943 168 1993 quod
194 1944 411 1981 Comment.
446 1951 642 1988 autumat,
678 1943 781 1993 quod
811 1943 909 1982 bona
939 1944 1042 1982 vestis
1068 1945 1110 1984 fit

63 1994 205 2043 puellae
228 1995 393 2032 habenda
413 2008 421 2032 ε
450 1994 509 2032 sed
528 1994 663 2032 eodem
682 1995 840 2043 pertinet
863 2023 872 2038 ,
910 1994 988 2044 quo
1011 2004 1110 2033 cete-

63 2055 125 2082 rae
154 2045 417 2083 similitudines.
443 2053 484 2082 ut
512 2045 554 2083 sit
584 2045 699 2083 sensus
725 2058 733 2082 ε
774 2045 891 2094 Quod
918 2045 985 2083 nisi
1010 2047 1108 2085 veste

63 2093 162 2132 bona
183 2097 311 2139 utaris,
336 2094 356 2132 a
376 2096 481 2134 tineis
503 2096 540 2133 ὃς
563 2096 689 2133 mottis
711 2097 945 2134 corrodetur:
975 2109 1109 2146 quem-

62 2145 270 2183 admodum
298 2157 355 2183 aes
384 2147 571 2194 rubigine,
601 2146 733 2184 domus
754 2146 824 2185 fitu
853 2156 1028 2195 pereunt;
1059 2149 1109 2187 est

25 2205 27 2212 ’
63 2196 165 2233 enim
184 2196 243 2233 hic
262 2195 381 2232 haberi
397 2197 435 2233 in
456 2196 520 2234 usu
542 2195 637 2241 effe,
664 2197 807 2235 tractari
830 2199 900 2235 &c.
930 2199 1109 2238 chrrt.

65 2245 180 2284 Reste
213 2247 407 2295 Micyllus:
438 2247 486 2284 est
514 2248 616 2285 enim
635 2247 754 2285 haberi
772 2249 832 2285 hic
852 2248 952 2286 idem
968 2277 978 2291 ‚
1005 2251 1110 2299 quod

64 2296 209 2346 gestari,
237 2305 277 2335 ut
306 2296 434 2335 docuit
459 2299 605 2347 proprie
628 2298 700 2336 dici
732 2299 920 2337 Salmasius
943 2300 986 2337 ad
1011 2300 1109 2339 Ter-

67 2347 142 2385 tull.
164 2347 247 2385 Pall.
270 2359 348 2397 pag.
372 2360 458 2396 250.
481 2348 635 2387 Terent.
658 2350 754 2388 Eun.
776 2363 829 2388 1v.
850 2350 909 2388 28.
931 2350 1062 2389 BURM.

98 2408 158 2448 53.
169 2397 275 2436 Nullo
286 2398 486 2449 exercente]
500 2399 666 2439 Imitatus
678 2402 725 2438 est
739 2401 824 2439 Stat.
836 2414 861 2438 1.
876 2401 960 2439 Silv.
970 2415 1016 2441 11.
1029 2403 1072 2442 16
1078 2416 1109 2452 ς.

28 2451 29 2461 ¹
514 2452 630 2487 Veniet
645 2453 725 2500 J'am
743 2452 869 2499 tristior
889 2463 1006 2499 aetas,

116 2502 239 2538 Exerce
249 2503 407 2550 formam
421 2530 432 2547 ,
462 2511 505 2541 (φ
513 2501 731 2550 fugientibus
752 2512 844 2539 utere
864 2502 972 2541 donis.

30 2576 32 2580 .
65 2548 115 2589 Et
141 2558 292 2602 uterque
322 2553 462 2591 celebre
501 2552 642 2591 dictum
681 2554 834 2590 Catonis
866 2562 950 2592 ante
979 2555 1108 2594 oculos

65 2600 199 2639 habuit.
225 2603 328 2653 quod
356 2603 513 2641 servavit
539 2604 678 2643 Gellius
705 2604 766 2641 lib.
792 2617 845 2641 xx.
865 2617 942 2654 cap.
965 2618 999 2642 2.
1028 2606 1109 2642 Vita

32 2690 33 2695 Ἰ
65 2649 221 2690 humana
233 2663 330 2704 prope
350 2654 404 2691 uti
415 2656 552 2702 ferram
564 2654 606 2702 est
618 2670 628 2698 ;
641 2653 668 2696 fi
688 2667 853 2699 exerceas,
865 2656 1063 2694 conteritur.
1074 2655 1112 2705 fi

63 2712 133 2738 non
159 2717 332 2750 exerceas,
360 2715 480 2742 tamen
504 2705 821 2754 rubigcrinterficit.
848 2706 931 2743 item
953 2705 1109 2744 homines

33 2782 34 2789 ,
63 2754 243 2790 exercendo
265 2756 423 2793 videmus
449 2757 574 2794 conteri
592 2784 602 2801 ‚
620 2755 655 2805 fi
672 2756 764 2793 nihil
780 2770 950 2802 exerceas,
979 2757 1108 2795 inertia

65 2811 172 2853 atque
198 2807 325 2853 torpedo
347 2807 426 2856 plus
451 2808 651 2845 detrimenti
669 2808 787 2854 facit,
810 2821 916 2858 quam
939 2809 1108 2848 exercitio.

64 2852 115 2890 fic
130 2853 256 2909 'solent
282 2858 524 2908 nequitiarum
547 2858 702 2908 magistri
723 2860 761 2895 &
779 2859 964 2908 magistrae
984 2861 1108 2908 gravia

65 2902 268 2951 sapientum
299 2906 393 2944 dicta
415 2923 443 2951 ,⁷⁷
462 2910 508 2947 ad
539 2909 729 2947 efficienda
768 2921 809 2947 ea
830 2937 840 2954 ,
874 2922 969 2959 quae
992 2910 1107 2948 libido

67 2952 218 2998 suadet,
254 2954 432 2993 adhibere.
469 2961 611 3008 senescit
637 2972 728 2998 vero
757 2961 896 2998 hieest
928 2960 1035 2998 situm
1068 2962 1108 2999 &

69 3003 275 3053 squalorem
317 3008 494 3045 contrahit
516 3037 525 3053 ,
561 3010 623 3047 etfi
660 3023 739 3049 non
776 3012 878 3049 annis
911 3020 1106 3061 gravetur,

36 3086 38 3104 Λ
69 3061 111 3091 ut
128 3055 251 3103 passm]
267 3055 406 3111 sepium
427 3058 465 3093 &
481 3059 638 3106 senescere
658 3063 827 3099 occurrit.
854 3062 996 3100 Moreti
1014 3074 1107 3100 unus

70 3103 378 3162 habebanperzbft.
397 3107 582 3144 Admittas
601 3111 675 3147 fere
691 3112 750 3149 hic
769 3112 1108 3161 pofitun1,notaute

71 3153 225 3200 Douza,
247 3168 312 3204 pro
324 3170 471 3205 juvenes
495 3158 686 3204 admittas;
708 3170 748 3199 ut
769 3165 855 3212 equi
875 3166 913 3202 ὃς
928 3165 1022 3203 tauri
1044 3164 1108 3201 ad.

74 3205 168 3242 mitti
188 3206 367 3244 dicuntur.
394 3207 653 3246 BuRMAnnus.
1027 3230 1032 3233 <

123 3267 180 3306 54.
198 3263 268 3296 Nec
280 3258 372 3307 satis
388 3258 556 3309 effeetus]
577 3259 666 3298 Hoc
683 3260 732 3299 est
745 3288 756 3308 ‚
775 3264 883 3310 pauci
900 3264 1013 3315 aliqui
1032 3278 1112 3306 non

2092 993 2214 1054 Nec

1166 1131 1349 1171 sufficiunt
1379 1130 1424 1169 ad
1448 1132 1522 1170 hoc
1554 1131 1812 1178 efficiendum,
1840 1131 1886 1170 de
1914 1142 1991 1181 quo
2017 1133 2134 1172 niodo
2158 1134 2215 1173 di÷

1169 1183 1270 1221 &um
1292 1184 1350 1221 est.
1378 1183 1501 1233 estque
1530 1185 1684 1232 genitivi
1706 1184 1801 1221 casus
1824 1183 1977 1232 effecius,
2005 1185 2069 1233 qui
2088 1185 2131 1222 ab
2149 1185 2213 1225 ad-

1168 1235 1297 1272 verbio
1310 1234 1400 1283 satis
1419 1234 1603 1283 dependit.
1632 1247 1709 1271 non
1730 1235 1974 1278 accusativus,
1995 1243 2035 1272 ut
2054 1235 2217 1274 somnia-

1167 1286 1221 1323 vit
1239 1287 1422 1334 interpres.
1445 1286 1592 1324 Micrt-
1612 1285 1718 1321 Alter
1737 1285 2058 1330 habetAEditiones
2080 1286 2214 1335 priscae

1166 1344 1207 1373 ut
1228 1337 1266 1373 &
1284 1335 1505 1373 Bersmanni.
1523 1344 1562 1374 ut
1586 1337 1675 1373 Ter.
1698 1336 1812 1373 Andr.
1829 1349 1857 1373 1.
1875 1348 1903 1372 r.
1927 1335 2069 1384 Acceffit
2086 1349 2215 1374 amam

1166 1399 1256 1423 umis
1275 1398 1317 1426 ω’
1335 1386 1418 1423 item
1434 1386 1536 1424 alter.
1558 1386 1631 1424 vid.
1654 1386 1699 1424 ad
1717 1387 1777 1424 lib.
1800 1399 1845 1423 11.
1868 1387 2001 1423 Amor.
2020 1399 2071 1424 1x.
2095 1399 2156 1426 22.

1220 1451 1277 1486 ςς.
1305 1442 1334 1472 E
1353 1436 1513 1487 malm]
1546 1443 1588 1474 In
1606 1437 1726 1475 multis
1748 1438 1896 1487 Regius.
1922 1438 1972 1475 ita
1990 1437 2099 1487 Epist.
2119 1450 2213 1486 xm..

1169 1489 1229 1533 76.
1256 1488 1407 1537 quidam
1434 1488 1600 1525 codices:

1221 1538 1377 1586 Hostibus
1394 1538 1432 1575 in
1450 1539 1572 1576 mediis
1593 1548 1702 1589 nupta
1716 1538 1865 1589 petenda
1887 1538 1965 1575 viro
1985 1537 2040 1585 est.

1168 1589 1255 1627 Vid.
1281 1603 1310 1627 1.
1333 1594 1411 1626 Art.
1430 1590 1515 1627 Am.
1539 1602 1618 1638 344.
1647 1590 1911 1627 BURMANNUS.

1221 1652 1277 1688 57.
1308 1640 1367 1687 Iste
1386 1640 1510 1690 tusis.]
1539 1641 1606 1678 Per
1628 1650 1874 1679 contemtum.
1902 1639 1977 1679 vid.
1996 1638 2042 1678 ad
2062 1639 2213 1689 Petroni

1169 1701 1247 1738 cap.
1268 1703 1320 1728 1x.
1345 1690 1473 1729 Claud.
1497 1704 1526 1728 1.
1550 1692 1637 1729 Rus.
1663 1702 1747 1741 371.

1218 1741 1312 1786 Jasn
1335 1750 1459 1790 poenas
1484 1752 1564 1778 tuus
1594 1742 1651 1789 iste
1681 1741 1791 1780 dabit.

1167 1791 1243 1828 Ubi
1268 1790 1342 1829 vid.
1364 1791 1483 1828 Barth.
1509 1792 1771 1831 BuRMANNus.

1219 1841 1276 1890 58.
1314 1842 1497 1879 Amatoris
1527 1843 1642 1879 millia
1675 1843 1790 1880 multa
1819 1841 1948 1892 leges.]
1988 1843 2079 1881 Non
2107 1843 2213 1892 capio

1164 1891 1305 1930 sensum
1330 1893 1465 1931 horum
1493 1893 1705 1932 verborum.
1733 1905 1820 1930 nam
1843 1894 1975 1931 durum
1999 1892 2110 1938 esset,
2138 1908 2215 1931 car-

1166 1943 1305 1980 minum
1324 1943 1587 1993 subintelligere
1602 1973 1610 1989 ,
1638 1953 1680 1983 ut
1710 1945 1850 1982 Marius
1869 1945 1965 1983 facit.
1993 1948 2213 1982 Amatorem

1160 1993 1270 2039 Junii.
1302 1995 1341 2032 ἃ
1370 1995 1417 2032 ita
1448 1996 1656 2044 conjecerat
1683 1995 1866 2033 Francius.
1895 1995 2067 2031 Carmina
2098 1996 2214 2033 multa

1162 2044 1278 2092 prima
1291 2045 1462 2090 editio,&
1474 2046 1665 2084 Palatinus.
1678 2046 1702 2083 fi
1712 2047 1852 2090 liceret,
1866 2046 2001 2084 vellem
2014 2045 2212 2096 refingere:

1215 2101 1402 2133 Amatores
1430 2095 1545 2133 millia
1573 2097 1689 2134 multa
1714 2098 1853 2144 ferant.

1165 2146 1269 2193 Quid
1289 2147 1422 2195 quaeso
1436 2147 1497 2184 iste
1515 2155 1597 2186 tuus
1616 2156 1716 2185 vates
1734 2147 1848 2186 donat
1865 2155 2007 2196 praeter
2024 2146 2214 2185 carmina?

1163 2195 1224 2233 sed
1261 2196 1351 2245 quid
1382 2197 1468 2234 inde
1499 2198 1565 2235 tibi
1593 2198 1683 2235 lucri
1707 2197 1722 2234 ?
1763 2200 1962 2236 Amatores
1991 2210 2067 2236 non
2096 2199 2213 2236 ferant

1165 2248 1325 2284 carmina
1345 2274 1355 2292 ,
1392 2247 1452 2285 sed
1480 2249 1595 2286 multa
1626 2249 1739 2286 millia
1766 2261 2022 2287 nummorum.
2051 2257 2145 2286 certe
2173 2249 2212 2286 in

1164 2297 1319 2346 vulgatis
1345 2298 1442 2335 nulla
1480 2299 1528 2336 est
1564 2299 1740 2338 sententia
1751 2314 1761 2343 ;
1792 2300 1855 2338 etsi
1891 2301 2016 2348 Ampl.
2046 2300 2211 2347 Cuperus

1164 2347 1276 2385 vellet
1290 2377 1301 2394 ‚
1314 2349 1498 2386 Amatoris
1517 2350 1632 2387 millia
1652 2350 1767 2387 malta
1782 2350 1886 2400 leges,
1901 2362 2027 2399 capere
2048 2360 2114 2397 pro
2135 2348 2213 2386 col-

1164 2398 1252 2447 liges
1274 2400 1387 2437 multa
1416 2400 1528 2438 millia
1549 2402 1592 2438 ab
1614 2410 1779 2440 amatore
1813 2404 1851 2439 &
1881 2401 2028 2449 cupido.
2057 2398 2116 2436 sed
2143 2399 2212 2437 du-

1166 2449 1244 2488 bito
1266 2462 1311 2488 an
1330 2451 1506 2500 procedat
1524 2464 1571 2489 ex
1591 2454 1733 2490 ratione
1748 2452 1871 2489 Latini
1886 2449 2213 2489 sermonisBuRM.

1220 2514 1278 2549 59.
1307 2502 1373 2551 {ose
1401 2507 1495 2538 Deus
1523 2503 1693 2552 vatam]
1724 2503 1767 2539 In
1794 2502 1957 2539 Palatino
1991 2509 2086 2543 erat,
2117 2506 2213 2538 Deus

1164 2561 1276 2589 vates.
1311 2564 1381 2589 nec
1412 2553 1613 2590 invenuste.
1650 2553 1775 2600 passim
1814 2553 1914 2589 enim
1953 2562 2052 2588 vates
2080 2550 2212 2589 dicitur

1163 2603 1316 2650 Apollo.
1362 2602 1483 2639 Delius
1521 2613 1621 2639 vates
1649 2603 1807 2651 Virgilio
1844 2614 1895 2638 vx.
1929 2613 1984 2639 12..
2023 2599 2212 2646 ὑποφήτης

1164 2654 1323 2691 Graecis.
1356 2653 1430 2691 vid.
1463 2654 1584 2692 Schol.
1623 2653 1796 2702 Sophocl.
1839 2652 1935 2691 Oed.
1969 2663 2049 2702 157.
2078 2651 2212 2691 Noster

1162 2717 1206 2743 11.
1229 2705 1309 2743 Art.
1329 2704 1417 2742 Am.
1438 2704 1523 2751 496.

1471 2761 1570 2793 Vates
1597 2754 1655 2792 ille
1683 2754 1857 2791 videndas
1880 2754 1966 2804 agit.

1163 2807 1212 2845 Et
1232 2805 1341 2856 Epist.
1362 2818 1438 2844 xxx.
1459 2817 1543 2855 235.
1571 2812 1642 2842 Hoc
1670 2811 1764 2843 Deus
1787 2817 1830 2845 ω’
1852 2815 1963 2843 vates.
1991 2804 2053 2844 ubi
2074 2803 2211 2854 Micyl‘

1162 2859 1216 2896 lus
1240 2859 1333 2907 capit
1360 2869 1427 2905 pro
1453 2856 1636 2905 Apolline.
1669 2858 1708 2894 &
1730 2856 1887 2894 Remed.
1910 2868 1968 2906 75.
1987 2857 2022 2896 in
2052 2857 2212 2906 pluribus

1163 2908 1385 2947 editionibus
1404 2908 1561 2957 antiquis
1574 2937 1584 2953 ,
1613 2909 1652 2946 ὃς
1673 2907 1880 2946 codicibus:

1215 2964 1258 2996 Te
1267 2968 1407 3007 precor,
1437 2957 1453 2994 ὂ
1473 2968 1594 3003 vates,
1622 2958 1711 3008 adfit
1728 2970 1792 2995 tua
1810 2964 1944 2995 Laurea
1964 2957 2067 2995 nobis.

1161 3010 1251 3048 Vid.
1272 3009 1396 3048 Heins.
1416 3008 1461 3046 ad
1482 3009 1564 3046 Val.
1587 3009 1680 3048 Flac.
1706 3022 1750 3046 11.
1770 3021 1851 3058 419.
1882 3009 2148 3046 BURMANNUS.

1216 3074 1273 3110 59.
1301 3059 1496 3110 spectabilis
1515 3060 1651 3111 aurem]
1673 3059 1877 3110 Synaerefis
1900 3061 1936 3097 in
1958 3059 2071 3097 verbo
2092 3058 2212 3096 clarea-⁸

1165 3113 1384 3152 Cim-mus.
1410 3110 1495 3148 Vid.
1518 3124 1560 3149 11.
1581 3113 1660 3152 Art.
1679 3124 1764 3160 494.

1213 3165 1274 3201 61.
1301 3162 1376 3211 in
1394 3160 1523 3211 dabie]
1546 3163 1588 3200 In
1608 3163 1714 3212 hujus
1733 3162 1905 3211 peffimae
1923 3160 2048 3213 Lenae
2067 3156 2214 3214 sentens

1164 3215 1255 3253 tiam
1280 3213 1395 3251 multa
1424 3212 1542 3250 scribit
1575 3214 1834 3252 Philematium
1862 3212 2024 3248 Euniulo
2054 3216 2212 3245 amatori

1166 3266 1247 3319 suo,
1259 3262 1356 3315 apud
1366 3263 1638 3304 Aristaenetum
1650 3264 1763 3350 libiz.
1778 3263 1933 3309 Ep.x1v.
1946 3259 2118 3358 Emungi?
2125 3270 2219 3346 regg:
