2553 3676
591 179 1118 249 AMORUM
1191 181 1542 240 fixum.
1612 189 1667 250 '31'

2053 188 2152 259 481

319 281 594 338 Formosas
617 276 804 348 Superi
826 282 1074 326 metuunt
1100 268 1377 327 offendere
1403 272 1548 328 laesi:

389 355 573 423 Atque
595 351 764 410 ultr0‚
802 362 937 418 quae
959 344 1012 398 se
1036 360 1146 397 non
1168 343 1424 409 timuere,
1463 346 1668 401 timent.

312 425 386 479 Et
409 424 684 495 quisquam
704 419 789 490 pia
812 431 928 471 tura
951 415 1084 470 foc‘is
1106 417 1385 486 imponere
1412 418 1596 471 curet?

389 494 555 548 Certe
579 491 694 562 plus
718 490 878 544 animi
905 487 1067 542 debet
1090 486 1250 541 ineffe
1274 487 1413 541 viris,

214 584 274 640 35
309 565 552 637 juppiter
573 563 697 634 igne
724 564 818 617 suo
839 562 987 616 lucos
1005 559 1262 631 jaculatur
1287 559 1343 612 &
1365 576 1525 615 arces,

388 634 650 707 Miffaque
672 635 900 707 perjuras
926 634 1028 686 tela
1049 632 1210 687 ferire
1232 643 1392 686 vetat.

317 709 435 763 Tot
458 725 702 762 meruere
728 708 855 779 peti.
895 705 1101 760 Semele
1126 703 1429 759 miserabilis
1454 702 1598 758 arfit:

388 777 594 835 Officio
619 779 693 833 est
715 780 789 834 illi
812 795 983 852 poena
1007 790 1218 850 reperta
1243 777 1353 832 suo

317 853 397 908 At
420 851 457 906 fi
480 864 709 907 venturo
733 853 785 906 se
810 850 1135 906 subduxiss'et
1159 850 1385 913 amanti,

210 945 278 995 40
387 925 515 979 Non
536 937 686 997 pater
708 924 764 978 in
788 922 1004 978 Baccho
1026 923 1206 976 matris
1228 920 1448 976 haberet
1471 937 1620 977 onus

320 997 471 1070 Quid
485 1007 721 1070 queror,
759 996 815 1050 &
841 996 942 1050 toti
964 995 1104 1048 facio
1134 994 1375 1049 convicia
1400 995 1589 1049 coelo?

387 1069 463 1124 Di
486 1087 703 1142 quoque
726 1068 922 1124 habent
949 1068 1159 1121 oculos:
1199 1067 1275 1121 Di
1300 1066 1519 1140 quoque
1542 1066 1724 1139 pe6³tus
1751 1067 1961 1125 habent,

319 1143 375 1198 Si
399 1143 549 1197 Deus
572 1141 681 1214 ipse
706 1141 911 1203 forem3
950 1157 1151 1194 numen
1173 1139 1281 1195 fine
1305 1139 1493 1195 fraude
1519 1140 1705 1197 liceret

388 1214 606 1269 Femina
629 1213 875 1268 mendaci
903 1212 1106 1267 falleret
1129 1230 1224 1267 ore
1251 1228 1447 1267 meum.

217 1307 281 1358 45
317 1287 429 1360 Ipse
453 1304 556 1358 ego
577 1286 809 1357 jurarem
832 1301 1022 1338 verum
1041 1284 1215 1354 jurare
1239 1286 1464 1357 puellas;

398 1358 470 1413 Et
494 1376 604 1413 non
626 1358 695 1411 de
720 1356 922 1411 tetricis
947 1355 1157 1410 dicerer
1181 1357 1283 1412 effe
1308 1356 1471 1411 Deus,

320 1433 381 1488 T
382 1450 418 1486 u
443 1444 620 1485 tamen
645 1430 859 1483 illorum
881 1427 1205 1482 moderatius
1230 1443 1383 1484 utere
1409 1430 1583 1486 dono:

395 1505 510 1561 Aut
534 1502 701 1559 oculis
728 1500 877 1558 certe
901 1517 1088 1574 parce,
1125 1504 1329 1575 puella,
1364 1502 1510 1561 meis

34 1698 168 1736 Statius
189 1707 244 1734 vx.
264 1692 385 1733 Theb.
407 1693 491 1743 360.

83 1775 181 1825 Tunf
197 1769 327 1815 aperit,
354 1768 432 1818 quis
451 1766 593 1815 fulmen
612 1778 717 1818 agat,
744 1768 822 1819 quis
836 1768 947 1819 sidera
969 1768 1075 1808 ducat

87 1825 244 1869 Spiritus.

37 1894 86 1936 Et
105 1895 203 1935 idem
219 1895 283 1933 lib.
307 1907 336 1933 1.
363 1894 446 1943 258.
469 1894 629 1931 Tonitrus
653 1907 748 1943 agere
775 1895 876 1934 dixit.
904 1896 1005 1945 plura
1029 1897 1074 1935 ad

38 1947 160 1985 Valer.
180 1946 294 1984 Flacc.
316 1957 360 1982 11.
385 1957 464 1993 179.
492 1945 757 1983 BURMANNUS.

92 2009 150 2046 33.
177 1996 342 2045 Curam]
373 1997 461 2033 Non
488 1995 731 2033 incommode
760 1995 904 2034 fortasse
932 1998 969 2034 in
997 1997 1078 2035 sub·

37 2047 208 2098 junctivo
228 2047 428 2095 legeretur,
454 2051 588 2084 Curet?
614 2054 655 2083 ut
675 2047 722 2084 est
740 2047 778 2084 in
798 2047 971 2096 exemplo
990 2048 1077 2086 Vir-

42 2099 177 2147 giliano
198 2097 256 2133 lib.
280 2108 325 2133 11.
344 2095 404 2143 48.

93 2163 141 2196 Et
159 2158 341 2209 quisquam
364 2171 492 2197 aeumen
512 2158 669 2203 Junonis
684 2158 815 2197 adoret.

44 2223 114 2262 Sed
139 2223 280 2261 nullum
310 2235 355 2261 ex
391 2224 511 2261 multis
542 2223 831 2272 exemplaribus,
867 2237 961 2275 quae
985 2227 1077 2264 mihi

46 2274 146 2318 sunt,
170 2274 310 2315 habeo,
340 2275 440 2322 cujus
470 2274 686 2312 au&oritate
707 2275 808 2312 nitar.
838 2275 979 2314 Idcirco
998 2289 1078 2314 non

0 2350 1 2355 ,
47 2323 157 2362 ausim
177 2325 371 2362 immutare
385 2352 396 2368 ‚
424 2336 508 2361 cum
535 2324 742 2372 praesertim
762 2325 809 2362 fic
828 2338 981 2375 quoque
999 2328 1078 2365 sen-

0 2383 1 2416 }
47 2373 99 2412 sus
138 2375 278 2422 optime
315 2375 499 2422 procedat.
545 2375 710 2412 Damnat
740 2377 840 2413 enim
872 2377 970 2415 Naso
999 2386 1080 2416 tan-

0 2437 1 2459 1
47 2434 158 2473 quam
180 2424 391 2462 dementem
420 2424 520 2462 inum
536 2452 547 2468 ,
572 2426 637 2473 qui
665 2425 730 2462 diis
756 2425 949 2464 sacrificare
969 2437 1082 2466 curat.

0 2474 2 2510 ἶ
50 2474 225 2512 Manus.
249 2475 446 2523 Virgiliana
466 2475 639 2512 imitatio.
656 2475 743 2511 vide
762 2487 856 2524 quae
874 2478 1002 2515 notavi
1019 2479 1081 2516 lib.

48 2535 95 2563 11.
120 2525 369 2573 Metamorph.
394 2525 613 2561 Cion-Nus.
640 2530 746 2560 Curet
773 2527 934 2574 optimus
952 2528 1084 2566 Palati-

50 2586 128 2612 nus.
153 2575 213 2612 sed
232 2576 282 2613 nil
301 2574 453 2612 neceffe.
481 2574 566 2612 vide
584 2574 677 2612 infra
696 2586 791 2624 quae
808 2585 901 2614 noto
920 2577 965 2615 ad
979 2578 1082 2628 Eleg.

3 2652 4 2658 η
51 2635 141 2662 vm.
156 2625 209 2668 sss.
233 2638 263 2663 1.
283 2626 493 2662 Hrzmsms.

102 2685 161 2724 37.
188 2681 248 2712 Tot
268 2688 415 2712 meruere
438 2674 543 2726 peti.]
573 2674 616 2713 Id
638 2674 711 2720 est,
738 2676 948 2717 fulminibus
974 2679 1085 2718 feriri.

53 2724 150 2763 Naso
171 2725 208 2762 in
227 2725 389 2776 Remed.·
406 2737 490 2774 370.

102 2789 245 2821 Summa
256 2794 379 2833 petunt
398 2785 525 2823 dextrd
533 2786 694 2834 fulmina
715 2788 811 2838 missa
829 2790 947 2836 Jovis.

48 2840 100 2881 'Id
117 2844 167 2881 est
184 2844 326 2883 feriunt.
353 2848 390 2884 in
408 2850 592 2887 nonnullis
609 2860 731 2888 tamen
755 2853 1018 2902 exemplaribus
1034 2854 1088 2891 le-

55 2901 178 2979 ἕψῃ.
204 2895 285 2930 Pati
307 2911 318 2931 .-
354 2909 447 2945 quae
478 2899 590 2937 lectio
621 2902 725 2939 valde
752 2903 880 2949 placet.
908 2906 1088 2941 Mimas.

79 2942 224 2998 'llipnca
244 2945 383 2982 locutio
405 2948 450 2984 est
473 2961 481 2984 ε
517 2961 583 2998 pro
597 2978 607 2995 ,
635 2952 733 2989 Cum
756 2961 813 2990 tot
833 2955 923 2992 aliae
944 2966 1091 2992 merue-

58 3000 129 3029 rint
150 3001 245 3040 pati,
273 2994 343 3049 sola
373 2996 512 3052 Semele
539 3001 694 3038 fulmine
723 3003 970 3053 conflagravit.
999 3005 1090 3042 Sunt

59 3050 183 3079 tamen
207 3043 349 3080 codices
364 3071 373 3087 ,
394 3057 455 3092 qui
474 3058 538 3093 pro
550 3051 639 3088 ,Pati
658 3052 834 3099 habeant,
862 3056 938 3091 Peti
952 3084 962 3099 ‚
990 3055 1093 3105 quod

61 3091 107 3145 gd
136 3092 277 3132 fulmen
305 3096 450 3144 proprie
482 3097 733 3139 referendum:
764 3112 805 3143 ut
827 3105 854 3144 fi
871 3106 989 3153 dicas,
1018 3096 1095 3144 Me}

1918 1573 2168 1631 ELE-

1127 1709 1224 1734 ruere
1233 1695 1388 1744 fulmine
1400 1694 1483 1747 peti.
1502 1693 1728 1734 chrttus.
1754 1693 1838 1732 Pati
1856 1693 1893 1731 in
1915 1691 2087 1731 omnibus
2106 1701 2172 1727 ex-

1129 1746 1230 1785 cufis.
1250 1747 1299 1790 ¹In
1327 1747 1535 1784 Maffeianis
1564 1745 1687 1794 aperte
1706 1747 1863 1795 legitur,
1885 1743 1967 1793 peti.
1995 1741 2103 1798 vere,
2130 1746 2171 1795 ut

1130 1805 1234 1845 puto.
1268 1797 1486 1835 CtorAuus.
1535 1796 1670 1834 Melius
1691 1824 1703 1841 ,
1741 1795 1846 1845 quod
1880 1796 1917 1831 in
1948 1793 2025 1830 aliis
2047 1819 2058 1835 ‚
2090 1799 2173 1839 petz„

1129 1847 1234 1884 DAN.
1253 1848 1468 1885 Haustus.
1497 1847 1580 1883 Imo
1596 1873 1606 1889 ,
1627 1847 1709 1894 peti.
1731 1846 1888 1884 fulmine
1904 1844 2094 1881 nimirum.
2121 1848 2175 1877 at-

1130 1909 1203 1946 que
1225 1898 1273 1935 ita
1292 1898 1371 1936 libri
1392 1896 1676 1947 praestantiores.
1702 1895 1815 1945 idque
1835 1894 2014 1932 Ciofanus
2037 1893 2077 1931 in
2097 1901 2172 1930 uno

1130 1959 1176 1985 ex
1197 1948 1264 1985 suis
1281 1948 1484 1986 invenerat.
1511 1946 1634 1995 Elegia
1652 1946 1698 1984 de
1716 1947 1826 1985 Nuce
1851 1944 1932 1985 182.

1184 2012 1316 2061 Optavi
1334 2011 1454 2049 valido
1463 2010 1633 2059 fulminis
1648 2010 1726 2059 igne
1737 2010 1824 2060 peti.

1134 2070 1242 2110 Trist.
1267 2085 1297 2110 1.
1322 2073 1424 2122 Eleg.
1450 2085 1481 2112 1.

1183 2137 1244 2168 Me
1263 2146 1335 2169 reor
1352 2133 1468 2181 infesto
1483 2162 1495 2178 ,
1522 2147 1600 2171 cum
1620 2141 1720 2170 tonat
1733 2159 1745 2178 ,
1772 2131 1848 2181 igne
1862 2131 1946 2182 peti.

1132 2193 1177 2233 In
1198 2203 1360 2233 mortem
1382 2196 1492 2234 Drufi
1510 2209 1595 2242 401.

1182 2262 1326 2312 Jupiter
1344 2274 1426 2301 ante
1446 2265 1540 2302 dedit
1552 2265 1629 2312 fati
1649 2265 1747 2302 mala
1761 2264 1860 2316 signa
1880 2265 2038 2309 cruenti,

1234 2314 1462 2362 Flammifera
1474 2316 1575 2365 petiit
1595 2330 1672 2353 cum
1690 2316 1763 2355 tria
1782 2317 1909 2367 templa
1927 2328 2048 2353 manu,

1135 2375 1261 2414 Tibul.
1283 2378 1346 2416 lib.
1368 2391 1398 2416 1.
1418 2380 1521 2430 Eleg.
1547 2393 1602 2419 ιι.

1138 2444 1231 2526 HTe
1262 2439 1371 2484 Jovis
1399 2440 1537 2490 imperio
1557 2441 1722 2488 fulmina
1750 2441 1846 2490 miffiz
1869 2448 2004 2490 petant.

1183 2501 1355 2528 Exusms.

1186 2564 1247 2598 40.
1276 2550 1426 2588 Haberet
1456 2554 1576 2604 onus.]
1607 2561 1697 2604 Opus
1726 2555 1929 2592 Puteaneus
1952 2554 1991 2591 δε
2017 2552 2183 2592 Barberr-

1137 2603 1266 2640 nianus
1295 2614 1380 2639 cum
1408 2603 1576 2652 Scaligeri
1603 2605 1804 2653 Excerptis.
1839 2604 1900 2642 sed
1927 2604 2180 2643 onusrectum

1139 2652 1198 2690 est.
1227 2651 1304 2689 Adi
1322 2653 1440 2690 Notas
1460 2654 1551 2692 Fast.
1570 2667 1632 2692 111.
1651 2655 1705 2698 fis.
1728 2655 1811 2698 718.
1838 2656 2052 2692 Hzmsms.

1189 2714 1248 2749 41.
1277 2707 1357 2738 Toto
1378 2703 1474 2749 facio
1494 2705 1653 2742 convicia
1672 2704 1794 2753 coelo.]
1823 2705 1900 2741 Toti
1920 2706 2032 2754 magis
2050 2704 2183 2743 arridet

1142 2765 1228 2841 <Itum
1248 2751 1389 2791 duobus
1408 2754 1553 2804 scriptis.
1571 2755 1656 2793 vide
1677 2756 1795 2794 Notas
1813 2755 1970 2793 Remed.
1990 2756 2080 2793 Am.
2099 2766 2183 2805 507.

1165 2816 1262 2842 DEM.

1192 2867 1253 2942 {15⁹
1279 2853 1459 2941 leaeffaffss]
1486 2855 1621 2901 Jurare
1635 2857 1866 2903 Puteaneus,
1895 2855 2184 2899 Arondelianus‚

1144 2905 1623 3009 &attgogſjiel'DeiiiJSgiiis
1649 2957 1749 2996 idem
1778 2969 1861 2996 cum
1883 2959 1998 3006 prima
2019 2956 2185 2993 editione

1147 3006 1187 3043 &
1207 3005 1329 3042 multis
1348 3004 1497 3053 scriptis.
1516 3008 1728 3046 Hfimsxus.
1747 3009 1835 3046 Vid.
1852 3009 1897 3046 ad
1918 3020 1972 3044 vi.
1994 3006 2080 3043 Fast.
2105 3003 2186 3049 176.

1148 3061 1196 3092 Et
1214 3069 1283 3092 non
1301 3054 1341 3090 de
1359 3055 1456 3094 duris
1476 3058 1682 3098 Puteaneus
1703 3060 1813 3106 alter,
1825 3053 2128 3097 Francofurtenfis
2146 3053 2186 3090 ὃ(

1149 3107 1314 3158 quinque
1336 3105 1407 3145 alii.

1395 3293 1425 3352 ²?
1441 3315 1465 3352 Ρ
1483 3308 1506 3353 1³2
2019 3310 2052 3348 1·
2082 3306 2190 3351 liupo-3
