2553 3676
367 199 475 270 434

865 190 927 248 Ρ.
1004 184 1420 247 OVIDII
1490 186 2013 248 NASONIS

663 283 792 359 Quo
819 283 915 340 tibi
939 279 1255 345 formosam,
1291 278 1330 335 fi
1354 296 1464 334 non
1487 280 1581 335 nisi
1606 280 1739 336 casta
1764 282 2036 356 placebat?

726 358 853 413 Non
879 353 1090 428 possunt
1115 354 1231 408 ullis
1255 352 1348 407 ista
1374 359 1524 408 co'i're
1550 354 1738 408 modiS.

651 430 706 485 Si
731 430 887 501 sapis,
925 426 1144 498 indulge
1169 425 1449 486 dominae3
1490 426 1773 498 vultusque
1799 428 2009 483 severos

720 501 923 556 Exsue:
963 516 1065 554 nec
1089 497 1250 570 rigidi
1273 497 1386 567 jura
1412 510 1563 549 tuere
1592 497 1707 551 viri.

542 594 609 645 45
649 573 720 628 Et
746 576 893 637 cole,
931 589 1067 645 quos
1094 570 1305 624 dederit
1334 568 1564 637 (multos
1591 567 1772 638 dabit)
1798 589 1936 628 uxor
1962 571 2176 628 amiCOS.

723 646 909 703 Gratia
935 650 1000 699 sic
1031 643 1256 696 minimo
1283 655 1471 709 magna
1497 638 1676 694 labore
1701 644 1861 697 venit.

648 720 734 776 Sic
760 718 962 791 poteris
984 716 1243 787 juvenum
1266 711 1511 765 convivia
1535 711 1742 785 semper
1764 714 1931 770 inire:

718 791 820 856 Et,
855 806 990 864 quae
1016 804 1128 842 non
1151 783 1400 848 dederis„
1432 779 1597 839 multa
1623 785 1810 841 videre
1840 788 2008 843 domi.

357 931 421 971 filii
441 943 486 970 ex
506 933 638 970 Marte.
664 931 749 970 Post
765 932 861 970 hanc
880 928 1050 976 Elegiam
1077 929 1115 966 in
1137 924 1251 964 altero
1271 934 1400 979 exem-

355 984 443 1032 plari
473 983 675 1022 Maffeiano
710 983 836 1033 scripta
867 981 916 1018 est
944 979 1068 1028 Elegia
1097 976 1323 1033 de-somno;
1361 986 1400 1012 in

356 1034 471 1071 altero
498 1034 576 1083 post
606 1034 795 1079 Eleoiam,
822 1044 916 1083 quae
943 1031 1050 1079 hujus
1077 1029 1158 1065 libri
1180 1025 1314 1064 odiava
1332 1036 1402 1063 nu-

356 1096 464 1122 mero
483 1085 542 1123 est.
571 1085 653 1135 Ego
673 1064 742 1123 effic
762 1082 973 1134 ponendam
1000 1079 1146 1122 censui,
1174 1088 1219 1114 ex
1240 1087 1312 1124 qua
1335 1087 1402 1113 eo-

357 1134 527 1173 rumdem
555 1136 733 1174 librorum
762 1147 834 1183 ope
856 1162 866 1178 ,
904 1143 991 1182 quas
1019 1139 1150 1186 Ροῐςῐρ
1175 1155 1188 1184 ’.
1223 1125 1399 1171 mendas»

357 1186 541 1230 auferam,
571 1186 644 1224 five
675 1187 758 1230 hic,
787 1185 860 1222 five
887 1183 972 1221 alibi
1002 1177 1259 1218 eruditioribus
1284 1176 1401 1215 collo-

356 1236 470 1274 canda
490 1237 666 1274 videatur.
696 1237 913 1273 CIOFANUS.

407 1300 468 1333 40.
496 1286 657 1336 Remus.]
689 1293 805 1324 Remos
821 1287 1038 1323 Puteaneus.
1058 1282 1271 1329 Heinsius.

407 1351 466 1384 41.
492 1338 591 1387 Qid
611 1338 674 1374 tibi
688 1334 882 1386 formofh.]
912 1334 1011 1379 Alii,
1040 1332 1301 1389 Qidfqrmofiz
1323 1331 1398 1372 tibi.

355 1390 475 1438 prima
506 1389 621 1426 editio
650 1390 687 1424 δε
716 1387 792 1425 duo
818 1387 958 1435 scripti,
986 1384 1085 1433 Qid
1114 1382 1179 1420 ttln
1194 1384 1398 1433 formosam.

356 1441 461 1489 Lege
482 1451 566 1477 curn
586 1439 774 1475 Puteaneo
797 1439 835 1475 &
855 1437 1001 1486 optimo
1019 1434 1182 1473 Palatino
1196 1461 1207 1478 ‚
1235 1436 1314 1483 Qo
1333 1433 1400 1471 tibi

347 1491 551 1538 formosum.
580 1497 618 1525 ut
636 1489 715 1537 jam
736 1488 950 1525 monuimus
969 1485 1076 1535 Epist.
1097 1497 1142 1521 11.
1160 1483 1214 1527 fis.
1240 1499 1257 1533 ς
1265 1496 1297 1534 3.
1323 1485 1398 1523 vid.

357 1542 397 1578 &
426 1541 471 1577 ad
500 1552 564 1576 111.
594 1539 726 1576 Amor.
755 1551 832 1577 xxx.
854 1550 888 1584 7.
916 1535 1206 1581 Arondelianus‚
1234 1538 1314 1584 Qo
1335 1535 1400 1573 tibi

346 1591 508 1639 fhrmofiz.
539 1588 628 1627 vidit
643 1589 729 1638 jam.
739 1589 784 1627 ad
808 1589 985 1627 Senecam
1005 1587 1230 1625 Gronovius.
1253 1587 1399 1624 HEiNs.

356 1641 454 1678 Vide
484 1640 659 1678 eumdem
688 1641 728 1678 in
757 1640 893 1678 omiffis
927 1638 973 1676 ad
1008 1637 1174 1676 Statium.
1205 1648 1286 1687 pag.
1313 1649 1399 1683 402.

355 1691 525 1740 imperite
553 1691 728 1729 Behotius
758 1704 803 1729 11.
834 1690 984 1739 Apoph.
1013 1701 1046 1735 4.
1074 1687 1240 1726 defendit
1259 1715 1270 1733 ,
1298 1688 1399 1737 ‹Qid

354 1741 420 1778 tibi
431 1741 608 1790 formosa,
636 1743 673 1779 &
696 1755 717 1777 a
737 1741 890 1790 produci
909 1738 1149 1778 existimabat.

405 1804 466 1838 41.
493 1793 528 1829 Si
548 1804 615 1828 non
639 1791 703 1828 tihi
728 1793 817 1839 casta
833 1789 1029 1841 placebit?]
1059 1790 1113 1827 Ita
1135 1789 1309 1839 quidem,
1337 1790 1398 1829 sed

356 1852 527 1891 corrupte
558 1843 595 1879 in
625 1843 797 1880 omnibus
821 1842 994 1891 impressis
1021 1841 1288 1890 exemplaribus
1309 1841 1398 1891 legi-

353 1901 415 1931 tur
433 1906 449 1930 2.
472 1904 517 1930 ex
547 1893 615 1930 hac
645 1893 744 1929 enim
772 1893 931 1931 leetione
962 1903 1142 1940 congruus
1171 1892 1286 1930 sensus
1315 1893 1397 1931 elici

355 1955 435 1981 non
470 1942 596 1992 potest.
634 1942 731 1980 unde
763 1955 808 1981 ex
834 1943 1061 1981 vetustissimi
1093 1954 1135 1980 ac
1164 1942 1398 1991 manuscripti

356 1994 495 2031 codicis
522 1992 737 2031 auetoritate
763 1994 960 2044 legendum
985 1993 1055 2037 est,
1081 1992 1116 2029 Si
1138 2006 1205 2030 non
1229 1991 1295 2043 nisi
1310 1993 1399 2041 casta

351 2043 536 2093 placebat?
561 2052 601 2080 ut
626 2042 665 2080 sit
685 2043 822 2082 sensus:
852 2045 885 2082 Si
910 2045 999 2083 casta
1019 2055 1115 2082 uxor
1132 2045 1197 2082 tibi
1220 2045 1399 2093 placebat,

355 2106 434 2132 non
461 2093 660 2132 formosam
688 2093 819 2133 ducere
846 2095 1011 2133 debebas.
1038 2096 1146 2141 Juxta
1165 2094 1300 2132 Biantis
1317 2094 1398 2132 sen-

356 2147 510 2185 tentiam
529 2145 628 2184 illam
650 2172 661 2191 ,
699 2157 793 2195 quae
819 2145 994 2186 dissuadet
1012 2157 1170 2185 uxorem
1189 2145 1397 2184 ducendam

906 2291 1704 2361 ELEGIA

1455 922 1554 963 effe:
1584 923 1624 964 Si.
1649 925 1857 965 deformem
1886 926 2053 970 duxeris,
2080 938 2242 977 poenam
2259 925 2431 967 habebis:
2459 927 2502 968 Si?

1455 976 1643 1024 pulchram
1660 1004 1670 1021 ,
1699 979 1911 1017 communis
1934 980 2012 1017 erit.
2039 980 2219 1017 Maurus.

1507 1027 1565 1073 46.
1605 1028 1790 1078 Magna.]
1838 1029 1960 1066 Multa
1990 1031 2156 1080 quinque
2192 1042 2239 1068 ex
2277 1028 2505 1070 melioribus.-

1449 1084 1557 1126 parta
1576 1077 1689 1115 labore
1707 1081 1834 1117 tertius
1853 1081 2003 1118 Moreti.

1513 1139 1570 1174 47.
1601 1129 1740 1180 Inire.]
1779 1130 1893 1168 Adire
1919 1131 2092 1170 Politian}
2124 1132 2163 1170 &
2195 1132 2350 1171 Moret'i.
2377 1129 2438 1171 lib.
2465 1134 2501 1172 ιζ

1457 1178 1561 1228 Eleg.
1580 1192 1634 1218 iv.
1655 1192 1687 1219 1.

1508 1231 1568 1267 Vir
1588 1241 1669 1268 tuus
1690 1230 1733 1279 est
1751 1232 1863 1283 epulas
1881 1232 1975 1270 nobis
1996 1233 2159 1270 aditurus
2178 1234 2324 1272 easdem.

1455 1279 1513 1318 Sic
1537 1282 1628 1320 haec
1658 1283 1768 1321 verba
1797 1283 1945 1321 confusa
1971 1296 1991 1321 a
2018 1285 2165 1322 librariis
2196 1297 2263 1323 111.
2298 1285 2379 1323 Art.
2409 1285 2497 1324 Am.

1455 1340 1540 1376 712.
1570 1334 1608 1371 &
1634 1333 1792 1372 Remed.
1823 1334 1906 1383 578.
1932 1334 1978 1373 de
2006 1335 2114 1380 inire,
2145 1335 2219 1374 vid.
2242 1335 2288 1374 ad
2316 1336 2425 1385 Epist.
2443 1349 2500 1377 iv,

1454 1383 1514 1429 67.
1541 1383 1809 1424 Bunmmws.

1505 1433 1573 1479 48..
1599 1439 1645 1471 Et
1674 1449 1762 1486 quae
1791 1449 1859 1473 non
1896 1435 2026 1473 dederis
2067 1435 2183 1474 multa
2217 1436 2337 1475 videre
2371 1437 2494 1489 ἐπὶ]

1455 1483 1733 1533 Corruptiffiine
1760 1488 1810 1525 ita
1831 1488 1962 1535 legitur
1981 1487 2056 1525 hoc
2082 1498 2230 1525 carmen
2256 1490 2293 1526 in
2321 1490 2497 1538 impressis

1448 1536 1724 1623 {xemplaribua
1770 1537 1966 1587 Quaedam
1999 1546 2125 1576 autem
2156 1539 2397 1589 manuscripta
2429 1541 2501 1585 lia-5

1478 1595 1563 1624 ent:

1505 1641 1552 1673 Et
1571 1651 1660 1689 quae
1679 1651 1746 1676 non
1764 1638 1882 1676 tuleris
1895 1666 1905 1684 ,
1931 1639 2046 1676 multa
2065 1639 2182 1676 videre
2202 1639 2308 1682 domi,

1454 1686 1502 1724 Et
1521 1687 1569 1726 fic
1589 1689 1747 1727 omnino
1771 1689 1821 1727 est
1839 1689 2049 1739 legendum.
2077 1698 2118 1728 ut
2137 1689 2178 1728 fit
2195 1691 2334 1730 sensus:
2355 1700 2497 1741 praeter

1454 1738 1558 1788 quod
1583 1740 1634 1778 adv
1655 1741 1829 1778 convivia
1849 1741 1991 1790 semper
2013 1741 2221 1779 invitaberis
2235 1770 2246 1786 ‚
2276 1743 2382 1780 dorni
2401 1756 2497 1793 quo-

1454 1801 1527 1838 que
1546 1799 1630 1828 tuae
1652 1803 1707 1829 res
1726 1791 1858 1829 crescet
1878 1805 1887 1829 :
1925 1803 2010 1829 nam
2032 1792 2184 1829 adulteri
2208 1793 2323 1832 inulta
2343 1806 2501 1834 munera·

1454 1842 1561 1878 uxori
1579 1849 1664 1880 tuae
1684 1842 1832 1880 dabunt.
1860 1849 1940 1879 Non
1959 1841 2080 1879 tuleris
2093 1871 2103 1886 ,
2120 1842 2277 1881 domum
2297 1851 2397 1882 tuam
2417 1857 2503 1885 non⁷

1454 1891 1625 1930 attuleris.
1662 1893 1780 1930 Videre
1802 1909 1812 1929 .·
1849 1892 1995 1931 subaudi
2023 1892 2044 1930 a
2071 1893 2336 1942 superioribus,
2360 1897 2503 1945 poteris..

1454 1942 1592 1987 Domi,
1629 1944 1762 1981 scilicet
1791 1951 1886 1981 tuae.
1916 1944 2096 1981 Manius.
2144 1944 2286 1981 Dederis
2304 1973 2316 1990 ,
2351 1947 2505 1986 codice*

1454 1993 1626 2031 meliores
1651 1994 1697 2032 ad
1724 2006 1838 2032 unum
1871 2005 2014 2032 omnes.
2041 2007 2108 2044 pro
2138 1994 2231 2032 domi
2258 1996 2502 2044 Barberinus,

1454 2042 1548 2081 dare.
1575 2044 1706 2083 Forte:

1500 2099 1568 2139 Et,
1596 2108 1683 2144 quae
1701 2108 1770 2134 non
1786 2094 1938 2142 dederis,
1965 2095 2081 2134 multa
2100 2095 2221 2134 videre.
2234 2096 2335 2137 dari..

1453 2145 1668 2184 HEiNSiUs.

1863 2294 1953 2359 V.

796 2478 888 2535 Ox
916 2488 1053 2531 erat:
1096 2477 1151 2531 δε
1175 2478 1388 2533 somnus
1415 2477 1563 2532 lassos
1593 2476 1823 2531 submisit
1849 2479 2064 2533 ocellos.

866 2550 1208 2605 Terruerunt
1234 2552 1469 2606 animum
1495 2550 1614 2605 talia
1637 2551 1741 2605 visa
1765 2568 1961 2606 meum.

415 2745 446 2773 1.
476 2742 555 2774 Nox
577 2749 670 2784 erat,
702 2751 746 2781 (ρ’
758 2740 901 2790 siminus
928 2739 1022 2790 laffiis
1041 2739 1219 2790 summtfit
1245 2740 1396 2792 ocella]

361 2785 526 2843 Elegiam
555 2790 648 2827 hanc
681 2791 752 2838 (ne
781 2793 860 2841 quis
888 2793 1059 2838 iniretur)
1090 2793 1126 2829 in
1153 2792 1260 2829 nullis
1280 2791 1399 2831 adhuc

360 2838 535 2884 impressis
554 2842 816 2889 exemplaribus
837 2843 949 2880 visam
966 2871 974 2886 ‚
989 2854 1056 2880 nos
1075 2854 1120 2880 ex
1141 2842 1398 2881 vetustissimo-

359 2899 442 2925 rum
472 2888 643 2926 codicum
683 2892 897 2929 auetoritate
932 2893 1138 2931 curavimus
1167 2894 1204 2930 in
1231 2892 1296 2931 suo
1325 2895 1399 2932 hoc

358 2938 446 2975 loco
476 2940 725 2987 reponendam
752 2955 760 2979 :
798 2954 868 2979 nec
898 2943 1016 2980 nostra
1048 2943 1279 2992 expositione
1306 2945 1400 2983 indi-

359 2999 468 3037 gnam
494 2989 753 3038 judicavimus.
793 2993 846 3029 Ut
873 2994 972 3029 enim
1004 3005 1079 3030 iion
1112 2993 1158 3030 sit*
1180 2995 1217 3031 in
1239 2995 1306 3032 hac
1325 2996 1400 3033 for-

360 3037 470 3083 tasse,
498 3051 592 3088 quae
622 3041 657 3078 in
688 3043 814 3078 ceteris
834 3070 844 3085 ,
872 3042 982 3079 limae
1009 3043 1186 3089 perfeetio
1211 3057 1219 3080 ι
1248 3044 1296 3080 fic
1322 3056 1401 3082 non

359 3089 606 3127 defraudanda
624 3092 768 3129 videtui·
790 3104 915 3129 carum
939 3093 1135 3129 consortio.
1156 3093 1402 3130 Pulcherrime

362 3141 461 3178 enim
492 3141 609 3178 Poeta
639 3142 698 3179 hic
726 3151 875 3185 narrat,
914 3142 947 3179 se
985 3154 1047 3190 per
1079 3143 1243 3190 quietem
1274 3143 1401 3181 vidisse

363 3191 649 3230 candidiffimam
674 3194 884 3242 juvencam·
907 3193 944 3230 in
974 3193 1187 3231 viridissimo
1214 3202 1317 3242 prato
1338 3207 1402 3244 pa—

360 3241 518 3279 scentem
535 3270 544 3287 ,
571 3243 731 3293 huicque
755 3244 933 3281 comitem
960 3252 1103 3281 taurum
1127 3257 1134 3281 :
1173 3256 1294 3295 eoque
1315 3246 1402 3283 dor-

362 3294 500 3333 miente
524 3321 536 3341 ‚
573 3296 760 3336 cornicem
785 3292 992 3343 advolasse,
1017 3306 1058 3336 ac
1082 3294 1196 3337 rostro
1212 3297 1401 3347 juvencae

2344 2601 2512 2683 Colle?

1457 2741 1564 2791 ipsius
1596 2740 1723 2790 peetus
1740 2737 1942 2786 incessisse,
1972 2741 2018 2779 ita
2049 2747 2091 2778 ut
2117 2750 2199 2778 eam
2221 2740 2348 2779 relieio
2366 2749 2498 2787 tauro,

1457 2794 1553 2830 abire
1572 2793 1616 2830 ad
1635 2794 1701 2830 alia
1719 2800 1908 2831 taurorum
1927 2800 2089 2830 armenta
2109 2793 2284 2841 coegerit.
2302 2793 2383 2830 Post
2403 2793 2497 2831 hanc

1456 2843 1588 2881 somnii
1616 2845 1864 2881 narrationem
1890 2844 2089 2891 interrogat
2124 2842 2355 2881 somniorum
2385 2844 2496 2881 inter-

1455 2904 1597 2942 pretem
1621 2921 1632 2938 ‚
1669 2893 1756 2943 quid
1782 2894 1874 2931 haec
1900 2893 1961 2930 sibi
1992 2893 2063 2931 visa
2091 2902 2296 2941 apportent.
2332 2904 2500 2942 euinque>

1454 2945 1596 2983 inducit
1619 2946 1666 2982 ita
1689 2943 1969 2992 respondentem
1994 2956 2011 2980 ε’
2038 2952 2182 2981 taurum
2205 2943 2401 2993 significare
2419 2944 2496 2981 Na*

1455 2995 1582 3032 sonem
1599 3009 1608 3032 ε
1625 2996 1827 3044 juvencam
1847 3002 1969 3031 autem
1986 3023 1995 3037 ‚
2014 2995 2089 3043 ejus
2113 2995 2267 3032 amicam
2283 3007 2290 3032 :
2309 2995 2495 3032 cornicem

1456 3044 1548 3081 vero
1562 3073 1570 3086 ‚
1588 3046 1710 3081 lenam
1727 3057 1734 3080 :
1754 3056 1848 3093 quae
1868 3044 2072 3093 garrulitate
2090 3045 2148 3083 sua
2166 3045 2306 3094 puellae
2327 3053 2493 3083 animum

1456 3103 1666 3141 pervertens
1680 3122 1689 3137 ,
1713 3095 1830 3132 futura
1854 3095 1894 3132 sit
1917 3095 2017 3133 causa
2033 3123 2043 3139 ‚
2065 3105 2105 3134 ut
2123 3096 2167 3133 ab
2184 3097 2302 3133 amica
2319 3095 2378 3133 sua
2398 3094 2493 3133 Naso

1457 3144 1646 3182 deseratur.
1677 3146 1855 3183 Mimos.
1892 3146 1976 3183 Imo
2004 3146 2125 3184 alieno
2145 3147 2232 3184 loco
2255 3147 2315 3184 hic
2336 3146 2495 3193 ponitur;

1456 3194 1521 3232 suo
1541 3204 1664 3233 autem
1686 3206 1765 3234 tuni
1787 3197 1900 3246 magis
1923 3206 2146 3246 poneretur,
2173 3196 2198 3234 si
2215 3199 2251 3234 in
2271 3197 2429 3245 primum
2450 3196 2496 3232 li-

1457 3246 1560 3284 brum
1581 3248 1850 3291 transferretur,
1877 3248 2184 3297 praecederetque
2210 3247 2269 3284 vel
2290 3247 2496 3300 sequeretur

1455 3296 1628 3338 octavam
1643 3326 1655 3347 ,
1680 3299 1782 3348 qu'us
1802 3299 1974 3346 initium,
2001 3298 2059 3347 Est
2079 3298 2250 3348 quaedam
2266 3323 2278 3344 ,
2305 3306 2512 3379 quscunqssl

2408 3356 2452 3380 'UO
