2553 3676
435 197 582 254 AD
654 192 1112 254 LIVIAM

1187 197 1885 264 AUGUSTAM,
2150 209 2245 278 803

389 288 824 359 'Diffimilemque
848 280 953 347 sui,
982 284 1135 338 vultu
1159 288 1450 361 profitente
1475 291 1748 346 dolorem:

468 361 583 416 Hei
606 360 763 423 mihi,
785 371 947 427 quam
974 367 1094 409 toto
1121 357 1288 412 luctus
1312 361 1368 414 in
1394 380 1488 418 ore
1508 365 1641 419 fuit?

394 434 490 489 Tu
512 449 690 488 tamen
716 440 962 482 extremo
989 429 1312 484 moriturum
1337 445 1582 507 ternpore
1608 437 1828 493 fratrem

288 526 356 582 90

464 503 683 562 Vidisti:
708 500 946 554 lacrimas
969 501 1106 555 vidit
1130 502 1186 556 &
1211 503 1296 557 ille
1322 517 1452 558 tuas,

391 577 684 647 ,Adfigique
707 573 807 627 suis
833 574 1074 629 moriens
1100 586 1190 629 tua
1213 576 1430 648 pe6³t0ra
1453 577 1606 633 sensit
1624 619 1640 643 ‚

459 647 533 702 Et
558 646 731 701 tenuit
755 647 906 701 vultu
929 648 1128 702 lumina
1160 649 1264 705 fixa
1291 664 1413 704 tuo:

385 721 645 779 LUmln33
687 718 1052 786 caeruleajarn
1074 720 1290 793 jamque
1315 724 1547 778 natantia
1570 735 1777 794 morte,

451 794 685 848 Lumina
701 835 717 860 ,
743 791 995 845 fraternas
1016 792 1123 862 jam
1148 794 1381 849 subitura
1403 814 1602 850 manus.

280 887 347 940 95
386 867 461 921 At
491 863 787 920 miseranda
811 881 1000 936 parens
1024 866 1267 937 suprema
1295 885 1471 940 neque
1497 870 1672 922 oscula
1694 870 1812 924 fixit
1828 909 1844 934 ,

464 937 676 1010 Frigida
701 954 801 990 nec
828 936 964 991 fovit
990 938 1229 993 membra
1255 953 1520 994 tremente
1545 940 1672 994 sinu.

390 1011 519 1067 Non
542 1011 772 1065 animam
796 1008 1038 1081 adposito
1062 1010 1361 1082 fugientem
1386 1014 1598 1085 excepit
1629 1013 1809 1077 hiatu3

461 1084 581 1139 Nec
609 1083 771 1136 traxit
798 1082 967 1136 caesas
994 1100 1090 1156 per
1116 1098 1205 1139 tua
1229 1085 1466 1140 membra
1492 1103 1687 1141 comas

144 1286 204 1323 91.
233 1268 849 1322 Adfigique.]Malim,Adfligique.
877 1271 963 1319 quia
984 1269 1062 1324 fixa
1082 1270 1137 1307 lu-

94 1327 194 1364 mina
214 1324 383 1373 sequitur.
420 1322 496 1360 vid.
514 1321 570 1359 ad.
589 1333 659 1358 xri.
681 1322 776 1357 Met.
800 1332 883 1368 139.
911 1320 1027 1368 pollet
1047 1323 1084 1358 ὃς
1099 1349 1110 1365 ,

143 1375 332 1424 Effingique
348 1373 417 1409 tuis
433 1373 578 1409 moriens
599 1382 661 1407 tua
675 1372 809 1420 pedi-‘ora
821 1370 937 1420 senfit.
966 1372 1112 1409 Hrms.

143 1438 204 1475 93.
230 1425 322 1470 Jam
341 1424 488 1474 jamque
507 1420 705 1469 natantia.]
723 1421 764 1458 In
775 1422 952 1470 prioribus
963 1421 1138 1460 editioni-

91 1477 180 1520 bus,
201 1477 282 1525 jam
298 1475 377 1523 jam
400 1473 588 1517 nutantia;
602 1472 662 1511 sed
681 1471 1061 1518 Pithoeus‚natantia
1080 1485 1138 1511 re-

86 1528 187 1567 scribi
204 1526 328 1576 juffit,
356 1526 394 1562 &
412 1524 596 1562 Bersman.

141 1591 202 1627 95.
228 1583 390 1627 Suprema
411 1588 518 1624 neque
535 1574 646 1624 oscula
655 1572 783 1624 fixit.]
810 1573 922 1623 Fregit
946 1574 1040 1612 duae
1059 1574 1137 1613 edi-

80 1629 211 1667 tiones
231 1640 276 1665 ex
295 1626 558 1665 vetustioribus.
584 1625 719 1671 Forte,
746 1624 838 1674 legit.
859 1634 899 1663 ut
924 1625 969 1663 de
983 1626 1140 1664 Hecuba

91 1680 187 1717 Met.
207 1691 294 1716 xrrr.
313 1690 398 1726 491.

143 1729 335 1780 Osculaque
353 1742 406 1765 ore
424 1727 525 1776 legit,
552 1726 777 1777 consuetaque
788 1727 922 1776 peo‘t‘ora
935 1726 1086 1776 plangit.

89 1780 149 1818 Sic
178 1781 278 1817 enim
311 1788 450 1817 veteres
475 1778 645 1816 nonnulli
665 1778 745 1815 libri
773 1785 959 1815 exaratum
980 1779 1053 1816 illic
1073 1790 1139 1816 ex-

88 1831 227 1868 hibent.
255 1830 404 1866 lambere
424 1828 535 1874 oscula
556 1828 647 1866 dixit
668 1829 797 1865 Statius
821 1828 1000 1876 Epicedio
1019 1829 1138 1867 Pileti.

90 1881 273 1930 &frigida
292 1880 440 1917 lambere
457 1879 566 1928 oscula
576 1880 614 1917 in
625 1878 805 1927 Epicedio
818 1879 1005 1916 Glauciae.
1016 1879 1139 1928 sump-

82 1931 132 1980 fit
150 1942 275 1970 tamen
297 1932 357 1969 hic
380 1929 498 1969 codex
519 1941 623 1968 unus.
650 1930 710 1967 alii
737 1937 807 1967 tres
822 1957 832 1973 ,
855 1929 945 1977 figit.
972 1942 1040 1974 an,
1061 1930 1138 1976 fin-

89 1982 170 2029 gite
197 1991 237 2020 ut
254 1984 348 2020 Met.
368 1994 421 2019 tv,
444 1993 522 2026 ¹41·
550 1981 595 2018 de
618 1980 785 2024 Thisbe,
808 1980 928 2029 gelidis
956 1980 995 2018 in
1022 1980 1135 2018 vulti-

88 2031 151 2068 bus
170 2032 281 2081 oscula
294 2032 438 2080 fingens.
464 2031 526 2069 sed
538 2030 642 2079 figere
658 2030 768 2078 ‹tscida
788 2030 973 2070 usitatum.
998 2031 1137 2069 necio-

91 2093 138 2120 co
168 2083 414 2121 movendum.
467 2082 677 2119 HEINSIUS.

2035 1159 2242 1234 Raptus

1245 1277 1333 1309 Sunt
1351 1272 1439 1310 mihi
1457 1271 1618 1323 pubentes
1637 1273 1709 1311 alto
1730 1275 1770 1311 de
1780 1273 1913 1323 semine
1922 1274 2055 1321 fratres
2067 1302 2079 1319 ,

1248 1323 1395 1371 Pignora
1420 1337 1501 1359 cara
1514 1325 1636 1369 Probi,
1655 1325 1746 1371 festa
1765 1338 1846 1374 quos
1863 1324 1937 1362 luce
1950 1334 2075 1362 creatos

1251 1373 1322 1422 Ipsa
1340 1387 1411 1410 meo
1425 1374 1508 1421 fovi
1526 1375 1668 1423 gremio,

1195 1435 1250 1461 vr.
1271 1424 1381 1462 Cons.
1402 1426 1552 1463 Honor.
1572 1429 1633 1476 65.

1248 1479 1358 1524 Teque
1376 1476 1496 1512 rudem
1515 1477 1612 1513 vitae
1633 1504 1644 1522 ,
1681 1476 1848 1527 quamvis
1872 1476 2072 1514 diademate
2094 1477 2244 1516 necdum

1244 1525 1432 1574 cingebare
1446 1540 1577 1572 comas,
1599 1527 1729 1576 fiicium
1743 1527 1905 1577 sumebat
1926 1529 2094 1565 honorum

1245 1581 1418 1626 Purpureo
1429 1579 1550 1624 fotum
1569 1579 1708 1627 gremio.

1195 1626 1408 1665 Nemefian.
1427 1628 1556 1678 Eclog.
1588 1641 1652 1668 111.
1704 1634 1751 1666 Et
1766 1629 1896 1678 gremio
1908 1630 2022 1676 fhvet.

1194 1678 1416 1716 Maxiinian.
1437 1679 1540 1729 Eleg.
1562 1692 1590 1716 1.

1246 1728 1410 1765 Membra
1424 1729 1512 1766 velis
1528 1730 1655 1779 gremio
1666 1730 1751 1780 feffa
1762 1732 1884 1776 fhvere
1903 1740 1972 1768 tuo.
2003 1731 2217 1770 Hmnsxu-s:

1193 1779 1298 1816 Fovit
1319 1781 1431 1818 etiam
1452 1781 1589 1819 Meurs.
1611 1781 1730 1829 Spicil.
1758 1782 1802 1819 ad
1824 1782 2019 1822 Theocrit.
2033 1794 2115 1831 pag.
2130 1794 2214 1830 135.

1243 1830 1304 1878 98.
1331 1837 1402 1867 Nec
1430 1832 1544 1868 traxit
1572 1845 1683 1868 caecas
1702 1841 1763 1880 per
1788 1842 1852 1868 tua
1884 1832 2040 1869 membra
2074 1844 2196 1880 comas.
2221 1830 2239 1881 ]

1193 1883 1305 1917 sectas
1325 1894 1436 1919 comas
1456 1883 1606 1931 corrige.
1633 1891 1745 1932 atque
1765 1882 1814 1920 ita
1831 1883 1933 1921 idem
1952 1882 2107 1933 Lipsius.
2144 1883 2244 1927 Ovi-2„

1194 1931 1272 1969 dius
1292 1932 1387 1971 Met.
1406 1945 1468 1970 111.
1492 1936 1576 1981 506.

1245 1983 1375 2019 Naides
1393 1995 1436 2023 ω’
1445 1985 1549 2032 fictos
1559 1982 1677 2031 fratri
1695 1982 1878 2034 imposuere
1898 1983 2045 2035 capillos.

1193 2032 1326 2071 Statius
1350 2034 1474 2072 Theb.
1498 2047 1570 2072 x11.
1597 2034 1682 2082 489.

1241 2083 1519 2134 Moesiarumque
1529 2085 1630 2134 super
1650 2083 1823 2122 libamina
1848 2086 1941 2134 sebia
1963 2098 2153 2125 comarum.

141 2135 201 2181 96.
232 2133 369 2181 Frigida
390 2145 449 2169 nec
466 2132 618 2182 mavia]
649 2132 814 2170 Fortaffis
833 2132 1032 2182 legendum
1049 2161 1059 2178 ‚
1075 2135 1133 2179 fo-
1189 2133 1244 2171 Ita
1264 2134 1396 2180 scribe,
1425 2148 1510 2174 cum
1532 2145 1635 2173 vetus
1665 2135 1754 2173 liber
1774 2136 2003 2185 Tiliobrigae
2015 2137 2113 2185 serta
2134 2137 2240 2183 exhiq

88 2183 167 2220 vit.-
204 2193 244 2222 ut
273 2184 315 2221 fit
343 2184 484 2226 sensus,
516 2189 587 2219 Nec
605 2183 729 2229 fovit,
763 2184 839 2220 hoc
868 2184 916 2221 est
943 2185 1132 2228 calefecit,
1188 2185 1282 2223 beat.
1309 2185 1414 2224 Idem
1442 2187 1574 2224 Statius
1589 2186 1649 2224 lib.
1670 2197 1724 2224 vx.
1748 2198 1830 2235 195.

87 2242 152 2272 aut
173 2235 346 2272 excitavit
363 2233 442 2271 slnu
459 2234 523 2271 suo
543 2233 709 2271 membra
729 2233 794 2271 filii
805 2234 885 2283 jam
906 2235 1133 2283 frigescentia

90 2294 223 2323 morte.
259 2286 483 2321 Mrcrttus.
520 2285 580 2321 Ne
608 2284 732 2322 dubita
746 2284 843 2329 fovit
870 2297 1050 2333 reponere
1074 2286 1135 2323 vel

88 2343 218 2373 contra
236 2336 357 2373 libros.
385 2335 489 2384 quod
511 2335 548 2372 ἃ
574 2335 701 2383 Lipfio
720 2336 758 2372 in
785 2335 987 2383 Epistolicis
1007 2338 1136 2384 Quae-

90 2384 265 2422 stionibus
291 2386 353 2421 lib.
382 2397 447 2422 111.
475 2396 553 2432 cap.
584 2396 617 2433 3.
645 2385 875 2433 probabatur.
902 2387 941 2424 δε
962 2387 1136 2425 Pithoeus

90 2436 268 2484 expreffit.
296 2434 465 2472 Tibullus
482 2434 574 2471 libro
596 2448 624 2471 1.
645 2435 746 2483 Eleg.
770 2447 859 2473 vnx.

141 2491 185 2522 Ut
193 2487 318 2532 foveat
338 2484 434 2521 molli
448 2483 581 2532 frigida
604 2484 760 2521 membra
770 2482 866 2533 finio.

88 2535 138 2579 Et
157 2537 254 2585 apud
274 2537 473 2572 Maronem
495 2536 590 2572 Aen.
615 2547 668 2572 1v.
689 2534 775 2572 686.
793 2534 839 2572 de
863 2535 996 2574 Anna:

142 2587 437 2635 semanimemque
447 2583 528 2634 sinu
543 2598 748 2633 germanam
769 2585 929 2635 amplexa
940 2586 1104 2634 fhvebat.

88 2635 241 2674 Phaedr.
258 2637 319 2674 lib.
339 2649 396 2674 1v.
417 2637 487 2673 fab.
515 2636 571 2673 18.

135 2686 229 2735 „Gelu
247 2687 410 2735 rigentem
430 2685 576 2738 quidam
597 2686 771 2724 colubram
785 2686 951 2736 fitflulit,

144 2738 295 2788 Sinuque
305 2738 415 2783 fhvit.

91 2787 248 2826 Stat.lib.
260 2800 286 2826 1.
300 2787 384 2825 Silv.
395 2800 439 2825 11.
455 2801 536 2837 109.

609 2839 741 2876 Tellure
767 2840 946 2879 cadentem

145 2887 290 2936 Excepi,
310 2888 454 2939 fimique
464 2887 558 2938 finit.

93 2939 202 2977 Sic&
220 2939 346 2987 gremio
357 2941 477 2984 jovere
493 2941 592 2979 idem
608 2941 691 2985 ,lib.
712 2953 758 2978 11.
784 2941 867 2978 Silv.
892 2954 923 2979 1.
947 2953 1028 2981 121.
1051 2946 1137 2979 Gre-

93 2991 162 3028 mio
177 2999 322 3039 puerum
345 2989 514 3038 complexa
519 2991 666 3036 fovebat
681 3019 691 3036 ‚
721 2993 758 3029 &
770 2992 893 3029 Theb.
914 3004 943 3030 1.
963 2993 1024 3030 60.

535 3041 570 3076 Si
588 3054 641 3077 me
659 3042 698 3079 de
718 3053 832 3080 matre
855 3043 1032 3081 cadentem

144 3089 272 3139 Fovisli
287 3088 423 3138 gremio.

94 3141 225 3190 Virgil.
248 3154 275 3178 1.
299 3143 394 3179 Aen.
414 3140 501 3189 692.

443 3198 568 3229 Fatum
584 3192 711 3241 gremio
732 3199 809 3232 Dea
833 3194 925 3235 tollit
944 3195 1090 3236 inssaltos

143 3241 274 3279 Idaliae
293 3242 395 3280 lucos.
1083 3246 1087 3247 ⁷

92 3291 283 3332 Claudian.
302 3293 412 3331 Cons.
433 3292 564 3343 Olybr.
594 3304 674 3341 142.

1240 2237 1435 2283 Caesariem
1446 2239 1542 2284 ferro
1559 2236 1690 2274 minuit
1703 2265 1714 2282 ‚
1732 2237 1900 2288 festisque
1919 2237 2068 2287 jacentis

1245 2286 1400 2324 obnubit
1423 2288 1541 2324 tenuia
1563 2301 1621 2325 ora
1640 2287 1753 2325 comis.

1191 2337 1370 2375 Martialis
1387 2338 1449 2376 lib.
1469 2351 1514 2376 11.
1536 2339 1604 2388 Ep.
1628 2351 1732 2376 vai.

1241 2395 1313 2425 Hoc
1321 2389 1465 2433 facinus
1485 2389 1610 2438 Lalage
1618 2388 1750 2438 speculo
1763 2417 1773 2433 ,
1795 2403 1860 2439 quo
1877 2389 2018 2426 viderat
2032 2417 2041 2432 ‚
2059 2389 2135 2426 ulta
2149 2390 2214 2437 est,

1295 2439 1486 2483 Caeditur,
1508 2451 1551 2479 (φ
1565 2441 1667 2488 ſsefflis
1685 2440 1754 2475 iffa
1782 2440 1921 2488 Plecusa
1940 2440 2053 2477 comis.

1194 2489 1253 2527 Sic
1270 2490 1443 2529 emendo.
1470 2495 1516 2526 Et
1538 2490 1656 2526 cecidit
1670 2489 1771 2538 settis
1792 2491 2016 2527 inconcinne
2038 2490 2111 2528 illic
2138 2501 2238 2528 nunc

1192 2540 1333 2588 legitur.
1384 2540 1565 2589 Propertii
1592 2541 1693 2578 enim
1721 2540 1781 2577 illa
1811 2540 1993 2589 cogitabat
2012 2568 2023 2586 ‚
2061 2540 2153 2579 libro
2184 2552 2242 2580 iv,

1192 2590 1296 2638 Eleg.
1316 2601 1387 2627 vir.

1244 2640 1414 2677 Caeditur
1434 2652 1477 2680 (γ’
1498 2641 1623 2689 Lalage
1642 2641 1742 2678 tortis
1752 2640 1912 2690 suspensa
1936 2641 2077 2691 capillis.

1194 2689 1256 2728 De
1275 2702 1351 2739 quo
1374 2703 1441 2729 nos
1462 2692 1556 2729 alibi.
1587 2692 1958 2730 Val.Flaccuslib.11.
1973 2705 2053 2739 141.

1246 2741 1338 2777 Huic
1356 2742 1419 2778 dea
1442 2756 1519 2779 cum
1537 2742 1699 2790 lacrymis
1718 2754 1762 2782 (φ’
1784 2752 1867 2778 nota
1887 2742 1975 2790 veste
1994 2746 2173 2787 Neaerae,

1246 2794 1341 2828 Sella
1356 2806 1459 2841 genas
1471 2809 1482 2829 .·
1520 2794 1664 2830 trinam
1688 2806 1756 2830 non
1773 2792 1828 2830 hic
1848 2792 1913 2830 tibi
1929 2793 2077 2830 nuncius
2095 2793 2189 2842 essem

1246 2848 1276 2878 O
1294 2842 1418 2891 soror!

1193 2892 1252 2930 Sic
1278 2894 1436 2942 corrigo.
1463 2894 1589 2942 Vulgo
1619 2906 1833 2943 perperam,
1863 2895 1936 2931 Ilia
1957 2907 2073 2943 genas.
2124 2892 2239 2932 Unde

1191 2944 1291 2980 Piola
1313 2944 1351 2981 δε
1371 2946 1468 2981 Ficta
1485 2939 1634 2982 faciunt.
1660 2945 1768 2994 Epist.
1787 2958 1822 2983 v.
1843 2955 1901 2990 72.

1245 2999 1290 3031 Et
1302 2995 1397 3043 ficui
1416 2995 1580 3032 madidas
1599 3009 1710 3044 ungue
1731 2997 1858 3044 rigente
1872 3008 1988 3044 genas.

1193 3045 1283 3083 Hoc
1299 3054 1424 3083 tamen
1442 3047 1530 3084 loco
1554 3046 1697 3084 fortafic²
1710 3047 1821 3095 caesas
1840 3059 1950 3083 comas
1967 3044 2037 3093 legi
2058 3042 2099 3081 fit
2109 3042 2214 3099 satius
2226 3072 2238 3088 ‚

1192 3105 1233 3134 ut
1262 3097 1456 3134 Mediceus
1481 3097 1572 3135 liber
1591 3098 1763 3146 agnoscit.
1792 3098 1999 3134 Hrmsxus.
2028 3094 2238 3132 Roverium

1193 3145 1348 3184 voluisse
1366 3159 1491 3191 canas,
1522 3148 1580 3184 vel
1599 3148 1728 3185 laceras
1741 3176 1751 3193 ,
1765 3155 1804 3184 ut
1822 3148 1937 3193 prima
1965 3144 2096 3193 syllaba
2117 3145 2156 3181 in
2185 3144 2240 3181 la-

1193 3209 1286 3233 ceras
1303 3197 1412 3235 fuerit
1432 3198 1606 3236 vetustate
1628 3199 1745 3235 deleta
1767 3225 1778 3241 ,
1815 3198 1853 3233 δε
1887 3208 1978 3231 ceras
2007 3194 2240 3242 remanserit,

1194 3246 1294 3284 unde
1312 3259 1426 3284 caecas
1446 3248 1579 3287 deinde
1600 3250 1777 3290 fecerint,
1813 3246 1958 3284 notavit
1980 3246 2017 3282 in
2042 3258 2105 3283 ora
2135 3246 2242 3285 codi-

1195 3297 1245 3336 cis
1271 3296 1323 3336 sui
1354 3297 1538 3338 Heinsius.
1583 3298 1643 3351 sed
1672 3297 1781 3352 caesas
1811 3296 1953 3336 rectum
1978 3295 2037 3338 est.
2064 3296 2242 3388 siccapudd

2157 3359 2201 3388 au
2229 3374 2241 3386 .

1649 3347 1762 3386 liiii
1789 3359 1809 3385 z
