2553 3676
740 119 2025 194 PRAEFATIO.

315 278 471 347 quae
489 248 825 319 necessaria
842 249 1212 316 videbantur
1235 304 1252 333 ,
1288 250 1370 316 ob
1389 254 1651 315 nimiam
1671 251 2250 320 commentatorum
2268 261 2446 347 copi-

318 372 447 429 am,
470 342 912 435 excerpsimus)
934 342 1216 408 Herculis
1237 343 1492 430 Ciosam',
1517 343 1797 408 Danielis
1821 355 1880 410 δε
1901 346 2148 418 Νὲεοῖαὲ
2165 346 2447 433 Ηεὲηβο-

313 465 487 521 rum,
542 458 746 504 notaS.
778 437 890 502 has
919 460 1069 500 vero
1099 441 1437 501 minimum
1468 440 1652 499 tertia
1680 457 1855 527 parte
1887 464 1961 504 ex
1993 444 2120 528 ejus
2154 460 2446 531 autogra-

313 532 448 623 pho
466 536 789 596 auetioreS.
844 534 914 594 In
937 529 1243 594 Ovidium
1262 529 1629 620 promiserat
1660 554 1907 622 quoque
1940 554 2120 597 notas
2141 556 2446 625 magnum

315 625 473 691 illud
518 622 864 688 nobilitatis
902 627 1170 687 Batavae
1213 623 1464 704 lumen,
1520 630 1581 688 &
1630 623 2012 690 eruditorum
2061 631 2350 717 princeps
2385 636 2447 691 δε

314 723 682 798 MaecenaS,
703 713 906 799 Janus
927 715 1151 780 Douza
1169 768 1187 796 ,
1223 720 1290 779 in
1307 720 1695 780 Centm·ion.-
1713 715 1820 782 lib.
1845 742 1884 782 1.
1930 741 2066 809 cap.
2090 726 2150 784 6.
2173 717 2275 784 sed
2290 741 2447 810 quae

315 832 663 901 numquam
695 808 1082 900 prodierunt.
1183 809 1492 873 Codicem
1522 830 1735 872 tamen
1768 815 1928 898 ejus,
1973 811 2062 875 'ad
2094 816 2262 899 cujus
2282 834 2448 880 mar-

317 909 535 994 ginem
553 902 859 994 quaedam
878 900 1214 981 adleverat,
1248 901 1472 966 deinde
1503 906 1568 965 in
1588 924 1805 966 manus
1825 902 2066 986 Heinfii
2084 956 2103 986 ,
2127 913 2186 969 &
2204 901 2451 970 Francii

318 1001 511 1063 etiam
547 990 889 1086 perveniffe
921 1000 1108 1058 notae
1144 992 1281 1058 satis
1314 995 1672 1062 declarant:
1731 1004 1790 1059 δε
1821 1020 2013 1087 quum
2059 1021 2199 1061 eum
2231 1020 2452 1088 perve-

315 1087 470 1155 niffe
529 1094 594 1153 in
641 1085 1106 1153 Bibliothecam
1166 1085 1685 1153 instructiffimam
1729 1093 1846 1152 viri
1895 1089 2275 1181 Ampliffimi
2334 1089 2454 1178 Jo-

317 1181 537 1247 hanm's
564 1181 636 1245 de
649 1180 810 1248 Witt
826 1234 845 1263 ,
899 1186 1210 1245 Senatoris
1232 1190 1290 1245 Sc
1307 1182 1538 1263 Judicis
1559 1177 2151 1246 Amstelodamenfis
2176 1188 2454 1275 integer-

318 1279 514 1356 rimi,
555 1279 658 1365 qui
692 1296 833 1337 raro
850 1272 1041 1338 hodie
1058 1276 1386 1364 exemp10,
1436 1279 1501 1339 in
1531 1274 1841 1365 dignitate
1872 1274 2202 1340 clariffima·
2224 1275 2455 1367 pofitus

318 1367 526 1431 Musas
561 1377 620 1432 δε
651 1366 1053 1430 humaniores
1088 1365 1443 1458 disciplinas
1463 1363 1909 1459 religiofiffime
1943 1369 2134 1449 colit,
2190 1393 2455 1460 compe·
2496 1362 2497 1365 ¹

317 1457 559 1540 riffem,
614 1458 796 1523 facile
832 1465 958 1548 ejus
991 1457 1162 1523 usum
1198 1482 1232 1523 a
1274 1459 1713 1549 benigniffimo
1746 1463 1884 1525 viro
1934 1465 2269 1553 impetravi
2305 1515 2322 1543 ,
2388 1481 2457 1527 ut

319 1552 600 1617 viderem
636 1551 676 1618 fi
711 1553 861 1641 quid
892 1553 1110 1642 reliqui
1145 1550 1430 1617 fecissent
1466 1557 1584 1629 viri
1615 1556 1835 1619 Doeth
1868 1564 1927 1618 δε
1948 1580 2090 1619 cum
2122 1553 2458 1644 neglexisse

318 1646 628 1737 quaedam
679 1643 998 1730 Heinfium
1050 1654 1109 1709 &
1156 1643 1480 1708 Francium
1527 1642 2105 1734 deprehendissem,
2169 1648 2277 1711 illa
2316 1647 2461 1712 inde

319 1761 571 1830 quoque
589 1735 758 1801 bona
777 1760 918 1801 cum
939 1740 997 1804 V
1013 1741 1084 1800 iri
1109 1736 1488 1826 Ampliffimi
1508 1742 1709 1824 gratia
1729 1736 2134 1828 transfer-ipsi,
2158 1760 2224 1803 ut
2243 1739 2461 1805 saltem

318 1830 443 1895 hac
471 1830 791 1919 gemmula
820 1834 1011 1892 etiam
1044 1827 1205 1892 haec
1237 1828 1431 1892 editio
1477 1827 1762 1917 fulgeret.
1863 1837 1949 1894 Ex
1985 1837 2460 1897 commentariis

321 1933 383 1988 &
420 1920 930 1987 adnotationibus
962 1926 1279 1985 variorum
1312 1927 1378 1985 in
1397 1919 1662 2011 lingulas
1698 1921 1922 1988 Ovidii
1953 1945 2155 2013 partes
2179 1920 2462 1989 &diver-

318 2014 361 2080 fi
390 2020 638 2107 generis
667 2021 990 2096 Po‘e'mata,
1012 2037 1278 2105 quorum
1300 2019 1643 2078 maximam
1680 2035 1924 2106 partem
1960 2015 2216 2082 exhibet
2267 2017 2461 2083 editio

320 2106 745 2176 Wecheliana
778 2114 951 2174 Ann.
989 2113 1113 2171 160
1133 2134 1152 2171 1
1180 2160 1197 2188 ,
1252 2107 1494 2197 partem
1521 2112 1711 2172 etiam
1733 2109 1886 2172 aliae
1905 2108 2242 2192 editiones,
2293 2110 2462 2175 dele-

322 2206 493 2265 &um
511 2199 724 2282 habui,
748 2210 806 2266 &
828 2205 893 2264 in
912 2195 1210 2289 Epistolas
1230 2200 1581 2265 Heroidum
1602 2199 1744 2265 dedi
1763 2199 1834 2288 J.
1860 2201 2044 2291 Bapt.
2078 2202 2335 2291 Egnati}
2352 2258 2368 2286 ,
2393 2209 2462 2270 in

321 2301 637 2359 Amorum
668 2293 859 2357 libros
890 2292 1139 2357 seleotas
1173 2318 1245 2357 ex
1278 2300 1738 2358 commentario
1772 2294 2082 2360 Dominici
2098 2295 2305 2361 Marii
2339 2295 2464 2362 Ni·-

314 2385 484 2474 grim'
519 2439 535 2467 ,
606 2391 671 2449 in
729 2387 1139 2450 Halieuticon
1187 2386 1445 2450 Conradt
1519 2386 1771 2466 Gefheri
1804 2441 1820 2468 ,
1875 2393 1938 2451 in
1974 2388 2465 2479 Metamorpho-

320 2477 469 2544 seon
490 2477 680 2542 libros
699 2500 1017 2569 excerptas
1037 2478 1370 2568 Raphaelis
1390 2479 1569 2566 Regii
1588 2533 1605 2561 ,
1630 2505 1768 2545 raro
1787 2480 2045 2546 Thomas>
2068 2480 2126 2546 F
2128 2482 2370 2564 amabi,
2397 2493 2458 2550 &

324 2568 594 2638 Pontani
609 2624 625 2652 ,
651 2572 877 2636 deinde
899 2566 1120 2658 Jacobi
1138 2571 1456 2657 Constantii
1472 2572 2042 2662 Phnenstsflenffici
2070 2574 2291 2639 Loritii
2307 2576 2459 2640 Gla-

325 2664 501 2729 ream‘
538 2685 736 2730 notas,
808 2671 923 2730 His
957 2665 1032 2728 ad
1064 2665 1304 2729 calcem
1335 2664 1478 2729 libri
1511 2664 1769 2750 Joanm's
1790 2666 2078 2731 Gulielmi
2108 2668 2459 2756 Capoferrei

326 2756 895 2823 animadversiones
911 2812 930 2840 ,
957 2763 1167 2848 paucis
1186 2756 1336 2822 visas
1358 2767 1417 2824 δε
1437 2779 1613 2823 notas
1633 2814 1649 2841 ,
1672 2761 1889 2850 adjeci.
1944 2765 2011 2824 In
2045 2758 2360 2825 Fastorum
2379 2761 2455 2826 li-

325 2849 450 2914 bris
484 2874 613 2914 non
644 2874 946 2942 magnam
976 2849 1302 2916 habuimus
1342 2857 1652 2917 rationem
1719 2851 1966 2918 Antonii
1997 2851 2316 2936 Constantii
2336 2852 2452 2920 Fce-

325 2947 551 3026 nenfis,
605 2953 666 3009 &
699 2944 878 3010 Pauli
911 2943 1121 3032 Mmfi
1135 2950 1747 3010 commentationum
1767 2999 1784 3028 ,
1821 2968 1967 3037 quas
1999 2968 2305 3036 nugarum
2323 2947 2450 3012 fere

328 3035 514 3100 titulo
533 3037 754 3101 eruditi
772 3036 964 3104 hodie
978 3037 1299 3103 traducere
1315 3036 1538 3120 solent,
1557 3039 1704 3104 licet
1720 3044 1781 3102 in
1803 3037 2119 3104 stercoreis
2138 3040 2259 3104 illis
2279 3063 2449 3108 acer-

325 3133 418 3195 vis
462 3126 574 3197 hic
623 3141 683 3197 &
725 3132 858 3198 illic
894 3136 1096 3199 micae
1127 3131 1434 3225 quaedam
1478 3154 1694 3201 aureae
1721 3130 2101 3218 scintillent,
2153 3131 2256 3199 sed
2283 3138 2448 3197 inte-

2264 3247 2446 3316 gram
