2553 3676
313 198 413 261 366

784 190 844 246 P.
919 185 1339 247 OVIDII
1409 184 1944 245 NASONIS

465 297 565 349 105
604 277 763 336 Haec
785 278 826 335 fi
851 277 1170 351 praestiteris
1186 317 1201 342 ,
1239 276 1334 332 usu
1359 274 1491 331 mihi
1516 276 1735 348 cognita
1760 277 1961 350 long03

685 352 805 408 Nec
833 351 1054 406 tulerint
1077 369 1240 407 voces
1264 362 1454 405 ventus
1482 350 1537 404 &
1563 368 1688 416 aura
1711 368 1888 414 meas;

614 426 783 497 Saepe
807 424 940 479 mihi
966 425 1112 480 dices
1134 425 1285 481 vivae
1308 423 1474 479 bene:
1516 423 1668 494 saepe
1692 425 1933 497 rogabiS,

684 498 761 552 Ut
784 517 903 553 mea
928 497 1211 553 defunclae
1235 497 1467 551 molliter
1496 494 1601 548 offa
1626 496 1839 553 cubent.

612 573 748 631 Vox
771 585 882 628 erat
908 572 965 626 in
989 573 1171 634 cursu,
1211 586 1339 624 cum
1364 585 1453 620 me
1479 585 1599 620 mea
1624 569 1868 639 prodidit
1894 573 2097 629 umbra.

468 664 565 701 110

678 647 758 700 At
783 645 990 701 nostrae
1015 647 1107 701 vix
1131 644 1183 698 se
1209 641 1530 697 continuere
1553 658 1769 706 manuS,

610 720 761 793 Quin
783 720 952 774 albam
976 734 1255 791 raramque
1281 732 1493 770 comam
1508 754 1522 778 ‚
1561 714 1942 792 lacrimosaque
1966 721 2096 776 vino

688 793 950 854 Lumina,
987 792 1201 864 rugosas
1226 787 1688 862 distraherentque
1714 806 1891 860 genaS.

613 867 689 921 Di
716 866 813 920 tibi
838 865 969 919 dent
994 866 1277 937 nullosque
1301 864 1462 925 lare8‚
1500 861 1832 935 inopemque
1856 864 2151 928 senefiam3

684 938 759 994 Et
784 940 967 1010 longas
991 939 1220 1003 liienie3‚
1258 949 1685 1010 perpetuamque
1711 935 1866 993 sitim.

313 1087 394 1118 arte
413 1086 601 1118 venenato
623 1079 848 1130 intelligere:
870 1080 975 1131 quod
994 1079 1108 1128 magis
1127 1076 1257 1126 placet.
1279 1076 1371 1116 Sunt

314 1139 445 1169 tamen
470 1132 508 1168 &
540 1131 648 1169 mella
674 1142 801 1170 natura
829 1140 1042 1170 venenata:
1087 1141 1249 1179 quorum
1269 1126 1371 1178 signa

308 1183 399 1232 sum
422 1183 487 1230 (ut
504 1182 621 1220 scribit
641 1183 732 1220 Plin.
751 1183 810 1220 lib.
833 1184 908 1231 21.)
932 1182 1024 1232 quod
1041 1181 1180 1219 omnino
1200 1193 1269 1217 non
1286 1181 1371 1217 den-

308 1233 465 1283 santur,
492 1234 583 1282 quod
611 1232 697 1270 color
727 1233 836 1282 magis
863 1235 993 1270 rutilus
1020 1233 1087 1280 est,
1116 1232 1196 1269 odor
1211 1231 1371 1278 alienus,

306 1284 592 1334 sternutamenta
613 1284 772 1333 protinus
810 1296 953 1322 movent
975 1313 986 1329 ,
1024 1284 1114 1334 quod
1139 1280 1372 1333 ponderosiora

314 1335 470 1372 innoxiis
483 1333 584 1383 sunt.
613 1336 672 1372 De
702 1337 776 1372 hoc
799 1336 898 1373 Naso
925 1336 1076 1373 inferius
1096 1334 1143 1372 fic
1163 1335 1232 1372 ait:
1265 1334 1373 1372 Melle

307 1385 377 1436 sub
396 1386 524 1433 infami
543 1384 675 1434 Corfica
689 1384 782 1435 mifit
800 1387 883 1436 apis.
900 1388 1081 1425 Mam-us.
1100 1386 1272 1424 Francius
1292 1398 1372 1423 ma-

313 1437 434 1481 lebat,
462 1436 636 1486 improba,
665 1438 723 1474 vel
747 1438 865 1476 noxia.

371 1500 453 1534 107.
479 1493 577 1537 Saepe
605 1488 696 1525 mihi
720 1488 831 1535 dices,
859 1489 968 1526 vivas
996 1487 1121 1538 bene]
1152 1488 1263 1525 Vivae
1291 1487 1372 1525 bene

315 1538 548 1582 Puteaneus‚
571 1540 610 1576 &
642 1538 663 1577 “a
694 1551 810 1579 manu
839 1540 959 1590 prima
982 1541 1225 1580 Sarravianus.
1259 1540 1371 1579 reete.

313 1588 426 1634 ,Tnst
449 1602 484 1627 v.
505 1589 561 1628 El.
583 1603 636 1627 rx.

366 1646 440 1677 Nec
460 1640 526 1678 tibi
544 1640 677 1691 ceffizret
695 1643 812 1681 doetus
829 1643 910 1681 bene
928 1644 1037 1682 dicere
1056 1643 1168 1681 tenor.

311 1690 386 1730 Pro
413 1692 558 1741 vulgata
589 1693 638 1731 est
667 1694 758 1733 illud
786 1696 825 1734 in
859 1695 975 1735 Catal.
1000 1696 1143 1735 Pithaei
1171 1707 1253 1746 pag.
1289 1706 1370 1746 134.

316 1743 403 1779 Vive
421 1742 501 1780 bene
518 1744 649 1782 viator.
677 1746 897 1785 annsxus..

371 1806 454 1843 109.
483 1801 563 1832 Nox
582 1806 658 1833 erat
679 1797 717 1834 in
739 1798 878 1849 cursu.]
911 1798 946 1836 Si
971 1804 1052 1836 Nox
1071 1797 1233 1847 legatur,
1262 1805 1302 1836 ut
1323 1797 1373 1835 est

313 1845 443 1895 paffim
472 1846 510 1884 in
541 1848 831 1897 exemplaribus,
858 1849 979 1888 nullus
1005 1851 1235 1888 conveniens
1256 1849 1373 1887 sensus

315 1896 400 1935 elici
423 1897 579 1946 poterit:
611 1901 770 1939 omnino
790 1902 923 1951 igitur,
953 1909 994 1939 ut
1013 1902 1052 1939 in
1076 1900 1245 1939 correcto
1268 1900 1373 1938 codi-

313 1960 359 1986 ce
380 1948 552 1997 scriptum
574 1950 622 1987 est
634 1966 646 1995 ;
670 1958 738 1989 Vox
754 1953 957 2003 legendum
977 1953 1142 1991 arbitror.
1171 1961 1212 1991 ut
1235 1952 1277 1990 fit
1293 1952 1374 1989 sen-

313 1999 384 2038 sus.
410 2000 545 2038 Adhuc
566 2000 787 2051 loquebatur
806 2005 959 2053 Dipsas3
992 2017 1077 2042 cum
1104 2005 1179 2041 mei
1210 2004 1374 2052 corporis

314 2050 446 2090 umbra
468 2064 530 2089 me
552 2053 745 2101 prodente,
763 2055 868 2093 sensit
888 2068 950 2094 mc
970 2056 1050 2104 post
1071 2056 1205 2093 bifores
1223 2052 1374 2092 latuiffe.

316 2102 499 2140 MAruus.
530 2109 599 2140 Vox
632 2105 823 2144 Maffeian.
854 2108 984 2155 placet.
1015 2109 1234 2145 emi-anus.
1271 2106 1375 2143 Male

312 2154 468 2202 »quidam
494 2154 581 2191 editi
608 2156 646 2192 ὅ(
666 2156 807 2205 scripti,
839 2164 918 2194 Nox
938 2170 1013 2194 erat
1035 2158 1073 2194 in
1095 2158 1204 2206 cursu.
1233 2156 1322 2193 Fast.
1339 2168 1377 2193 v.

317 2216 403 2253 245.
428 2208 498 2242 Vox
516 2217 590 2243 crat
609 2206 647 2242 in
669 2208 779 2257 eursu.
809 2208 884 2245 vid.
906 2208 1016 2255 Epist.
1038 2220 1073 2244 v.
1097 2219 1154 2243 21.
1181 2208 1219 2243 &
1241 2219 1291 2242 vr.
1318 2217 1376 2254 39.

320 2255 485 2294 Confusa
505 2269 596 2294 vero
616 2258 707 2296 haec
725 2259 904 2296 vocabula
918 2287 928 2299 .
957 2272 1024 2294 nox
1055 2259 1093 2296 ὃς
1122 2271 1193 2294 vox
1216 2257 1377 2296 vidimus

319 2306 368 2345 ad
386 2307 496 2355 Epist.
516 2321 578 2345 111.
604 2310 685 2347 116.
716 2308 979 2347 ssunMANNUS.

376 2370 458 2396 112.
489 2359 789 2412 Distraheremquc
804 2361 950 2411 genua]
980 2360 1289 2411 Distraherentque
1305 2359 1379 2398 Pu-

320 2419 474 2449 teaneus
499 2422 585 2448 cum
613 2411 690 2449 aliis
719 2412 950 2462 quibusdam.
979 2411 1025 2449 de
1044 2413 1212 2450 inanibus
1234 2412 1301 2449 suis
1322 2411 1380 2448 lo-

324 2463 462 2514 quitur.
493 2462 707 2501 Hermum.
752 2463 1034 2515 Destruemtmque
1064 2464 1249 2501 Mentelii.
1277 2462 1381 2512 quod

322 2513 481 2562 elegans,
495 2513 531 2551 &
545 2514 731 2559 omnibus,
742 2527 838 2564 quae
851 2515 1090 2564 praecedunt,
1101 2513 1382 2554 accommodari

322 2564 440 2614 potest
452 2580 462 2607 ;
483 2563 542 2602 sed
563 2565 836 2615 destruet-eatque
853 2567 1030 2617 legerem.
1048 2566 1125 2605 vid.
1147 2565 1193 2604 ad
1213 2565 1323 2616 Epist.
1345 2578 1380 2603 x.

325 2618 384 2661 46.
408 2616 445 2653 δί
471 2629 552 2653 120.
576 2617 842 2655 ssURMANNUS.

382 2679 463 2715 113.
499 2666 553 2704 Di
588 2668 652 2705 tibi
688 2671 771 2706 dent
811 2668 987 2718 nullosque
1020 2668 1120 2706 lares.
1139 2667 1155 2719 ]
1196 2669 1384 2720 Nudosque

326 2719 494 2766 quinque
519 2719 650 2768 scripti.
675 2722 886 2758 thamnus.
924 2720 1048 2757 Nullos
1069 2721 1176 2765 lares,
1207 2720 1310 2769 quod
1340 2733 1383 2757 o-

327 2780 433 2808 mnes
452 2778 534 2806 ante
550 2771 745 2812 Heinsiuin
766 2773 854 2811 editi
874 2780 1023 2810 tuentur
1036 2801 1044 2814 ‚
1061 2773 1098 2809 ὃς
1125 2773 1259 2821 optimi
1280 2770 1384 2809 codi-

329 2830 388 2857 ces
409 2820 542 2857 habent
555 2849 564 2863 ‚
594 2825 782 2862 revocavi.
810 2824 899 2862 nudi
918 2824 1018 2862 enim
1040 2823 1129 2860 lares
1148 2836 1192 2861 an
1207 2822 1312 2870 *recte
1329 2822 1385 2860 di-

329 2878 457 2907 cantur
488 2871 590 2908 valde
617 2873 759 2912 dubito.
787 2888 899 2914 voces
928 2888 1019 2914 vero
1043 2875 1127 2915 illae
1148 2875 1255 2914 facile
1278 2886 1385 2913 com-

332 2930 532 2962 mutantur.
561 2931 601 2962 ut
627 2937 657 2963 1.
677 2926 787 2965 Trist.
806 2939 840 2966 v.
863 2941 917 2967 12.

1478 1076 1547 1113 Sub
1567 1075 1669 1114 nulla
1684 1075 1832 1127 positum
1852 1091 1985 1118 cernere
2001 1079 2096 1131 poffit
2117 1078 2238 1118 humo.

1427 1136 1502 1175 Ubi
1533 1137 1713 1187 Scaliger,
1731 1139 1829 1176 nuda
1869 1141 1943 1178 vid.
1970 1143 2009 1178 ὃς
2033 1141 2077 1179 ad
2100 1139 2282 1189 Quinctil.
2303 1140 2409 1180 Deci.
2429 1154 2483 1183 vr.

1430 1201 1486 1226 12.
1507 1190 1545 1226 ὃ(
1567 1202 1718 1228 cccxxx.
1740 1190 1800 1227 sed
1821 1201 2007 1239 praeterea
2028 1193 2064 1230 in
2086 1193 2141 1230 his
2160 1194 2482 1242 imprecationibus

1426 1239 1604 1278 sollemne
1625 1242 1672 1279 est
1686 1271 1697 1286 ‚
1727 1244 1932 1290 paupertati
1957 1244 2115 1293 jungere
2137 1243 2301 1282 exsilium
2325 1247 2363 1283 &
2384 1257 2483 1284 erro·
2542 1274 2543 1278 ,

1427 1303 1504 1329 rem
1522 1320 1532 1337 ‚
1561 1293 1687 1341 fugam
1711 1321 1722 1338 ,
1762 1293 1918 1331 incertas
1945 1295 2068 1341 sedes,
2089 1296 2127 1333 &
2154 1294 2304 1334 fimilia:
2333 1296 2370 1334 id
2394 1309 2483 1336 vero

1426 1343 1528 1381 idem
1550 1344 1598 1381 est
1617 1353 1728 1393 atque
1755 1345 1817 1382 hic
1845 1344 1938 1382 nulli
1965 1345 2054 1384 lares
2075 1361 2088 1390 ;
2125 1346 2208 1385 alias
2227 1348 2288 1386 hic
2310 1348 2362 1387 bis
2384 1347 2483 1387 idem
2524 1365 2538 1387 ι.

1427 1394 1578 1432 diceret.
1606 1395 1717 1444 Epist.
1739 1408 1792 1434 vr.
1818 1397 1900 1434 162.

1478 1463 1581 1496 Erret
1601 1458 1695 1509 ineps
1709 1487 1719 1505 ,
1747 1459 1880 1510 exspes,
1910 1460 2009 1498 caede
2027 1471 2172 1498 cruenta
2184 1463 2267 1512 sua.

1427 1516 1538 1567 Epist.
1561 1532 1641 1558 xrv.
1666 1535 1678 1559 1
1693 1533 1748 1569 14.

1478 1584 1571 1617 Cum
1584 1581 1665 1630 fi’ne
1680 1596 1740 1619 nos
1760 1582 1851 1633 inopi
1868 1583 1975 1621 turba
1992 1597 2169 1634 vagamur
2187 1585 2295 1636 inops.

1428 1637 1564 1675 Horat.
1585 1652 1630 1677 11.
1650 1640 1763 1689 Epist.
1787 1653 1833 1679 11.
1854 1655 1914 1690 50.

1479 1688 1608 1739 Decifis
1624 1689 1796 1728 humilem
1810 1694 1935 1741 pennis
1948 1721 1959 1739 ‚
1986 1694 2186 1745 inopemque
2199 1698 2341 1747 paterni

1479 1746 1528 1777 Et
1550 1741 1637 1778 laris
1653 1754 1696 1782 ω’
1707 1742 1822 1790 fundi
1834 1772 1845 1789 ,
1867 1753 2053 1796 paupertas
2074 1747 2215 1798 impulit
2231 1750 2366 1788 audax.

1428 1792 1562 1843 virgil.
1582 1793 1682 1831 Ceiri
1710 1805 1795 1845 331.
2518 1822 2527 1854 ς,

1481 1850 1605 1895 Atque
1630 1844 1765 1895 aliquos
1784 1855 1904 1884 tamen
1933 1847 1990 1897 effie
2010 1847 2098 1885 velis
2120 1849 2209 1895 tibi,
2237 1850 2408 1898 alumna,
2427 1860 2487 1903 pe—v
2520 1859 2546 1904 mg

1612 1906 1723 1934 nates.

1430 1944 1560 1983 Salust.
1587 1945 1694 1984 Catil.
1725 1959 1785 1985 20.
1815 1947 1894 1984 Illos
1923 1948 2048 1995 binas,
2076 1960 2140 1987 aut
2168 1951 2345 2002 amplius,
2373 1953 2487 1994 domos
2518 1969 2552 1993 »ux

1431 1995 1654 2042 continuare,
1685 1997 1780 2034 nohis
1804 1998 1915 2036 larem
1925 2001 2150 2047 familiarem
2177 2004 2350 2053 nusquam
2370 2005 2486 2044 ullum
2517 2006 2553 2046 :nl

1430 2047 1498 2098 effe.
1529 2048 1658 2086 Senec.
1677 2050 1782 2087 Med.
1802 2063 1863 2087 20.
1882 2057 1947 2087 Per
1963 2051 2061 2088 urbes
2077 2062 2165 2088 erret
2185 2053 2319 2101 ignotas
2333 2084 2343 2099 ‚
2370 2070 2487 2105 egens,
2524 2071 2553 2095 in

1432 2099 1551 2146 exsul,
1577 2108 1711 2148 pavens
1730 2129 1739 2144 ‚
1769 2101 1906 2150 invisus
1923 2131 1932 2145 ‚
1961 2102 2085 2139 incerti
2106 2103 2202 2141 laris.
2230 2105 2333 2143 Curt.
2361 2119 2398 2146 v,
2429 2120 2486 2148 12.
2525 2122 2531 2145 ι

1433 2151 1511 2187 Sine
1531 2151 1690 2200 pignore,
1709 2151 1785 2201 fine
1806 2152 1902 2197 lare,
1927 2163 2104 2190 terrarum
2131 2154 2220 2191 orbis
2249 2157 2409 2205 exsulem.
2438 2158 2486 2198 fic
2548 2186 2553 2195 .

1434 2210 1562 2239 contra
1580 2213 1690 2239 certus
1714 2206 1751 2240 δε
1779 2204 1932 2253 proprius
1950 2203 2007 2240 lar
2026 2206 2063 2242 in
2086 2206 2196 2244 fausta
2216 2210 2488 2256 apprecatione.
2514 2222 2553 2249 ’,ω

1434 2253 1562 2290 Senec.
1588 2253 1695 2291 Med.
1715 2254 1800 2299 478.
2055 2263 2058 2266 ’

1487 2310 1552 2340 Per
1562 2303 1636 2354 spes
1655 2315 1795 2342 tuorum
1813 2304 1962 2343 liberum
1973 2334 1984 2352 ‚
2013 2318 2058 2347 <9⁴
2079 2318 2210 2345 certum
2228 2307 2352 2351 larem.

1435 2355 1571 2393 Horat.
1592 2369 1636 2393 11.
1659 2356 1731 2393 Sat.
1752 2369 1806 2394 vr.
1827 2358 1885 2394 66.

1489 2412 1589 2443 Anfe
1607 2406 1717 2444 larem
1732 2408 1909 2458 proprium
1931 2407 2057 2457 vescor.

1437 2459 1528 2496 Non
1559 2458 1654 2496 male
1681 2459 1791 2496 etiam
1817 2460 1953 2509 Regius
1976 2461 2155 2509 explicat,
2185 2469 2226 2499 ut
2246 2464 2360 2504 nullas
2383 2467 2486 2507 aedes
2546 2482 2551 2502 ν

1437 2510 1568 2548 habeat
1587 2539 1598 2555 ‚
1643 2510 1703 2548 sed
1741 2511 1780 2548 in
1817 2512 2016 2559 porticibus
2056 2512 2096 2549 δε
2133 2515 2333 2563 angiportis
2367 2519 2484 2559 cibum
2547 2530 2552 2554 ὲ

1440 2561 1639 2599 mendicet.
1668 2562 1936 2600 BURMANNUS.
2484 2590 2486 2594 ·

1494 2626 1573 2659 114.
1602 2617 1650 2649 Et
1681 2613 1845 2664 langiu]
1885 2621 1952 2650 Per
1980 2614 2216 2653 Farnefianus
2240 2630 2247 2653 :
2287 2627 2400 2667 puto,
2419 2624 2485 2670 ser.

1438 2666 1651 2703 Heinsms.
1688 2666 1885 2702 Continuas
1915 2664 2050 2713 hyemes
2075 2666 2193 2703 codex
2226 2668 2394 2710 Douzae.
2429 2673 2509 2711 sed¹
2552 2697 2553 2702 =

1437 2717 1527 2756 illud
1542 2727 1602 2766 per
1620 2716 1764 2765 elegans
1784 2717 1875 2754 mihi
1893 2716 2278 2760 videtur,uterrorem
2291 2723 2485 2774 perlongas
2529 2735 2537 2762 ι

1437 2770 1616 2818 hyemes,
1644 2768 1777 2818 quibus
1807 2767 2109 2806 intolerabiliores
2137 2768 2239 2815 sunt,
2273 2774 2310 2810 ὃς
2336 2774 2484 2825 inopem

1438 2820 1622 2858 senectam
1655 2832 1719 2868 per
1747 2828 1960 2868 perpetuam
2001 2818 2095 2856 sitim
2123 2820 2347 2869 imprecetur
2368 2855 2378 2871 ,
2412 2838 2486 2877 quo
2505 2840 2507 2848 ⁴
2527 2824 2552 2879 q,

1440 2873 1526 2910 anui
1549 2871 1760 2909 multibibae
1783 2870 1923 2907 nullum
1945 2872 2091 2919 gravius
2116 2879 2350 2915 tormentum
2378 2889 2486 2917 exco-
2524 2883 2553 2936 q

1440 2924 1545 2974 gitari
1565 2922 1684 2974 poffit.
1708 2921 1970 2960 Buxmannus.
2548 2962 2550 2966 y

2249 3311 2489 3370 ELE-
