2553 3676
637 171 1164 243 AMORUM
1236 179 1414 232 12113.
1485 177 1522 233 I.
1602 199 1651 249 9.

2077 203 2110 249 3
2122 189 2184 254 69

240 300 302 352 15
342 279 502 353 QuiS‚
535 276 628 331 nifi
651 275 733 329 vel
755 269 933 331 miles,
968 264 1054 320 Vel
1079 280 1283 345 ama-ns,
1319 267 1376 317 ἅε
1401 265 1599 337 frigora
1625 267 1821 335 110ὲῖ13,

419 350 492 404 Et
521 345 684 409 denso
709 343 899 396 mixtas
924 337 1161 410 perferet
1186 336 1358 390 1mbre
1384 338 1562 392 nives?

345 421 586 478 Mittitur
612 413 825 469 infestos
850 412 982 465 alter
1007 408 1302 481 speculator
1327 409 1383 462 in
1405 409 1604 466 hostes:

413 492 471 544 In
493 489 652 543 rivale
675 486 860 540 oculos
885 485 1043 546 alter,
1079 493 1139 535 ut
1164 479 1340 543 hoste,
1378 494 1542 534 tenet.

341 565 428 619 Ille
454 577 634 631 graves
658 559 837 620 urbeS‚
872 558 958 611 hic
985 556 1148 609 durae
1171 553 1334 606 limen
1359 555 1558 608 amicae

233 658 303 693 20

17 860 19 867 ¹
55 844 129 884 Ubi
145 835 419 885 MSS.plurimi‚
432 833 590 883 conjeeza.
612 829 708 879 apud
726 827 971 867 Claudianum
991 838 1087 877 quo-

55 906 124 946 que
145 889 271 930 eadem
288 885 481 924 diversit-as.
508 896 538 920 1.
557 883 666 930 Rapt.
683 893 716 927 4.

106 958 204 990 Mens
233 945 375 995 congesta
397 944 511 995 jubet.

54 1015 126 1054 Ubi
149 1011 295 1062 quidam
318 1036 329 1053 ‚
365 1008 511 1057 conjeffa
534 1033 544 1051 ‚
580 1004 639 1042 alii
662 1030 673 1049 ,
710 1001 870 1051 concussa.
903 1002 941 1039 &
972 999 1083 1038 Cons.

18 1100 20 1107 .
54 1064 177 1114 Olybr.
202 1061 281 1099 106.

18 1127 19 1131 ’
99 1124 321 1173 claustraque
338 1121 489 1171 congestis
502 1118 645 1170 scopulis
664 1116 840 1165 durissima
860 1117 1020 1154 tendunt.

18 1191 20 1226 ἰ
51 1191 102 1230 Ita
121 1189 158 1226 in
174 1185 304 1224 ultima
326 1183 488 1221 editione
509 1180 651 1219 Heinfii
667 1208 677 1224 ,
705 1179 765 1216 sed
786 1180 822 1216 in
843 1179 984 1226 priore,
1009 1191 1086 1213 cen-

16 1238 21 1279 l
45 1239 148 1292 jebtis.
173 1234 464 1290 apudNostr-um
485 1242 636 1287 quoque
656 1230 755 1267 idem
781 1225 958 1265 admisisse
977 1227 1082 1265 libra-

16 1283 21 1342 ξ
46 1292 118 1329 rios
134 1288 323 1337 aliquoties
342 1282 592 1321 animadverti.
621 1288 661 1317 ut
685 1293 714 1317 1.
737 1280 895 1316 Metam.
916 1291 955 1326 15
964 1289 997 1327 3.

96 1349 252 1399 Altaque
270 1344 425 1395 congestos
433 1341 591 1393 struxiffit
610 1341 658 1379 ad
668 1340 786 1392 fidera
806 1348 949 1379 montes.

50 1424 120 1464 yn.
151 1412 231 1449 160.

501 1469 728 1520 Congestaque
738 1464 895 1518 flammei

94 1531 188 1565 Tura
214 1523 409 1576 liquefiunt.

0 1591 21 1626 ¹l
49 1588 93 1627 In
120 1597 278 1638 utroque
303 1588 391 1625 1060
423 1585 568 1623 codices
594 1585 686 1627 alii,
723 1584 880 1630 conjeeta.
918 1583 1085 1628 confertas

0 1656 21 1688 ἰ
45 1639 107 1678 hic
124 1640 233 1676 habet
254 1638 433 1675 Palatinus
454 1647 559 1673 unus.
584 1634 646 1671 sed
666 1633 827 1681 congestas
847 1632 993 1668 mallem
1008 1659 1017 1674 ,
1047 1631 1084 1668 id

4 1689 21 1726 2¹
47 1690 97 1726 est
119 1689 240 1726 densas
254 1717 264 1733 ,
285 1687 495 1734 constipatas
509 1713 518 1729 ,
539 1685 623 1722 altas
637 1712 646 1726 ‚
673 1685 711 1720 in
732 1683 860 1731 quibus
881 1680 1084 1718 exterendis

3 1753 9 1774 ,·
49 1740 230 1777 maximus
260 1738 372 1775 labor.
399 1735 446 1773 fic
475 1747 564 1772 mox
592 1734 646 1777 JZ's.
670 1734 724 1771 16.
744 1734 781 1769 in
799 1733 912 1769 altero
935 1732 1085 1768 Mente-

2 1818 4 1822 *
45 1790 146 1828 liano
173 1795 248 1825 erat
270 1815 280 1831 ‚
317 1792 363 1822 Et
394 1786 512 1834 densas
539 1785 649 1821 mixto
671 1784 814 1832 perferet
840 1781 948 1818 imbre
975 1782 1085 1819 nives.

1 1851 8 1874 1
48 1839 96 1878 fic
117 1836 277 1886 congestae
306 1845 433 1872 matres
461 1834 557 1882 apud
583 1834 668 1870 Stat.
689 1846 750 1869 111.
775 1845 830 1881 53.
858 1844 952 1880 quae
973 1831 1084 1869 denso

2 1906 23 1947 1,
49 1889 191 1939 agmine
220 1889 257 1925 &
280 1887 485 1936 frequentes
506 1892 617 1921 erant.
646 1883 910 1919 BURMANNUS.

102 1951 156 1988 13.
183 1936 392 1986 Pressuras]
424 1936 595 1972 Omnino
619 1933 785 1982 preffurus
807 1932 1004 1981 legendum
1025 1932 1084 1970 est.

19 1950 23 2038 1
49 1989 149 2028 idest
170 1990 398 2036 navigaturus
421 1985 562 2035 puellae
591 1983 717 2021 caussa.
744 1983 924 2020 Misimus,
952 1983 1081 2033 Preffu-

21 2074 23 2078 .
47 2053 105 2077 ras
121 2041 198 2088 quis
218 2039 366 2085 legerit,
393 2045 454 2073 aut
472 2037 551 2084 quis
573 2034 690 2072 codex
712 2034 914 2071 exhibuerit
935 2034 1080 2078 nescio,

21 2112 23 2121 ι
50 2089 157 2128 credo
176 2087 274 2126 fuisse
289 2087 462 2137 pressuras,
474 2095 513 2123 ut
530 2085 575 2123 ad
593 2089 699 2120 Euros
719 2085 903 2121 referatur.
923 2095 969 2120 an
987 2090 1081 2120 ‘vero

21 2147 24 2168 2
45 2150 192 2190 premere
211 2140 308 2185 freta
335 2149 401 2186 pro
433 2137 603 2185 navigare
626 2163 636 2179 ‚
671 2146 787 2183 aeque
814 2134 911 2171 reete
942 2133 1082 2172 dicatur

18 2172 25 2226 i
48 2199 157 2239 atque
182 2189 338 2225 tellurem
360 2197 508 2237 premere
535 2199 579 2223 11.
610 2187 739 2222 Amor.
761 2197 811 2220 ix.
831 2196 889 2233 31.
918 2185 956 2221 &
976 2184 1082 2233 Alpes

22 2240 212 2289 ffremere,
238 2247 277 2276 ut
298 2251 342 2275 11.
370 2247 448 2274 xvx.
476 2249 530 2282 19.
558 2238 596 2273 &
621 2235 721 2271 viam
750 2235 877 2272 Claud.
899 2234 973 2271 Bel.
995 2236 1080 2273 Get.

22 2290 26 2343 ξ
54 2302 134 2340 341.
160 2290 221 2327 ubi
246 2289 318 2326 vid.
347 2287 470 2325 Heins.
502 2287 641 2324 dubitO.
668 2287 707 2323 in
737 2297 814 2323 uno
843 2286 983 2322 Moreti
1007 2294 1081 2324 erat

0 2362 2 2367 ·
23 2347 26 2387 1
46 2340 201 2390 pulsurus
215 2367 224 2384 ,
251 2338 353 2389 quod
380 2338 424 2376 de
445 2339 553 2375 remis
579 2336 676 2375 reete
696 2335 766 2374 dici
786 2345 918 2374 notum
939 2335 1010 2379 est;
1040 2338 1079 2374 ὃς

23 2395 26 2430 l
50 2395 101 2438 τῷ
125 2391 296 2427 verrendis
321 2398 403 2438 apte
424 2389 502 2426 satis
526 2387 771 2436 responderet.
798 2387 968 2424 Francius
990 2398 1081 2424 con-

24 2451 25 2457 *
48 2441 180 2490 jecerat
203 2469 212 2486 ‚
241 2440 388 2489 fissurus.
415 2451 486 2487 ego
510 2439 656 2476 mallem
672 2466 682 2482 ‚
710 2437 736 2474 fi
752 2437 841 2486 quid
861 2436 1079 2475 novandum

23 2488 27 2545 l
51 2490 191 2529 videtur
213 2519 224 2536 ‚
253 2489 408 2540 paffurus
426 2517 436 2533 ,
471 2489 573 2538 quod
598 2488 714 2537 ipsum
743 2487 894 2524 verbum
925 2487 1081 2534 pericula

26 2556 27 2595 3
55 2542 93 2579 ὅ(
109 2541 354 2580 difficultatem
372 2538 614 2589 navigationis
640 2538 823 2587 exprimit.
844 2538 966 2577 Valer.
985 2538 1081 2576 Flac.

56 2603 126 2630 vu.
194 2603 229 2630 0.

100 2604 193 2680 :ruffi
207 2643 279 2688 ait,
309 2642 512 2692 Aefhnidem
531 2641 725 2692 quidquam
744 2650 776 2678 te
792 2639 880 2677 velle
898 2638 1016 2678 reliffa

100 2694 238 2735 Credis,
267 2705 309 2732 63*
326 2694 399 2729 ulla
414 2693 490 2743 pati
503 2691 577 2742 fine
598 2702 630 2729 te
650 2692 734 2730 loca.

28 2750 29 2787 ἶ
55 2742 140 2781 Stat.
161 2756 204 2781 11.
222 2744 343 2781 Theb.
363 2746 447 2791 296.

140 2843 147 2849 .
323 2799 394 2831 Ceu
415 2808 609 2845 numquam
628 2793 743 2843 Scyria
759 2792 869 2843 paffus

105 2848 234 2879 Litora.

29 2931 31 2936 ,
56 2893 124 2931 Sed
155 2894 294 2942 optime
319 2894 391 2931 huc
424 2895 508 2933 facit
542 2896 646 2933 locus
673 2895 810 2933 Valerii
836 2893 955 2932 Flacci
978 2921 990 2938 ,
1024 2892 1083 2931 sed

30 2991 31 2994 Ἴ
57 2943 163 2982 foede
184 2951 369 2990 corruptus
387 2945 446 2980 lib.
466 2957 502 2982 v.
527 2958 609 2993 197.

29 3027 32 3041 .
107 3000 167 3030 Tot
177 2995 272 3048 freta
288 3021 297 3035 ‚
324 3002 373 3028 tot
393 2993 475 3029 dure
492 2995 705 3044 properantia
721 2993 833 3044 fidera
848 2992 946 3046 paffls

109 3043 234 3080 Phrixe
247 3044 347 3088 save.
576 3066 581 3072 ·

410 631 659 690 Obfidet:
700 632 786 686 hic
813 643 991 704 portas
1017 625 1240 697 frangit,
1279 637 1332 680 at
1353 626 1439 683 ille
1463 627 1620 682 fores.

2013 702 2180 775 Saepe

1142 822 1209 862 Tu
1240 824 1372 863 PhrIxe
1390 851 1402 869 ‚
1437 825 1501 874 qui
1532 831 1617 862 ante
1647 834 1715 862 nos
1737 824 1814 861 hoc
1842 823 1909 860 iter
1936 824 2099 861 emensus
2121 836 2180 869 es,

1141 886 1255 923 quem
1281 887 1352 924 ego
1381 876 1515 912 ducem
1543 875 1698 923 sequor,
1726 875 1821 912 fave.
1849 875 1887 911 &
1911 874 1959 910 ita
1980 874 2056 922 pati
2077 874 2180 922 saepe

1141 926 1187 963 de
1205 926 1453 974 navigatione.
1473 933 1514 962 ut
1534 924 1633 961 idem
1655 925 1738 962 Val.
1754 925 1846 962 libro
1867 923 2003 961 eodem
2024 936 2058 961 v.
2078 935 2158 972 544.

1459 980 1506 1011 Et
1527 989 1584 1011 ceu
1602 974 1693 1011 nihil
1708 987 1850 1025 aequore
1865 972 1965 1023 paffi's

1191 1026 1352 1064 Additus
1369 1025 1427 1073 iste
1447 1025 1528 1062 dies.

1142 1076 1256 1114 Ovid.
1276 1090 1344 1115 xn.
1365 1078 1522 1114 Metam.
1547 1076 1605 1125 38.

1191 1127 1379 1178 Multaque
1390 1127 1549 1178 perpessae
1570 1126 1722 1176 Phrygia
1739 1126 1922 1177 potiuntur
1940 1138 2061 1163 arena.

1140 1177 1188 1215 Et
1208 1178 1256 1214 ita
1279 1190 1368 1215 mox
1390 1178 1583 1227 subjungit,
1592 1180 1735 1227 perferre
1756 1178 1865 1214 nives.
1888 1189 1982 1226 quae
2004 1176 2079 1214 duo
2100 1180 2183 1215 verss

1137 1228 1180 1264 ba
1198 1228 1270 1275 pati
1294 1230 1331 1265 ὃς
1348 1229 1497 1278 perfhrre
1523 1228 1626 1277 saepe
1651 1228 1780 1277 juncia
1806 1227 1973 1276 legimus.
1992 1227 2127 1266 Horat.
2150 1239 2183 1277 1.¹

1137 1278 1247 1327 Epist.
1269 1291 1330 1315 xv.
1354 1290 1409 1325 17.

1188 1335 1279 1365 Rure
1297 1342 1366 1365 meo
1376 1328 1502 1378 poffum
1522 1329 1665 1379 quidvis
1677 1330 1822 1379 perferre
1834 1328 1991 1379 patique.

1137 1378 1293 1416 Terent.
1317 1379 1416 1416 And.
1441 1392 1470 1416 1.
1492 1392 1521 1417 1.
1544 1391 1602 1428 35.
1629 1379 1682 1415 Sic
1711 1379 1790 1415 vita
1818 1388 1917 1423 erat,
1936 1378 2046 1424 facile
2066 1388 2184 1416 omnes

1132 1431 1278 1478 perferre
1296 1442 1336 1465 ac
1348 1429 1434 1478 pati.
1456 1429 1504 1467 fic
1521 1431 1668 1480 patiens.
1687 1429 1760 1467 vid.
1782 1429 1826 1467 ad
1844 1441 1897 1467 1v.
1919 1429 2078 1466 Metam.
2095 1430 2183 1468 260.

1137 1480 1406 1517 BURMANNUS.

1191 1542 1248 1579 13.
1275 1531 1435 1567 Tumidos
1450 1531 1660 1582 cauffabitur
1681 1529 1826 1580 Euros.]
1857 1529 2025 1566 Tumidas
2052 1529 2186 1579 caussa-3

1138 1578 1234 1616 bitur
1254 1581 1366 1618 undas
1388 1589 1457 1619 tres
1475 1582 1567 1620 libri.

1193 1643 1247 1675 14.
1275 1636 1439 1682 Aptaque
1455 1632 1629 1668 vertendis
1638 1631 1754 1682 sidera
1774 1641 1912 1681 quaeret
1930 1629 2068 1680 aquis]
2100 1636 2182 1667 Ver-

1139 1681 1253 1717 rendis
1273 1683 1386 1729 probe
1400 1684 1627 1720 sai-ravimus
1648 1695 1732 1721 cum
1753 1682 1895 1720 duobus
1916 1682 2001 1719 aliis.
2027 1689 2097 1717 tres
2119 1680 2179 1721 alii

1139 1731 1308 1769 verendis.
1338 1733 1498 1770 Catullus
1522 1745 1625 1770 inv.
1649 1745 1681 1779 7.

1192 1782 1342 1818 Caerula
1362 1793 1533 1819 verrentes
1550 1783 1700 1832 abiegnis
1717 1795 1864 1832 aequora
1879 1780 2018 1831 palmis.

1140 1831 1280 1869 Ennius
1299 1833 1360 1870 lib.
1380 1845 1456 1869 xiv.
1478 1834 1614 1870 Annal.

1193 1888 1338 1919 Verrunt
1359 1883 1522 1933 extemplo
1536 1883 1670 1933 placide
1688 1895 1784 1921 mare
1804 1894 1976 1919 marmore
1988 1879 2105 1933 flava

1140 1933 1313 1982 Virgilius
1332 1934 1392 1972 lib.
1412 1947 1472 1971 111.
1490 1945 1576 1981 207.

1738 1990 1888 2020 'Nautae

1189 2035 1330 2073 Adnixi
1346 2046 1505 2086 torquent
1520 2035 1683 2086 spumas,
1712 2045 1755 2074 ey
1775 2033 1911 2071 caerula
1929 2042 2093 2071 verrunt.

1137 2085 1186 2122 Et
1207 2085 1266 2122 lib.
1287 2098 1321 2123 v.
1344 2087 1427 2133 778.

1188 2137 1360 2172 Certatim
1373 2137 1456 2185 fhcii
1465 2137 1603 2184 feriunt
1622 2149 1739 2183 mare,
1767 2146 1810 2177 ω’
1826 2147 1974 2186 aequora
1993 2137 2153 2174 verrunt-3

1136 2185 1183 2222 Et
1205 2198 1266 2222 111.
1287 2187 1372 2224 668.
1895 2223 1901 2229 ,

1187 2236 1359 2274 Verrimus
1376 2249 1419 2277 ω’
1432 2238 1533 2288 proni
1553 2237 1765 2275 certantibus
1785 2249 1932 2286 aequora
1952 2234 2070 2276 remis.

1138 2286 1221 2324 Lib.
1245 2300 1297 2324 vi.
1324 2299 1409 2335 320.
1474 2314 1478 2318 «
1696 2293 1699 2296 ’

1301 2337 1358 2374 Illi
1377 2338 1479 2375 remis
1499 2339 1596 2376 vada
1615 2339 1732 2376 livida
1755 2346 1918 2375 verrunt.

1136 2387 1195 2425 Sic
1216 2388 1254 2424 ἃ
1272 2388 1367 2436 apud
1386 2390 1508 2427 Valer.
1527 2391 1621 2428 Flac.
1641 2402 1732 2428 vm.
1759 2401 1842 2439 325.
1862 2385 2083 2436 legendum:

1188 2444 1359 2475 Verrentes
1378 2440 1491 2477 imum
1506 2441 1639 2489 pariter
1657 2453 1764 2478 mare.

1137 2490 1246 2538 Quae
1270 2490 1381 2538 vulgo
1405 2491 1529 2527 insulse
1548 2492 1730 2539 leguntur.
1748 2488 1879 2526 Noster
1898 2497 1961 2525 111.
1980 2485 2068 2523 Fast.
2091 2488 2175 2534 5913

1416 2547 1554 2588 Imaque
1573 2553 1594 2575 a
1611 2540 1744 2588 gurgite
1756 2548 1882 2588 pontus

1190 2589 1357 2628 Verritur.

1137 2640 1197 2678 Ut'
1212 2642 1260 2678 ibi
1283 2642 1388 2679 MSS.
1408 2654 1461 2679 xx.
1482 2641 1637 2678 Metam.
1658 2651 1742 2687 409.

1189 2696 1234 2728 Et
1255 2692 1351 2728 modo
1371 2706 1446 2729 cum
1457 2691 1583 2739 fulvas
1603 2704 1644 2727 ex
1665 2691 1733 2727 imo
1750 2689 1863 2726 verrit
1883 2691 2021 2728 arenas:

1136 2742 1211 2779 Ubi
1244 2742 1317 2780 vid.
1346 2743 1557 2780 Hssmsms.
1583 2740 1714 2778 Malim
1747 2742 1858 2778 etiam
1881 2751 1966 2778 curn
1988 2737 2180 2777 Bersman:

1136 2793 1251 2831 nianis
1274 2798 1426 2842 Aptave.
1454 2793 1528 2830 vid.
1545 2792 1589 2829 ad
1612 2792 1719 2839 Epist.
1739 2804 1783 2827 11.
1805 2803 1866 2839 90.

1193 2844 1248 2880 18.
1278 2850 1319 2879 In
1348 2842 1500 2891 rivale]
1533 2849 1573 2878 In
1600 2842 1711 2878 rivali
1734 2842 1833 2888 Junii
1862 2841 1901 2878 &
1927 2841 2064 2889 Regius
2091 2850 2178 2878 cum

1139 2894 1263 2931 multis
1286 2893 1400 2930 editis.
1427 2893 1501 2930 vid.
1521 2893 1566 2929 ad
1588 2892 1694 2940 Epist.
1716 2904 1769 2928 vr.
1788 2893 1847 2928 26.

1194 2956 1250 2991 19.
1277 2948 1411 2980 Graves
1436 2942 1579 2992 urbes.]
1620 2943 1719 2979 Male
1747 2942 1808 2979 hic
1834 2941 1972 2978 Marius
1998 2939 2176 2987 explicat,

1140 2995 1177 3032 in
1206 2994 1335 3043 quibus
1364 2993 1611 3042 expugnandis
1643 2993 1801 3030 multum
1830 2991 1996 3029 laborant
2021 2989 2178 3032 milites,

1141 3046 1198 3082 vel
1229 3046 1269 3082 in
1300 3056 1456 3093 quarum
1490 3043 1681 3080 obsidione
1721 3043 1841 3091 major
1879 3040 1967 3078 inest
2001 3039 2176 3087 gravitas.

62 3093 181 3142 Quem
199 3092 395 3147 aliqu-ando
414 3093 568 3141 pleniori
588 3094 670 3133 luce
689 3097 961 3145 perfundemus.
987 3107 1087 3135 nunc
1139 3107 1250 3145 quam
1279 3096 1316 3132 in
1346 3095 1534 3132 amatoria.
1561 3093 1620 3130 sed
1644 3107 1768 3142 graves
1791 3093 1871 3129 sunt
1898 3091 2024 3127 vicinis
2043 3089 2177 3124 noxiae
2209 3095 2211 3098 ’

72 3144 248 3192 egendum
271 3144 339 3180 elle
362 3155 581 3180 monemus:

107 3199 167 3281 Ξῖ
178 3196 298 3292 fret?
326 3203 397 3240 tot,
424 3193 506 3232 duce
524 3204 557 3231 te
570 3221 581 3240 ‚
601 3196 816 3244 properantia
828 3196 941 3246 sidera
951 3197 1052 3248 paffis

160 3257 232 3282 mxc
268 3258 350 3284 ave.

1143 3149 1181 3184 &
1210 3147 1457 3183 imminentes.
1485 3153 1525 3181 ut
1547 3144 1642 3181 Flor.
1667 3156 1696 3181 1.
1719 3155 1752 3192 3.
1774 3141 1930 3178 Albanos
1948 3149 2090 3193 gravem
2112 3142 2177 3171 Po—

1133 3195 1257 3246 pulum
1288 3196 1387 3232 dicit.
1423 3196 1461 3232 &
1491 3195 1539 3232 ita
1568 3193 1722 3239 justinus
1750 3195 1787 3231 δε
1814 3193 1873 3229 aiii
1902 3197 2046 3228 centies.
2084 3196 2176 3222 mox

1140 3247 1275 3295 Regius
1296 3245 1404 3285 dirae.
1430 3245 1693 3284 BURMANNUS.

1617 3295 1652 3329 A
1673 3303 1696 3326 a·
1715 3303 1735 3327 a
1988 3297 2048 3331 24.
2075 3283 2178 3332 Capti
