2553 3676
254 221 332 282 50

717 199 777 256 P.
852 199 1266 259 OVIDII
1339 199 1876 258 NASONIS

546 294 855 367 Praeposuit
880 294 1125 350 Theseus
1152 293 1280 366 (nisi
1302 294 1338 348 fi
1361 296 1632 350 manifesta
1658 296 1947 368 negamus)

620 367 926 422 Pirithoum
946 367 1250 431 Phaedrae,
1289 367 1703 451 Pirithoumque
1728 368 1840 423 tibi.

550 441 671 496 Sola
693 459 793 494 nec
820 440 949 494 haec
974 440 1126 495 nobis
1148 440 1338 512 injuria
1363 441 1511 495 venit
1534 441 1598 495 ab
1623 443 1741 496 1110:

623 513 682 567 In
706 513 910 585 magnis
934 513 1054 568 laesi
1076 513 1233 568 rebus
1256 526 1485 586 uterque
1509 513 1702 568 sumuS.

407 604 500 654 115
542 584 665 640 Ossa
692 586 799 640 mei
822 587 995 641 fratris
1021 586 1167 641 clava
1190 585 1451 658 perfracta
1476 586 1680 640 trinodi

625 659 816 731 Sparsit
840 660 1016 714 humi:
1055 659 1207 714 soror
1233 657 1307 712 est
1328 658 1525 731 praeda
1548 658 1728 713 relitota
1749 660 1889 715 feris.

551 732 729 787 Prima
755 733 1080 803 securigeras
1102 733 1242 786 inter
1265 732 1466 786 Virtute
1491 731 1687 803 puellas

628 805 719 859 Te
742 806 980 878 peperit,
1013 805 1124 858 nati
1151 804 1313 875 digna
1336 804 1524 876 vigore
1548 822 1752 876 parens.

552 877 605 933 Si
631 895 878 951 quaeraS,
912 878 1004 932 ubi
1029 877 1120 940 fit;
1160 876 1405 932 Theseus
1429 877 1559 931 latus
1585 878 1706 933 ense
1728 877 1966 952 peregit:

408 968 507 1004 120

308 1145 486 1198 Qisint,
513 1148 678 1200 requiris-3
706 1150 918 1201 apparebunt
935 1159 1090 1202 tempore.

259 1198 437 1237 Ceterum
467 1212 488 1237 a
508 1200 656 1237 Nasone
674 1201 846 1251 scriptum
872 1201 976 1240 fuiffe
1003 1203 1178 1246 arbitror,
1204 1199 1311 1251 absit-

256 1264 322 1302 que
338 1251 411 1288 diu.
439 1250 488 1288 fic
512 1259 694 1289 voventes
722 1253 760 1290 &
781 1253 924 1291 bonum
943 1254 1136 1302 augurium
1161 1261 1309 1302 captan-

257 1310 311 1340 tes
333 1301 589 1351 loquebantur.
617 1302 751 1341 Noster
770 1304 878 1342 Pont.
899 1304 961 1342 lib.
984 1317 1037 1341 1v.
1059 1304 1114 1342 El.
1131 1315 1206 1342 xxx.

310 1352 376 1389 Hic
397 1352 555 1390 cumulus
574 1352 692 1402 nostris
709 1353 797 1406 abstt
816 1354 971 1407 abestque
989 1354 1105 1394 malis.

257 1401 434 1452 Virgilius
452 1405 512 1443 lib.
532 1417 567 1442 x.

310 1458 448 1491 Aeneas
467 1455 607 1503 ignarus
623 1455 712 1505 abest
726 1485 737 1502 ,
765 1456 907 1506 ignarus
927 1466 970 1497 ἐφ’
987 1454 1084 1507 abfit.
1137 1456 1285 1495 Hsms.

258 1504 422 1544 Retineo
439 1504 562 1544 aberit.
589 1519 667 1545 non
690 1508 790 1546 enim
815 1520 860 1546 ex
891 1516 985 1546 voto
1011 1509 1100 1552 suo,
1129 1507 1233 1558 quod
1252 1508 1310 1545 in-

257 1563 400 1594 certum
429 1558 468 1594 &
500 1557 676 1596 timidum
706 1559 842 1597 faceret
871 1559 1125 1609 Hippolytum
1145 1586 1156 1603 ,
1183 1558 1244 1596 sed
1263 1570 1309 1596 ex

257 1614 354 1695 cgrta
387 1608 519 1646 notitia
546 1609 712 1659 loquitur
732 1638 742 1655 ,
781 1618 822 1648 ut
841 1610 1154 1649 confidentiorem
1172 1610 1309 1648 faceret

254 1668 275 1695 a
305 1657 541 1696 olescentem.
571 1660 830 1698 Buamauuus.

313 1719 394 1746 111.
424 1708 503 1758 Nifi
529 1723 588 1746 nos
616 1710 798 1759 manifesta
815 1709 1013 1760 negemus.]
1044 1716 1310 1760 Negamuspo-

255 1758 368 1796 tiores
387 1759 518 1808 scripti.
545 1761 752 1799 Puteaneus
772 1763 811 1799 δε
830 1761 1087 1806 Farnefianus,
1109 1760 1175 1810 nisi
1191 1761 1311 1797 mani-

249 1808 335 1856 festo
363 1823 537 1858 negamus.
576 1811 698 1848 Scribe
719 1839 728 1855 ,
768 1809 835 1860 nisi
854 1810 890 1860 fi
922 1812 1106 1860 manifesta
1133 1823 1310 1860 negamus.

258 1859 467 1909 Eleganter.
495 1860 655 1909 Epistola
676 1862 867 1900 Helenae:

312 1917 369 1948 At
386 1921 427 1947 tu
443 1909 616 1960 diffimula
631 1941 640 1956 ,
669 1910 777 1963 nisisi
796 1910 942 1962 desistere
958 1913 1090 1953 mavis.

257 1961 448 2000 Remedio
471 1964 643 2002 Amoris:

314 2012 403 2062 Posse
418 2013 494 2063 pati
502 2013 611 2062 facile
629 2014 693 2063 est,
722 2011 834 2064 nisisi
844 2014 1018 2064 patientia
1038 2014 1132 2065 defit.

261 2061 318 2102 Ita
337 2065 375 2101 &
397 2065 470 2110 illic
491 2065 622 2102 censeo
642 2065 926 2104 rescribendum.
947 2068 1040 2103 Met.
1065 2079 1102 2104 x.

311 2117 413 2164 Qae
431 2129 506 2152 mea
526 2116 622 2166 culpa
644 2128 763 2153 tamen
776 2125 791 2153 ἓ
820 2114 884 2165 nisi
895 2114 931 2166 fi
949 2115 1052 2166 lufiffe
1070 2117 1191 2155 vocari

314 2166 427 2216 Culpa
439 2167 564 2217 potest,
592 2168 653 2204 nii
673 2167 770 2219 culpa
782 2167 885 2216 potest
905 2181 947 2207 cy
968 2167 1094 2217 amaſje
1113 2169 1244 2206 vocari.

262 2216 347 2255 Lib.
369 2230 455 2255 xiv.

313 2269 414 2317 Qid
425 2267 514 2305 mihi
526 2279 609 2305 tunc
619 2269 734 2306 animi
753 2267 876 2319 (nisisi
889 2268 995 2307 timor
1016 2268 1157 2317 abstulit
1174 2283 1313 2309 omnem

313 2320 454 2368 Sensum
473 2320 725 2371 animumque)
746 2321 851 2368 sitit?

262 2369 393 2419 Elegia
416 2371 461 2409 de
482 2371 612 2408 Nuce:

315 2420 383 2459 Nil
401 2435 454 2471 ego
467 2422 630 2470 peccavi:
658 2421 723 2471 nisi
734 2420 769 2471 si
778 2422 920 2472 peccaffl‘
939 2432 1108 2470 vocatur,

365 2476 505 2509 Annua
522 2473 645 2511 cultori
657 2483 762 2524 poma
784 2474 907 2521 referre
916 2478 993 2524 suo,

263 2523 375 2563 Trist.
397 2536 450 2562 tv.
473 2524 528 2562 El,
548 2538 614 2562 111.

315 2580 459 2626 Tempus
476 2574 536 2612 ubi
553 2576 619 2624 est,
641 2590 706 2628 quo
727 2586 760 2613 te
782 2574 876 2625 (nisi
887 2573 1024 2626 sifugis
1044 2576 1109 2614 illa
1127 2577 1273 2628 referre)

367 2631 414 2662 Et
431 2627 500 2663 dici
520 2627 688 2673 memini,
709 2627 812 2677 juvit
831 2639 875 2666 ω’
891 2626 947 2677 eſj}
966 2641 1093 2666 meam.

265 2675 321 2713 Ita
339 2677 439 2714 enim
462 2678 691 2717 scribendum
716 2679 782 2716 suo
809 2679 897 2717 loco
929 2680 1178 2718 monebimus.
1206 2680 1316 2718 Vati-

264 2727 346 2765 nius
375 2728 550 2766 Ciceroni
580 2730 639 2768 lib.
668 2742 705 2768 V.
738 2730 804 2779 Ep.
839 2743 897 2768 1x.
924 2729 1068 2767 Dicitur
1088 2731 1178 2768 mihi
1189 2730 1315 2780 fi’rvus

266 2789 348 2815 tuus
365 2779 559 2827 anagnostes
578 2780 758 2829 fitgitivus
787 2795 866 2818 cum
893 2781 1058 2838 <areimis
1076 2782 1154 2831 effe,
1181 2794 1226 2822 (θ’
1236 2791 1316 2832 pro-

256 2829 348 2877 feael‘o
368 2828 432 2865 tibi
452 2829 555 2866 illum
570 2832 733 2880 reperiam
748 2860 758 2876 ‚
787 2830 853 2882 nist
863 2829 899 2881 si
912 2845 951 2869 in
968 2832 1196 2870 Dalmatiam
1212 2834 1317 2881 aufu-

262 2881 364 2929 gerit.
383 2880 552 2928 Sulpitius
572 2882 724 2920 Severus
746 2883 844 2920 Dial.
866 2884 972 2931 Qod
993 2895 1115 2921 utrum
1124 2883 1231 2934 fizlers
1249 2898 1316 2921 an-

267 2930 416 2980 tiquitas
439 2933 635 2980 procurarit
654 2961 664 2978 ,
699 2947 747 2970 an
766 2933 849 2982 fhlis
869 2945 1001 2971 natura
1017 2936 1162 2984 gignat,
1190 2937 1315 2985 ignoro,

267 2979 377 3031 nifist
389 2988 482 3018 Deus
493 2982 661 3032 praescius
679 2983 915 3021 habitandam
933 2986 1138 3036 quandoque
1151 2987 1316 3036 aszncffis

267 3046 421 3069 eremum
441 3061 451 3077 ‚
489 3033 572 3070 haec
591 3033 705 3083 servis
726 3034 799 3083 suis
822 3036 1021 3084 paraverit.
1051 3036 1163 3075 Trist.
1193 3038 1255 3077 lib.
1279 3049 1316 3076 v.

269 3082 326 3122 El.
355 3096 407 3121 tx.
429 3095 473 3121 ex
494 3084 651 3134 vestigiis
672 3096 839 3123 veterum
863 3084 1063 3123 librorum:

323 3139 378 3171 At
399 3148 467 3171 non
479 3144 633 3184 parerem
648 3164 659 3181 ,
687 3134 794 3186 nififi
812 3136 997 3186 meminiffi
1010 3146 1164 3186 putares.

269 3184 378 3224 Pont.
396 3186 532 3224 111.E1.
559 3199 589 3224 1.

323 3243 405 3275 Non
423 3237 502 3274 avis
520 3237 715 3289 obloquitur
728 3267 738 3284 ,
745 3237 850 3288 silvis
869 3237 975 3289 nisifi
989 3253 1058 3289 qua
1078 3239 1215 3280 remotis

374 3294 576 3340 Aequoreas
594 3303 695 3330 rauco
708 3300 851 3341 gutture
859 3299 961 3343 potat
979 3304 1102 3342 aquas.

618 952 736 1006 Nec
761 963 912 1007 tanto
936 964 1107 1024 mater
1130 950 1359 1024 pignore
1385 962 1500 1006 tuta
1523 949 1640 1007 fuit.

1835 1071 1854 1108 ,
2333 1025 2414 1083 At

1365 1149 1588 1189 Columella.
1611 1148 1673 1188 lib.
1705 1162 1760 1189 11.
1787 1162 1817 1190 e.
1849 1162 1907 1191 ro.
1927 1162 1973 1190 ex
1995 1151 2145 1200 optimis
2167 1149 2413 1191 membranis:

1364 1202 1446 1238 Lini
1454 1205 1596 1251 semen,
1625 1199 1691 1250 nisi
1706 1200 1741 1252 st
1768 1216 1915 1252 magnus
1941 1203 1984 1250 est
2011 1203 2049 1238 in
2068 1216 2107 1239 ea
2125 1204 2276 1251 regione,
2304 1217 2414 1254 quam

1364 1252 1464 1296 colis,
1478 1262 1692 1302 proventus,
1721 1264 1765 1293 (φ’
1774 1254 1929 1303 pretium
1941 1253 2094 1304 proritat
2108 1281 2118 1298 ,
2138 1254 2325 1302 serendum
2343 1268 2414 1292 non

1364 1303 1419 1351 est.
1448 1304 1555 1342 Idem
1578 1303 1704 1342 denuo
1733 1316 1763 1342 c.
1795 1317 1909 1342 xv111.
1935 1303 2086 1341 Arbores
2106 1332 2117 1348 ‚
2151 1318 2239 1355 quae
2258 1305 2416 1342 interve-

1363 1355 1492 1399 niunt,
1510 1354 1681 1392 radicitus
1701 1355 1981 1405 exstirpabimus,
2005 1353 2265 1404 nifistftucffus
2281 1355 2414 1403 arbusti

1360 1405 1401 1442 id
1420 1406 1538 1453 facere
1563 1419 1622 1443 nos
1646 1405 1898 1455 prohibuerint.
1927 1408 1967 1445 ὃς
1997 1418 2028 1444 c.
2056 1419 2155 1444 xxti.
2184 1413 2256 1443 Nec
2264 1408 2414 1453 foenum

1356 1456 1474 1506 secare
1493 1485 1505 1502 ,
1540 1466 1606 1493 aut
1623 1457 1757 1494 vincire
1776 1485 1786 1501 ,
1813 1468 1879 1495 aut
1900 1458 2042 1502 vehere,
2069 1470 2111 1494 ac
2131 1471 2172 1494 ne
2192 1457 2415 1495 vindemiam

1364 1508 1506 1559 quidem
1541 1507 1608 1556 cogi
1626 1517 1688 1558 per
1714 1508 1901 1558 Religiones
1939 1507 2148 1555 Pontificum
2176 1509 2279 1556 feriis
2313 1508 2416 1554 licet,

1364 1558 1432 1608 nist
1450 1558 1486 1609 fi
1513 1558 1625 1595 catulo
1645 1559 1778 1606 seceris.
1805 1559 1853 1598 fic
1883 1559 1983 1598 idem
2013 1560 2232 1598 veterrimus
2262 1560 2295 1597 S.
2318 1560 2416 1597 Ger-

1365 1611 1468 1647 mani
1491 1610 1624 1648 codex.
1642 1611 1803 1659 vulgati,
1817 1609 1883 1659 nisi
1895 1611 1994 1661 prius
2011 1610 2125 1646 catulo
2131 1610 2265 1656 feceris.
2286 1609 2415 1649 denuo

1366 1671 1413 1696 ex
1434 1659 1563 1697 iisdem
1587 1661 1810 1697 membranis
1827 1661 1888 1698 lib.
1911 1674 1974 1698 111.
1997 1672 2027 1697 c.
2047 1673 2082 1709 9.
2112 1659 2416 1710 Ntfisiputamus

1365 1723 1404 1746 ea
1419 1738 1429 1755 ‚
1492 1723 1556 1747 uae
1575 1719 1680 1760 nuper
1704 1723 1746 1747 ac
1765 1711 1863 1748 modo
1874 1711 1979 1761 plane
2004 1711 2199 1761 longinquis
2225 1711 2417 1761 regionibus

1365 1724 1518 1808 arceffiqta
1535 1761 1679 1797 notitiae
1697 1761 1826 1808 nostrae
1846 1764 1935 1811 sunt
1962 1763 2098 1800 tradita
2120 1762 2265 1806 vineta,
2294 1776 2345 1798 cos
2363 1775 2415 1798 co-

1366 1810 1469 1860 luisse.
1497 1823 1575 1860 quo
1605 1812 1838 1850 Columellae
1865 1812 1954 1850 loco
1982 1825 2068 1850 cum
2088 1824 2165 1849 vox
2187 1812 2292 1861 plane
2309 1824 2418 1860 pror—

1366 1861 1421 1899 sus
1450 1861 1567 1900 aliena
1598 1861 1640 1900 sit
1658 1890 1668 1906 ‚
1705 1874 1748 1900 ac
1768 1874 1836 1911 pro
1857 1875 1899 1900 ea
1930 1863 2050 1900 codex
2067 1863 2285 1900 veterrimus
2308 1864 2415 1901 exhi-

1368 1912 1452 1950 beat
1474 1912 1635 1962 palaeae,
1665 1913 1923 1962 corrigendum
1944 1926 2049 1958 reor,
2073 1913 2165 1950 talea
2188 1927 2204 1949 e
2220 1913 2417 1964 longinquis

1369 1963 1557 2012 regionibus
1583 1964 1746 2012 arcessita.
1775 1964 1922 2010 Taleae,
1953 1966 1991 2002 &
2024 1964 2168 2001 taleolae
2197 1976 2275 2002 non
2302 1963 2416 2002 semel

1370 2015 1454 2053 alibi
1484 2016 1657 2053 meminit
1685 2015 1786 2053 idem
1817 2016 2036 2053 Columella.
2075 2016 2123 2053 est
2155 2023 2281 2052 autem
2312 2016 2417 2064 virga

1367 2075 1430 2103 aut
1463 2066 1606 2115 lignum
1635 2066 1754 2115 pedali
1791 2067 1932 2104 circiter
1967 2065 2223 2115 magnitudine
2245 2094 2255 2110 ‚
2301 2077 2416 2115 quam

1359 2116 1526 2166 plantare
1553 2117 1612 2154 alii
1642 2126 1867 2165 nuncupant.
1894 2116 1953 2154 sed
1982 2118 2073 2154 haec
2101 2128 2179 2154 non
2209 2116 2291 2154 sunt
2306 2117 2416 2166 hujus

1366 2168 1453 2205 loci.
1489 2180 1600 2218 quare
1625 2167 1671 2205 ad
1700 2180 1790 2205 rem.
1830 2166 1908 2217 Nisi
1927 2166 1963 2217 fi
1987 2168 2096 2206 habes
2125 2167 2222 2216 apud
2252 2168 2416 2206 eundem

1366 2219 1427 2256 lib.
1449 2232 1501 2256 1v.
1526 2231 1556 2257 c.
1578 2219 1611 2256 6.
1632 2219 1671 2256 &
1701 2220 1754 2257 16.
1784 2216 2158 2268 Nisistpropaginibus
2168 2218 2418 2269 prospiciemus.

1369 2270 1407 2308 ὅ(
1423 2298 1432 2314 ,
1454 2267 1520 2319 nisi
1535 2268 1570 2319 si
1586 2280 1706 2306 tamen
1725 2269 1905 2318 gracilitas
1925 2270 2012 2306 vitis
2030 2269 2178 2318 alicuius
2193 2268 2419 2318 angustiorem

1362 2322 1582 2371 putationem
1611 2319 1825 2370 destderabit.
1853 2333 1929 2369 cap.
1958 2334 2038 2358 xxr.
2070 2318 2148 2370 Nifi
2168 2318 2204 2369 fi
2227 2320 2419 2357 admodum

1370 2371 1483 2408 nimia
1513 2371 1651 2409 ubertas
1673 2371 1788 2422 plures
1803 2370 1999 2422 postulabit.
2027 2383 2103 2420 cap.
2126 2385 2232 2409 xxix.
2257 2371 2417 2416 Rursus,

1372 2422 1563 2473 Pampinus
1581 2437 1659 2460 cum
1675 2425 1850 2468 excrevit,
1878 2422 2051 2472 nepotibus
2071 2422 2244 2460 orbandus
2260 2422 2303 2470 est
2316 2451 2324 2466 ‚
2353 2421 2421 2472 nist

1364 2472 1400 2523 fi
1410 2503 1418 2518 ‚
1429 2484 1563 2524 propter
1576 2475 1760 2525 penuriam
1781 2486 1824 2514 cy
1842 2473 2030 2511 calvitium
2047 2474 2110 2512 loci
2121 2474 2423 2523 ‚summittuntur

1370 2525 1411 2563 in
1427 2527 1624 2576 propagines
1641 2536 1853 2563 autumnas.-
1892 2526 1944 2563 lta
1964 2527 1992 2564 is
2010 2527 2113 2563 locus
2131 2526 2281 2574 peffime
2303 2525 2419 2574 vulgo

1371 2576 1535 2615 adfecms
1555 2577 1603 2615 est
1621 2576 1914 2621 constituendus,
1935 2576 2217 2625 summittuntur
2237 2576 2422 2613 membra-

1370 2629 1425 2666 nis
1453 2628 1616 2667 debetur.
1652 2634 1861 2665 Autumnas
1888 2640 1955 2676 pro
1983 2638 2178 2664 autumnus
2207 2626 2421 2675 conjectura

1371 2679 1489 2717 nostra
1519 2679 1568 2717 est
1591 2709 1601 2724 ,
1638 2679 1684 2718 de
1710 2679 1783 2730 quzi
1808 2679 1967 2728 pluribus
1995 2679 2039 2716 ad
2062 2678 2313 2725 Metamorph.
2337 2689 2421 2716 111.

1374 2731 1457 2776 728.
1487 2731 1626 2769 Iterum
1649 2730 1858 2769 Columella
1878 2730 1971 2767 libro
2000 2741 2056 2766 vx.
2083 2740 2159 2777 cap.
2191 2740 2340 2765 xxxvii.
2369 2740 2418 2765 ex

1372 2781 1505 2820 iisdem
1519 2783 1764 2825 membranis,
1788 2781 1834 2818 de
1847 2781 1973 2818 mulo:
2003 2786 2146 2816 Terram
2160 2779 2328 2815 commode
2340 2788 2422 2828 pro-

1364 2831 1519 2881 scindit,
1546 2832 1611 2883 ntst
1628 2832 1664 2882 si
1684 2832 1839 2882 pretium
1869 2831 2098 2881 quadrupedis
2119 2832 2287 2867 rationem
2308 2829 2425 2878 rasttci

1373 2894 1497 2921 oneret.
1525 2884 1703 2934 Denique
1726 2895 1771 2920 ex
1792 2882 1922 2920 iisdem
1940 2882 2001 2919 lib.
2029 2894 2098 2918 xxx.
2121 2893 2197 2930 cap.
2218 2893 2250 2918 L.
2273 2887 2335 2917 Sat
2354 2883 2421 2918 erit

1371 2936 1502 2972 tricena
1530 2936 1679 2984 componi
1705 2934 1826 2975 labra,
1855 2930 1920 2982 ntfi
1934 2930 1970 2981 st
1994 2932 2094 2979 vasta
2113 2934 2252 2980 fuerint
2278 2932 2422 2970 oliveta.

1372 2986 1520 3024 Eodem
1544 2986 1661 3024 modo
1682 2982 1840 3036 quasist3
1865 2995 1942 3033 quo
1962 2983 2107 3020 Plautus
2129 2984 2338 3033 frequenter
2349 2983 2423 3020 uti-

1372 3045 1451 3081 tur,
1482 3037 1729 3083 Mart.11.Ep.
1750 3036 1783 3072 8.
1805 3047 1849 3072 ex
1872 3035 2023 3083 optimis
2046 3035 2285 3073 membranis:

1427 3087 1493 3123 Illa
1513 3097 1633 3123 tamen
1648 3085 1746 3123 mala
1757 3085 1868 3135 sunt,
1892 3083 1989 3136 quast
1998 3083 2034 3135 Ji
2053 3085 2234 3134 manifesta
2253 3096 2422 3133 negemus.

1374 3137 1413 3176 H
1420 3150 1587 3175 Exusxus.

1430 3201 1509 3226 112.
1536 3187 1735 3224 Pirithoum
1757 3186 1976 3237 Phaedrae]
2006 3188 2066 3225 De
2085 3187 2245 3225 Phaedra
2267 3186 2316 3224 fic
2334 3186 2423 3235 Hy-

1373 3240 1480 3289 ginus
1500 3253 1508 3276 :
1539 3239 1700 3276 Phaedra
1723 3239 1854 3276 Minois
1863 3239 1945 3286 filia
1959 3267 1969 3283 ,
1998 3238 2112 3288 Thesei
2127 3251 2233 3282 uxor,
2263 3237 2422 3287 Hippoly-

1375 3301 1453 3332 tum
1465 3291 1672 3343 privignum
1680 3291 1791 3342 suum
1809 3290 2002 3330 adamavit
2013 3317 2025 3337 ‚
2051 3302 2153 3340 quem
2180 3288 2259 3327 cum
2279 3301 2348 3326 non
2360 3297 2423 3388 ᾗβ-

2312 3348 2365 3377 tm
2391 3347 2424 3375 et
