2553 3676
681 194 1340 254 HEROIDES.

1415 213 1446 251 ε
1482 196 1528 250 'P'-
1601 204 1684 256 v1.'
2165 214 2226 264 73

275 313 344 364 25
383 287 703 350 Aesonides,
739 286 879 349 dixi,
918 284 1051 358 quid
1077 285 1185 356 agit
1209 289 1383 340 meus!
1426 285 1515 341 Ille
1538 289 1746 359 pudore

456 360 642 417 Haesit
657 399 673 423 ‚
711 360 767 413 in
791 358 1028 430 opposita
1056 358 1254 412 lumina
1276 359 1411 413 fixus
1435 359 1617 414 humo,

379 433 625 493 Protinus
650 431 861 494 exfilui3
902 430 1203 503 tunicisque
1229 431 1257 483 Ξῖ
1279 430 1496 502 pectore
1520 434 1687 505 ruptis
1703 473 1718 497 ,

450 506 633 562 Vivit?
674 523 766 568 an,
805 504 1075 567 exclam0‚
1110 520 1197 557 me
1222 521 1443 577 quoque
1466 505 1570 558 fata
1594 507 1839 561 trahunt?

371 578 550 642 Vivit,
587 579 672 632 ait.
712 578 1071 649 timidumque
1096 575 1227 630 mihi
1246 576 1421 646 jurare
1446 578 1618 648 coegi.

270 674 336 724 30

444 651 557 707 Vix
580 650 738 713 mihi,
775 649 903 704 teste
926 649 1080 711 De0‚
1119 647 1323 702 credita
1346 650 1453 703 vita
1477 663 1565 703 tua
1591 649 1679 703 est.

373 722 450 780 Ut
475 723 635 778 rediit
662 723 893 785 animus,
932 734 1020 775 tua
1043 720 1177 775 facia
1199 722 1473 794 requirere
1499 722 1672 794 coepi.

442 797 662 860 Narrat,
700 794 983 868 aenipedes
1007 793 1200 850 Martis
1225 793 1381 853 arasse
1405 794 1595 851 boves:

77 993 172 1024 teres
193 1000 201 1024 :
237 986 337 1024 Vivit
362 987 415 1025 ait
446 987 679 1041 timidumque
709 987 831 1027 viram
858 989 946 1027 alter
967 987 1118 1026 Mente-

78 1036 203 1077 h'anus.
224 1039 318 1077 Puto
341 1041 597 1090 corrigendum
617 1039 709 1079 effe:

128 1102 247 1146 Vivit,
271 1103 324 1139 ait
340 1103 462 1140 timide
474 1121 484 1141 :
513 1104 680 1142 timidum
689 1105 813 1154 jurare
829 1104 928 1154 coe'gi.

77 1165 156 1202 Nifi
167 1167 220 1203 ait
231 1167 375 1204 timidas
387 1169 499 1207 malis.
521 1167 710 1219 Ejusmodi
722 1170 957 1218 repetitiones
973 1178 1113 1205 vocum

77 1213 98 1251 ἂι
117 1215 246 1265 supinis
262 1218 409 1256 librariis
430 1229 469 1258 ut
490 1220 687 1268 plurimum
716 1219 902 1269 neglectae
925 1219 1040 1266 (dum
1061 1219 1115 1255 se-

74 1266 151 1303 mel
169 1269 430 1307 tantummodo
456 1271 688 1319 exprimunt,
715 1270 817 1320 quod
840 1271 891 1307 bis
913 1271 1029 1306 fuerat
1049 1279 1115 1304 ex—

72 1317 327 1366 primendum)
348 1321 619 1369 corrumpendo
637 1333 714 1358 non
737 1322 798 1359 uni
815 1320 912 1370 apud
925 1319 1113 1357 Nasonem

71 1366 158 1405 loco
178 1369 408 1408 occasionem
428 1371 704 1420 dede1·unt.Ep.
725 1383 797 1409 vn.

124 1436 197 1468 Nec
211 1432 300 1469 mihi
310 1442 479 1483 parcatur
492 1462 503 1479 ,
523 1445 627 1484 puero
645 1444 814 1485 parcatur
834 1434 921 1474 Iulo.

69 1493 179 1542 Quae
200 1507 285 1533 vera
306 1497 355 1535 ibi
371 1496 483 1535 lectio
506 1498 566 1536 est.
588 1499 656 1547 Ep.
676 1510 768 1536 vm.

120 1545 310 1596 Qemfibi
323 1546 497 1596 permisit,
520 1562 639 1597 genero
655 1549 833 1599 permittet
857 1561 1022 1586 amorem.

69 1593 147 1632 Ubi
168 1597 319 1632 concedet
338 1599 584 1645 reposuerunt.
606 1601 672 1647 Ep.
692 1613 745 1637 ix.
771 1611 851 1645 127.

123 1646 317 1692 Ingreditur
335 1646 405 1681 late
425 1647 494 1681 lato
508 1648 700 1695 spectabilis
718 1662 814 1685 auro,

68 1692 263 1781 ἓεξτὶρῑί
284 1707 413 1734 omnes
426 1724 436 1741 ,
463 1708 530 1745 pro
549 1708 625 1747 quo
645 1697 756 1735 multo
776 1710 861 1734 auro
881 1698 919 1736 in
944 1697 1113 1747 vulgatis.

104 1753 154 1791 pu
173 1772 179 1779 .
201 1757 278 1782 x1v.

67 1840 101 1881 E
122 1798 162 1829 In
179 1795 352 1832 thalamos
369 1795 474 1841 laeti,
501 1796 676 1835 thalamos
684 1798 753 1847 sua
773 1797 867 1846 busta
879 1798 1059 1846 feruntur.

103 1849 116 1880 t
135 1854 226 1882 mox
243 1859 250 1881 z

79 1905 86 1911 ’
118 1897 390 1933 *Nuda
409 1898 506 1934 nuda
521 1897 688 1934 recumbis
706 1897 824 1935 humo.

68 1954 100 1983 ι.
124 1944 257 1984 Amor.
274 1960 325 1985 1x.
349 1959 408 1997 30.

115 1996 272 2047 Qosque
293 2011 384 2047 neges
404 2012 575 2051 umquam
584 1998 669 2050 poffl
680 1999 815 2049 jacere,
834 2000 968 2049 jacent.

67 2056 124 2084 11.
146 2048 233 2084 Am.
254 2060 344 2086 vm.
368 2061 424 2098 13.

121 2102 202 2133 Non
220 2111 272 2146 ego
292 2099 475 2137 Tantalide
491 2102 602 2151 major
614 2130 626 2148 ,
653 2115 712 2139 nec
728 2101 841 2151 major
859 2098 1013 2140 Achille.

67 2144 224 2184 Remed.
246 2160 328 2198 375.

116 2199 256 2235 Grande
266 2210 391 2237 tonant
402 2202 544 2251 Tragici.
561 2203 712 2253 Tragicos
730 2203 821 2239 decet
838 2202 892 2240 ira
912 2203 1104 2240 cothurnos.

65 2245 136 2296 Ep.
159 2261 252 2287 xvn.
273 2262 318 2288 ex
337 2254 451 2290 veteri
466 2254 581 2292 libro:

67 2347 101 2387 E
118 2304 188 2335 Nec
207 2311 324 2338 tamen
342 2303 486 2353 irascor:
516 2305 592 2356 quis
611 2305 704 2343 enim
721 2304 893 2354 irascatur
913 2305 1079 2345 amanti?

101 2360 136 2398 p.
159 2364 275 2389 xvnr.

117 2406 177 2437 Me
187 2402 317 2450 pariter
336 2405 435 2442 venti
453 2415 614 2452 teneant,
638 2417 843 2454 teneantque
862 2406 994 2448 lacerti.

67 2449 123 2487 Ut
150 2451 375 2493 scribendum
405 2456 479 2494 illic
507 2459 664 2507 conjeci.
697 2460 830 2496 Amor.
859 2459 921 2498 lib.
947 2471 977 2498 1.
998 2459 1103 2509 Eleg.

72 2509 89 2538 1
100 2512 128 2538 1.
154 2514 212 2549 41.

120 2557 171 2608 IJu
181 2563 312 2603 pennas
327 2557 466 2605 gemmei
479 2586 490 2601 ,
511 2573 648 2608 gemma
669 2559 834 2597 variante
852 2560 999 2609 capillos.

68 2601 147 2656 Qu1
166 2605 274 2643 etiam
291 2606 393 2645 locus
416 2610 510 2646 male
529 2611 567 2646 in
589 2611 740 2659 vulgatis
765 2610 951 2649 codicibus
969 2611 1017 2649 est
1037 2611 1110 2649 ha-·

70 2648 173 2690 bltus.
193 2656 230 2692 ὃς
248 2659 323 2704 pari
345 2658 382 2696 id
401 2659 517 2697 modo
537 2660 664 2709 paffim
683 2661 779 2709 apud
795 2661 982 2700 Nostrum.
994 2663 1054 2701 lib.
1071 2674 1103 2702 1.

73 2701 160 2759 ¹⁴hrt.⁸
173 2706 258 2744 Am.
284 2719 362 2754 127.

127 2757 160 2808 St
175 2768 241 2804 qua
254 2758 463 2813 *repugnairat
482 2761 653 2808 nimium,
676 2763 892 2814 nimiumque
912 2764 1069 2813 negarat.

78 2798 154 2886 &Ibi
181 2816 396 2860 comitemque
420 2823 561 2861 negarat
588 2813 808 2863 supponunt.
834 2818 872 2853 ὃς
899 2829 945 2854 11.
967 2817 1102 2854 Amor.

132 2907 161 2936 O
185 2917 206 2938 a
225 2908 301 2963 tegit
318 2911 492 2957 tumulas,
520 2916 676 2953 tumulus
687 2926 749 2966 pro
767 2925 892 2967 corpore
902 2925 1049 2967 parvus.

78 2947 199 2989 Festus
218 2957 375 2997 Avienus
392 2962 514 3002 Descr.
533 2966 623 3003 Orb.

130 3007 219 3038 Tum
239 3005 349 3053 Pifida
364 3012 460 3055 ferox
475 3027 601 3053 exercet
610 3017 753 3067 pinguia
772 3018 867 3056 culta

129 3052 365 3106 Telmeffusque
383 3060 499 3099 dehinc
516 3066 593 3108 urbs
613 3070 738 3105 eminet
751 3084 762 3113 ;
792 3071 918 3107 eminet
933 3083 1046 3108 arcem

130 3103 263 3150 Inclyta
276 3116 333 3153 per
350 3109 449 3145 nubes
469 3116 622 3153 attollens
642 3120 773 3156 moenia
790 3120 908 3170 Lyrbe.

77 3150 156 3189 Ubi
179 3153 288 3191 semel
315 3165 604 3218 tantum-eminet
623 3168 809 3218 legebatur
827 3199 839 3219 ,
877 3172 1101 3213 claudicante

77 3202 191 3249 yersu.
219 3207 339 3252 paullo
357 3210 433 3256 post
452 3213 580 3251 icribe:

129 3254 196 3294 Hic
215 3255 304 3294 diros
326 3259 452 3298 Cilicas
470 3272 595 3303 trames
613 3274 713 3307 tenet.

2052 866 2219 940 Vipe-

1171 987 1327 1027 Pesfime
1345 998 1446 1026 nunc
1468 987 1523 1026 hic
1551 988 1642 1026 diros
1664 984 1943 1034 Caelicastrames
1969 990 2073 1019 tenet.
2097 982 2157 1021 sed
2173 985 2219 1023 ad

1171 1052 1265 1077 rem.
1291 1041 1506 1078 Htmsms.

1225 1103 1283 1139 31.
1314 1096 1423 1140 thue
1449 1089 1593 1127 animus
1617 1089 1732 1126 rediit.
1753 1086 1769 1137 ]
1804 1086 1844 1125 T
1849 1085 1977 1125 urbant
2005 1083 2066 1120 hic
2093 1082 2216 1122 denuo

1169 1139 1260 1179 libri.
1288 1141 1357 1178 Sed
1384 1142 1564 1190 Excerpta
1593 1141 1709 1188 Jureti
1738 1150 1825 1176 cum
1846 1149 1923 1175 uno
1945 1135 2146 1190 Patavino,
2163 1140 2218 1189 “Ut

1170 1192 1274 1228 rediit
1293 1192 1443 1229 animus.
1472 1191 1589 1229 recte:
1612 1189 1826 1240 producitur
1843 1189 1942 1226 enim
1964 1185 2103 1223 Nasoni
2124 1185 2219 1222 alus-

1169 1255 1243 1291 que
1262 1244 1386 1280 Poe'tis
1405 1243 1531 1292 paffim
1553 1243 1681 1279 ultima
1700 1241 1776 1290 ejus
1794 1239 1895 1277 verbi
1912 1236 2065 1292 syllaba,
2085 1247 2221 1290 que-m-

1168 1293 1374 1331 admodum
1393 1295 1432 1330 &
1452 1295 1489 1331 in
1508 1293 1620 1337 adiit,
1648 1291 1761 1335 abiit,
1788 1290 1891 1333 iniit,
1911 1296 2062 1337 praeut,
2083 1284 2219 1340 subtis,

1163 1344 1362 1392 praeteriit,
1393 1345 1431 1380 ὅ(
1458 1344 1652 1387 fimilibus,
1679 1342 1726 1380 de
1753 1341 1884 1390 quibus
1909 1340 1975 1377 suo
2000 1338 2101 1376 loco.
2128 1336 2221 1384 Epi-⁴

1169 1393 1257 1432 stola
1280 1393 1531 1438 Laodamiae,
1560 1406 1620 1443 29.

1220 1451 1264 1482 Ut
1285 1445 1387 1482 rediit
1405 1446 1566 1489 animus,
1589 1443 1723 1495 pariter
1742 1441 1868 1479 rediere
1887 1439 2027 1479 dolores.

1168 1495 1250 1534 Art.
1271 1497 1359 1533 Am.
1380 1509 1441 1533 111.
1460 1508 1545 1543 707.

1220 1552 1264 1583 Ut
1280 1547 1384 1583 rediit
1401 1547 1562 1593 animus,
1590 1555 1706 1584 tenues
1724 1545 1748 1583 a
1768 1545 1892 1594 penore
1911 1541 2016 1591 vestes

1222 1599 1376 1647 Rumpit.

1168 1647 1302 1685 Fastor.
1322 1648 1382 1685 lib.
1404 1660 1469 1685 111.
1489 1659 1575 1697 333.
1878 1695 1885 1700 ¹
2018 1693 2024 1699 ι
2057 1694 2063 1698 ¹
2094 1696 2095 1699 Ἰ

1220 1704 1264 1734 Ut
1279 1698 1381 1735 rediit
1398 1699 1558 1744 animus,
1587 1703 1647 1735 Da
1666 1706 1757 1734 certa
1774 1695 1935 1744 piamina
1948 1722 1959 1740 ‚
1987 1693 2095 1732 dixit.

1168 1748 1253 1786 Lib.
1275 1762 1309 1786 v.
1334 1763 1414 1798 515.
1900 1795 1907 1801 ι
2007 1794 2015 1800 -

1216 1804 1260 1834 Ut
1278 1800 1382 1836 rediit
1399 1800 1540 1837 animus
1551 1827 1562 1845 ,
1590 1797 1753 1834 cultorem
1765 1804 1923 1846 pauperis
1939 1807 2016 1843 agri

1267 1851 1444 1888 Immolat.

1165 1899 1310 1948 Quibus
1335 1903 1447 1939 etiam
1475 1901 1512 1940 in
1540 1899 1631 1939 locis
1658 1898 1738 1937 libri
1769 1905 1909 1935 veteres
1939 1894 2001 1935 fibi
2023 1907 2100 1934 non
2117 1897 2213 1932 conss

1163 1950 1276 1996 stant,
1302 1952 1392 1991 dum
1418 1953 1501 1997 alii,
1528 1958 1573 1989 Ut
1598 1950 1767 2000 rediitque
1793 1948 1958 1985 animus.-
1987 1947 2071 1992 alii,
2099 1952 2211 1995 thue

1162 2001 1253 2038 redit
1273 2003 1437 2048 animus,
1463 2004 1523 2041 alii
1546 2004 1614 2041 alia
1629 2031 1639 2046 ‚
1666 2000 1892 2041 substituunt.
1920 1999 2092 2036 meliores
2116 2008 2208 2034 con-

1160 2050 1311 2098 stanter,
1340 2054 1442 2104 quod
1463 2065 1532 2092 nos
1551 2052 1765 2092 exhibemus
1781 2078 1791 2096 ‚
1819 2049 2031 2100 agnoscunt.
2049 2049 2209 2086 Metam.

1161 2112 1241 2140 xxv.
1267 2118 1305 2142 <1
1339 2134 1347 2142 .

1211 2144 1300 2190 Mox
1312 2117 1377 2191 {bi
1398 2169 1493 2194 mens
1511 2154 1637 2200 rediit,
1666 2164 1709 2194 (φ
1729 2150 1945 2203 contempsere
1958 2150 2172 2201 sequentem.

1159 2203 1317 2243 Remed.
1338 2206 1426 2244 Am.
1447 2208 1480 2244 6.

1214 2262 1254 2292 In
1272 2256 1447 2307 liquidum
1463 2257 1568 2294 rediit
1586 2256 1726 2294 aethera
1746 2254 1879 2293 Martis
1894 2267 1987 2307 equo.
2002 2304 2007 2309 ¹
2200 2301 2205 2305 ἢ

1159 2306 1249 2344 Fast.
1268 2320 1313 2345 11.
1334 2320 1415 2356 341.
1432 2310 1521 2346 loco
1541 2308 1670 2346 itidem
1691 2309 1728 2345 in
1759 2307 1914 2355 vulgatis
1931 2306 2025 2342 libris
2046 2300 2203 2339 mendo-

1157 2357 1222 2402 so,
1249 2358 1429 2407 postrema
1455 2359 1587 2408 syllaba
1617 2360 1656 2397 in
1684 2357 1787 2396 rediit
1813 2357 1890 2406 pari
1918 2355 2035 2393 modo
2066 2351 2205 2402 proclu-⁴

1163 2416 1256 2447 citur
1273 2423 1282 2446 z

1209 2460 1461 2510 Attonitusque
1480 2471 1575 2498 metu
1594 2459 1698 2497 rediit
1710 2487 1720 2502 ,
1747 2468 1788 2495 ut
1798 2458 1895 2506 stiepe
1912 2455 2028 2492 viator

1260 2511 1456 2549 Turbatam
1475 2513 1548 2561 viso
1570 2510 1707 2547 rettulit
1724 2522 1832 2557 angue
1842 2507 1973 2556 pedem.
2070 2555 2076 2561 ι
2195 2553 2203 2561 ἱ

1161 2574 1192 2599 1.
1219 2563 1378 2600 Metam.
1410 2575 1487 2608 114.
1520 2560 1633 2598 Subiit
1658 2569 1817 2609 argentea
1838 2556 1959 2607 proles.
1990 2554 2121 2594 Statius
2145 2565 2202 2603 VI.

1158 2612 1282 2650 Theb.
1300 2614 1382 2660 664.
1403 2625 1447 2650 ex
1469 2613 1549 2649 MS.

1209 2664 1368 2701 Adorato
1387 2664 1490 2700 rediit
1509 2661 1655 2711 ingloria
1675 2660 1774 2710 disce.

1157 2714 1337 2763 Epicedio
1356 2715 1393 2752 in
1411 2714 1572 2752 Drusum
1591 2725 1674 2762 235.

1209 2765 1272 2802 Ille
1288 2779 1382 2803 meus
1394 2766 1519 2816 periit;
1541 2765 1646 2814 periit
1663 2776 1766 2800 arma
1783 2762 1874 2800 inter
1893 2769 1937 2801 Ο)
1955 2758 2055 2809 enses.

1156 2816 1272 2853 Rediit
1298 2828 1388 2854 vero
1416 2816 1558 2853 animus
1585 2815 1786 2863 opponitur
1804 2813 1918 2864 linqui
1933 2813 2062 2848 animo.
2082 2809 2202 2848 Plaut:

1157 2866 1311 2905 Trucul.
1334 2866 1418 2904 Ast.
1442 2880 1487 2903 11.
1508 2866 1564 2903 Sc.
1583 2878 1616 2912 4.
1644 2862 1843 2915 Adsperfisti
1862 2877 2018 2915 aquam,
2039 2862 2118 2910 jam
2146 2874 2197 2897 re-

1157 2916 1225 2953 diit
1242 2918 1394 2954 animus.
1421 2917 1626 2954 Haustus.
2172 2961 2178 2967 ι

1211 2979 1269 3017 32.
1295 2966 1445 3005 Rettulit
1459 2966 1672 3017 aenipedes.]
1702 2967 1809 3005 Haec
1826 2966 1937 3004 lectio
1956 2964 2004 3002 est
2030 2965 2067 3001 in
2088 2962 2196 3018 bonis

1152 3018 1260 3057 libris.
1287 3018 1417 3068 probo.
1446 3018 1661 3056 Cxofexus.
1703 3017 1938 3055 Correctores
1967 3016 2058 3053 haec
2084 3020 2196 3066 inter-

1154 3070 1336 3119 polarunt.
1364 3070 1462 3106 Nam
1484 3069 1624 3107 vetusta
1643 3070 1863 3118 exemplaria
1884 3075 2022 3104 Narrat
2042 3075 2084 3102 <J
2107 3074 2197 3097 aert-

1150 3120 1246 3170 pides
1264 3148 1274 3164 ,
1312 3120 1371 3157 vel
1391 3149 1401 3165 ,
1442 3126 1579 3157 Narrat
1611 3120 1792 3169 aeripedes.
1830 3118 1960 3156 Codex
1994 3111 2195 3151 Hchnaest.

1157 3177 1297 3208 Narrat
1312 3171 1471 3220 aripedes.
1500 3172 1622 3220 Lege,
1650 3172 1805 3208 minima
1824 3168 2050 3207 mutatione:

1211 3228 1349 3258 Narrat
1364 3222 1538 3271 aenipedes
1555 3222 1687 3259 Martis
1704 3221 1810 3272 araffe
1828 3220 1938 3269 hoves.

1156 3272 1317 3325 Epistola
1336 3272 1519 3320 Medeae,
1545 3284 1606 3324 93·
1681 3322 1717 3361 K
2070 3316 2204 3368 Jungis
