2553 3676
645 187 1180 256 AMORUM
1254 206 1427 245 L113.
1501 192 1539 243 I.
1615 212 1664 246 2.
2132 213 2227 260 331

390 292 584 348 Omnia
607 300 660 341 te
682 290 948 336 metuent:
988 277 1055 331 ad
1081 291 1136 332 te
1160 277 1247 332 sua
1269 276 1480 332 brachia
1505 277 1729 333 tendens

13 396 14 425 ζ
461 361 694 428 Vulgu8‚
728 352 813 415 Io,
850 351 1040 421 magna
1063 367 1227 413 voce,
1265 348 1596 423 Triumphe,
1632 363 1800 407 canet.

12 445 15 508 j
284 455 346 505 35
385 430 675 492 Blanditiae
700 424 926 479 comites
950 422 1045 476 tibi
1070 434 1254 485 erunt,
1293 420 1594 495 Errorque,
1632 422 1938 497 Furorque,

13 516 14 519 ’
458 500 696 558 Adsidue
718 509 890 568 partes
914 494 1066 549 turba
1090 495 1266 549 secuta
1292 505 1419 547 tuas,

384 575 489 631 His
506 573 571 626 'tu
597 569 847 625 militibus
870 568 1078 640 superas
1100 567 1450 639 hominesque
1474 565 1757 638 Deosque:

454 645 612 701 Haec
638 641 733 697 tibi
756 641 794 695 si
817 641 997 695 demas
1024 639 1339 702 commoda,
1373 638 1545 693 nudus
1570 639 1690 692 eris,

13 727 15 787 ξ
381 719 549 774 Laeta
573 714 919 786 triumphanti
944 713 1012 766 de
1038 714 1244 766 summo
1268 711 1451 766 Mater
1474 711 1712 783 Olympo

273 813 343 865 40
455 789 704 849 Plaudet3
749 787 804 840 δε
829 785 1085 857 adpositas
1108 785 1314 857 sparget
1339 785 1394 837 in
1419 802 1510 838 ora
1534 783 1686 837 rosaS.

379 863 500 926 Tu,
534 878 730 934 pennas
755 859 993 930 gemma,
1028 861 1240 929 gemma
1262 856 1495 911 variante
1520 855 1758 926 capillOS,

448 935 547 988 Ibis
572 935 628 988 in
652 932 840 987 auratis
867 948 1052 985 aureus
1076 930 1184 1002 ipse
1209 930 1355 984 rotis.

376 1007 528 1062 Tum
552 1023 770 1079 quoque
798 1022 908 1058 non
931 1020 1127 1074 paucos
1153 1002 1226 1072 (fi
1248 1015 1301 1058 te
1326 1003 1463 1059 bene
1486 999 1767 1066 novimus)
1793 1015 1942 1054 ures:

447 1079 598 1135 Tum
621 1094 839 1154 quoque
864 1076 1184 1149 praeteriens
1207 1076 1425 1132 vulnera
1446 1074 1611 1130 multa
1638 1071 1797 1126 dabis.

139 1297 200 1354 776,
226 1291 463 1346 Adjunffas]
494 1290 669 1329 Admotas
693 1279 849 1339 quidam
872 1286 1001 1336 scripti.
1028 1285 1124 1324 male

54 1416 56 1418 ’
93 1348 477 1445 Epffldjfcizificis53ureus
495 1401 589 1442 urget
606 1403 718 1442 equos.

97 1459 129 1488 1.
149 1448 227 1485 Art.
247 1447 336 1484 Am.
360 1457 440 1494 550.

144 1497 297 1546 Tigribus
314 1495 487 1545 adjunffis
505 1505 610 1530 aurea
628 1492 699 1529 lora
718 1488 840 1531 dabat.

93 1548 237 1588 Auctor
254 1549 292 1585 in
311 1548 398 1585 obit.
417 1544 664 1581 Maecenatis:

15 1637 17 1645 s
147 1599 244 1636 Illius
264 1606 362 1646 aptus
379 1609 452 1632 eras
469 1593 574 1642 roseas
591 1593 774 1640 adjungere
794 1591 898 1640 bigas.

93 1652 202 1697 Quae
228 1649 276 1685 ibi
300 1659 385 1684 vera
409 1645 531 1682 leetio.
559 1643 729 1690 putabam
750 1640 945 1690 aliquando
961 1668 971 1685 ,
996 1639 1126 1689 adjun-

93 1702 167 1736 ἑῗας
185 1712 271 1743 axe,
297 1697 356 1734 sed
373 1707 471 1733 nunc
489 1694 579 1730 nihil
596 1701 714 1729 muto.
740 1704 771 1729 1.
790 1693 872 1731 Art.
891 1692 980 1729 Am.
1002 1703 1082 1739 544.

145 1754 191 1784 Et
203 1747 326 1797 preffas
347 1745 495 1783 continet
512 1753 586 1780 arte
595 1742 712 1792 jubas.

93 1799 143 1838 Et
167 1811 181 1835 1
192 1811 220 1836 1.
317 1826 324 1833 .

142 1809 419 1894 M0d042clmffis
436 1854 512 1881 arte
529 1852 672 1879 retentet
688 1855 797 1892 equos.
824 1843 1036 1880 Hfimsxus.

92 1905 183 1940 Arte
200 1898 339 1936 rec‘tum
361 1895 420 1933 est.
446 1894 519 1931 vid.
540 1893 586 1930 ad
606 1905 636 1930 1.
655 1894 735 1930 Art.
757 1896 842 1930 Am.
864 1905 896 1942 3.

144 1961 200 1999 31.
230 1946 395 1985 Manibus
418 1944 486 1995 post
512 1953 605 1992 terga
636 1943 840 1992 avinius]
870 1942 970 1986 Alii,
998 1940 1124 1990 ligatis.

91 2009 129 2039 at
159 2000 416 2048 Fragmentum
447 1995 603 2044 Regium
629 2022 639 2039 ,
678 2005 763 2030 cum
788 1993 972 2030 nonnullis
992 1992 1124 2040 scriptis

93 2050 270 2098 editisque
290 2076 300 2092 ,
336 2045 479 2084 retortis.
507 2043 716 2093 Quomodo
748 2043 944 2092 Virgilius,
974 2044 1011 2079 δε
1036 2043 1125 2079 Pru-

92 2101 192 2138 dent.
208 2099 268 2136 lib.
291 2110 344 2135 11.
361 2105 486 2134 contra
506 2095 715 2144 Symmach.
735 2106 771 2131 v.
791 2106 872 2142 559.
891 2092 1126 2143 Manibusque

95 2151 135 2188 in
153 2160 245 2198 terga
263 2148 407 2185 retortis.
430 2147 560 2183 Horat.
584 2157 638 2182 11.
658 2145 724 2192 Ep.
746 2156 776 2181 Ι.

145 2199 312 2236 Trahitur
331 2196 491 2234 manibus
511 2209 624 2243 regum
636 2196 784 2242 fortuna
806 2192 953 2232 retortis.

95 2250 302 2289 Hnmsms.
329 2249 465 2286 lterum
491 2247 663 2283 Horatius
681 2257 744 2282 111.
766 2244 839 2282 Od.
858 2256 895 2282 v.

460 2309 537 2346 Vidi
557 2322 609 2357 ego
626 2307 759 2345 civium

144 2371 283 2402 Retorta
304 2373 390 2411 tergo
408 2359 548 2397 brachia
570 2358 683 2397 libero.
807 2354 809 2356 ³

22 2476 24 2491 ἢ
98 2428 174 2466 Ubi
196 2427 395 2464 Lambinus
415 2424 602 2462 videndus.

151 2506 207 2544 33.
234 2493 362 2530 Omnia
382 2503 412 2529 te
435 2489 629 2539 metuent]
656 2488 739 2527 Plus
765 2487 855 2526 dixit
879 2498 1012 2536 genere
1037 2497 1129 2524 neu-

99 2552 181 2588 tro,
208 2556 317 2593 quam
345 2543 370 2580 si
401 2542 598 2580 masculino
628 2553 741 2577 omnes
771 2537 922 2576 dixiffet.
950 2539 1127 2575 MAmus.

24 2595 25 2604 ¹
101 2595 198 2632 Vide
217 2594 262 2632 ad
281 2593 458 2642 Quinetil.
478 2591 581 2628 Decl.
608 2601 637 2627 1.
657 2590 692 2627 6.

24 2643 25 2664 ³
153 2656 210 2694 33.
237 2645 300 2680 Ad
329 2654 361 2679 te
383 2645 449 2692 sua
475 2641 615 2678 brachia
643 2638 828 2688 tendent.]
866 2639 1129 2686 Fragmentum

101 2695 260 2744 Regium
278 2723 288 2738 ,
315 2693 361 2730 ad
388 2704 418 2730 te
440 2692 506 2741 sua
535 2690 675 2727 brachia
704 2690 842 2726 tendens
863 2689 997 2737 Vulgus.
1024 2687 1127 2736 quod

99 2746 239 2793 sequor⁴
264 2745 355 2781 bene
385 2745 494 2781 etiam
521 2753 613 2779 unus
642 2741 779 2777 Moreti
801 2768 810 2783 ‚
846 2739 970 2787 Vulgus
994 2747 1127 2774 canent.

104 2795 163 2833 Est
183 2802 303 2831 autem
329 2794 467 2832 Tibull.
486 2800 723 2841 pentameter.
750 2789 846 2838 apud
863 2801 974 2838 quem
993 2788 1102 2826 habes
1116 2816 1128 2832 ,

108 2855 164 2883 11.
183 2855 219 2880 v.
241 2855 320 2880 122.

158 2905 277 2950 Miles,
303 2906 357 2951 ι’ὂ,
384 2919 508 2956 magna
524 2920 626 2951 voce,
654 2903 858 2954 Triumphe,
887 2912 995 2940 canet.

108 2958 316 2996 Hmsms.

161 3019 217 3056 34.
246 3005 368 3053 Vulgus
382 3033 392 3049 ‚
422 3006 493 3054 sol]
514 3000 620 3044 'Vide
645 3018 738 3055 quae
759 3004 834 3042 dixi
862 3005 899 3041 in
918 3002 1071 3041 Scholiis
1093 3003 1131 3040 in

28 3078 30 3090 ι
105 3058 165 3097 lib.
190 3068 246 3093 tv.
263 3056 436 3092 Tristiurn
461 3068 513 3091 11.
534 3069 589 3103 52¹.
617 3057 830 3093 Cromnos,

160 3119 219 3156 35.
245 3112 448 3153 Terrorque,
468 3106 661 3154 furorque]
685 3107 824 3149 Scribe,
851 3117 1027 3153 errorque,
1044 3115 1130 3141 cum

107 3159 222 3206 prima
240 3156 414 3193 editione.
441 3167 530 3190 error
548 3155 645 3190 enim
670 3156 819 3201 &furor
838 3167 903 3204 pro
922 3168 1035 3190 amore
1056 3154 1132 3202 pas-

110 3207 173 3244 fim
191 3206 286 3255 apud
306 3207 448 3242 Po'e'tas.
476 3203 521 3239 de
547 3214 622 3251 quo
642 3203 836 3241 dicendum
858 3206 949 3241 infra
969 3205 1132 3251 ad-Eleg.

108 3270 146 3296 x.
171 3259 209 3296 ὅ(
234 3268 269 3296 x,
297 3256 452 3294 Metam.
481 3264 561 3303 342.
589 3253 798 3290 Hzmsxus.
825 3254 936 3302 Apud
964 3254 1133 3291 Claudia-

2091 1144 2220 1203 Non

1179 1298 1269 1325 num
1296 1298 1448 1336 quoque
1476 1299 1507 1326 1.
1537 1287 1577 1324 in
1605 1287 1691 1324 Ruf.
1722 1295 1780 1334 75.
1817 1285 1855 1323 in
1884 1282 1993 1323 MSS.
2020 1282 2070 1323 est
2099 1286 2219 1323 terrm

1181 1338 1244 1375 ubi
1271 1338 1384 1387 vulgo
1403 1351 1412 1375 :

1530 1387 1725 1438 Animique
1735 1386 1903 1435 profanus

1235 1443 1349 1477 Error.

1182 1488 1230 1527 Et
1252 1491 1300 1527 ita
1328 1497 1452 1528 contra
1479 1488 1575 1538 apud
1604 1486 1784 1538 Quinetil.
1806 1485 1912 1524 Decl.
1937 1498 2060 1524 xxvxi.
2084 1497 2160 1535 cap.
2183 1496 2219 1536 3.

1181 1540 1377 1588 legendum
1405 1569 1416 1586 ,
1460 1539 1620 1576 Credidit
1660 1548 1779 1576 tamen
1814 1536 1951 1587 aliquid
1987 1538 2222 1586 profetiurum

1181 1590 1397 1641 querelarum
1420 1601 1543 1627 terrore
1565 1589 1710 1638 repetito.
1737 1588 1799 1626 ubi
1821 1589 1933 1635 vulgo
1953 1600 2072 1624 errore.
2091 1587 2219 1625 BuRM.

1234 1652 1291 1690 37.
1320 1641 1384 1678 His
1401 1650 1440 1677 tu
1465 1639 1674 1687 militibus.]
1703 1639 1744 1676 In
1774 1650 1849 1675 uno
1877 1638 2042 1681 Moreti‚
2069 1636 2220 1674 militiis.

1180 1691 1290 1729 Forte
1302 1719 1312 1735 ‚
1331 1691 1386 1728 his
1408 1690 1638 1735 commilitiis,
1657 1689 1717 1727 vel
1737 1686 1989 1725 commilitibus.
2008 1688 2220 1726 Hfimsrus.

1181 1742 1304 1779 Male:
1333 1742 1421 1779 Dux
1442 1742 1490 1779 est
1512 1740 1660 1789 Cupido
1676 1767 1687 1784 ,
1714 1739 1847 1776 milites
1872 1739 1909 1775 &
1930 1737 2094 1774 satellites
2118 1738 2195 1785 ejus
2209 1764 2222 1781 ,

1178 1795 1284 1828 Error
1312 1792 1351 1829 ὃς
1375 1797 1482 1828 Furor
1509 1793 1580 1829 &a
1607 1798 1647 1827 ut
1665 1790 1794 1826 Martis
1816 1794 1933 1825 Pavor
1951 1788 1988 1824 ὃς
2008 1793 2127 1822 Metus
2147 1787 2224 1824 &c-

1178 1841 1267 1879 illud
1296 1841 1434 1878 militiis
1455 1869 1467 1887 ‚
1502 1840 1676 1890 sequioris
1707 1839 1789 1876 aevi
1817 1837 1866 1874 est
1888 1866 1898 1882 ‚
1937 1849 2013 1886 quo
2048 1836 2219 1873 militiam

1178 1903 1245 1940 pio
1273 1893 1435 1930 exercitu
1462 1893 1500 1930 ὃς
1530 1890 1702 1929 militibus
1731 1888 1910 1927 dicebant.
1945 1887 1990 1925 de
2019 1899 2096 1936 quo
2126 1887 2222 1925 alias.

1180 1943 1441 1981 BuRMANNus.

1231 1993 1289 2042 38.
1316 1991 1553 2042 Commoda]
1591 1988 1838 2029 Incommoda
1867 1995 1962 2026 certe
1997 1999 2098 2032 voit,
2124 1998 2220 2036 quae

1180 2043 1225 2080 de
1245 2045 1413 2092 praemiis
1431 2043 1591 2081 militum
1609 2041 1734 2089 paffim
1755 2040 1933 2083 occurrit,
1952 2038 2012 2076 sed
2028 2039 2114 2075 huic
2131 2038 2218 2075 loco

1180 2095 1338 2131 minime
1368 2094 1556 2131 convenit.
1599 2091 1770 2128 Francius
1811 2089 2017 2138 conjecerat
2051 2087 2216 2135 agmina,

1180 2144 1283 2193 quod
1311 2144 1336 2181 fi
1364 2145 1470 2181 MSS.
1498 2143 1708 2181 addicerent
1735 2140 1854 2184 multo
1881 2141 1996 2188 aptius
2023 2136 2118 2175 effet.
2156 2137 2216 2174 sed

1179 2195 1276 2232 forte
1310 2194 1454 2232 Ironice
1478 2191 1781 2241 intelligendum,
1809 2198 1848 2227 ut
1881 2190 1995 2227 castris
2025 2186 2217 2235 Cupidinis

1182 2245 1377 2282 militantes
1404 2256 1470 2293 pro
1499 2242 1710 2281 commodis
1735 2269 1745 2285 ‚
1791 2251 1951 2278 errorem
1985 2240 2023 2276 &
2052 2239 2214 2275 furorem

1183 2295 1459 2343 consequantur.
1472 2294 1574 2331 Idem
1585 2293 1755 2330 Francius
1767 2290 1990 2339 adscripserat
2000 2289 2109 2326 etiam
2121 2286 2216 2325 male

1183 2346 1271 2382 alios
1293 2345 1434 2393 legere,
1464 2344 1580 2381 nullus
1599 2343 1675 2380 eris.
1703 2343 1965 2379 Bunmannus.

1234 2407 1294 2441 41.
1320 2395 1502 2445 Gemma.]
1534 2394 1704 2431 Omnino
1725 2420 1734 2437 ,
1761 2391 1920 2440 gemina,
1945 2389 1980 2427 id
2007 2387 2054 2425 est
2081 2386 2217 2435 duplici

1182 2446 1380 2495 legendum
1395 2474 1405 2490 ‚
1432 2454 1473 2483 ut
1495 2445 1542 2482 est
1562 2447 1598 2482 in
1618 2442 1892 2481 comedim-ibus
1911 2438 2093 2477 codicibus
2114 2450 2121 2474 ;
2158 2438 2219 2474 hic

1183 2505 1306 2534 autem
1338 2508 1437 2533 error
1465 2497 1503 2533 in
1535 2495 1674 2531 Latinis
1706 2491 1910 2529 auum-ibus
1930 2486 2216 2537 frequentissime

1183 2549 1382 2594 reperitur,
1408 2553 1447 2583 ut
1467 2544 1609 2593 gemmis
1632 2555 1698 2590 pro
1720 2541 1863 2589 geminis
1881 2540 2038 2587 legatur,
2067 2538 2104 2574 δε
2120 2550 2215 2585 gem-

1184 2607 1282 2633 mata
1313 2608 1379 2644 pro
1405 2595 1606 2643 geminata,
1634 2594 1672 2629 ὃς
1700 2591 1837 2639 gemina
1855 2599 1978 2638 penna.
2014 2587 2114 2625 idem
2146 2587 2217 2631 est,

1184 2647 1286 2695 quod
1317 2647 1426 2683 Maro
1456 2645 1544 2682 dixit
1580 2656 1635 2680 iv.
1663 2640 1820 2678 Aeneid.
1851 2651 1933 2688 252.
1965 2636 2111 2674 Paribus
2137 2636 2217 2675 alis.

1183 2698 1293 2735 Doni.
1319 2697 1494 2733 Mamm.
1523 2693 1684 2731 Pulchros
1705 2702 1841 2739 gemma
1868 2688 2033 2726 variante
2060 2686 2218 2735 capillos,

1183 2749 1273 2785 haec
1303 2746 1415 2784 lectio
1446 2746 1494 2783 est
1517 2746 1553 2782 in
1581 2744 1639 2781 lib.
1667 2742 1795 2790 quibus
1823 2751 1892 2788 ego
1912 2747 2020 2782 utor,
2046 2737 2217 2785 antiquis.

1185 2799 1260 2835 Alii
1300 2797 1455 2845 legunt,
1505 2801 1555 2831 Tu
1586 2803 1699 2842 penna
1736 2790 1894 2840 pulchros
1928 2788 2066 2837 gemina
2089 2815 2099 2831 ,
2145 2798 2218 2826 (φτ.

1185 2850 1403 2886 ememus.
1430 2847 1474 2883 In
1491 2844 1699 2893 Gryphiana
1721 2843 1758 2878 ὃς
1779 2841 1854 2877 aliis
1882 2840 2032 2882 reftius,
2063 2842 2113 2873 Tu
2134 2846 2217 2885 pen-

1186 2912 1248 2934 nas
1261 2911 1398 2946 gemma
1418 2908 1460 2935 (7
1481 2894 1601 2933 rutilos
1619 2892 1783 2929 variante
1801 2887 2215 2940 capillos.DAN.HE1Ns.

1185 2949 1445 2997 Fragmentum
1466 2946 1625 2995 Regium
1645 2945 1682 2980 ὃς
1705 2942 1966 2990 Neapolitanus
1986 2938 2104 2976 codex
2128 2947 2213 2973 cum

1185 2999 1362 3047 excerptis
1384 2997 1572 3046 Scaligeri:

1238 3055 1289 3085 Tu
1300 3059 1431 3098 pennas
1446 3058 1582 3096 gemma
1595 3072 1605 3088 ,
1628 3056 1764 3093 gemma
1786 3040 1950 3078 variante
1970 3036 2112 3086 capillos.

1185 3101 1311 3148 Quam
1340 3110 1464 3135 veram
1496 3095 1572 3136 effe‘
1592 3095 1800 3144 scripturam
1830 3103 1877 3129 ne
1904 3089 2036 3128 dubita.
2058 3082 2213 3121 Remed.

1186 3154 1318 3195 Amor.
1340 3161 1396 3197 39.

1238 3208 1328 3238 Haec
1348 3212 1411 3246 ego.
1439 3196 1550 3234 movit
1572 3201 1685 3232 Amor
1699 3200 1891 3242 gemmatas
1910 3198 2029 3223 aureus
2047 3183 2122 3219 alas
2135 3210 2146 3227 ,

1288 3253 1334 3286 Et
1351 3248 1462 3293 mihi,
1488 3241 1841 3328 Ρνοροβῑιιηίἢρενβῐε,
1869 3237 1980 3281 dixit,
2009 3243 2098 3283 opus.
2144 3281 2219 3321 Ub-

1728 3299 1741 3327 t
1779 3303 1799 3324 Ζ
2208 3295 2223 3321 Ι,
