2553 3676
292 227 388 270 150

753 201 813 257 P.
889 195 1306 256 OVIDII
1381 193 1920 253 NASONIS

581 292 772 351 Nescia
796 309 932 367 quae
956 291 1158 346 faceret
1181 287 1381 343 subitos
1405 286 1534 342 mihi
1560 288 1730 344 caussa
1755 289 1998 354 dolore3‚

656 366 729 422 Et
752 365 899 420 rudis
923 363 990 417 ad
1012 374 1220 435 partu8‚
1260 359 1316 414 &
1340 379 1478 415 nova
1502 362 1652 418 miles
1678 382 1838 418 eram.

510 475 514 478 -
581 441 700 496 Nec
728 437 877 492 tenui
900 452 1110 491 vocem.

476 530 543 579 50

1150 433 1332 507 Quid,
1370 436 1469 497 ait,
1505 447 1596 509 tua
1622 436 1844 491 crimina
1870 436 2088 510 prodis?

655 512 874 584 Oraque
897 509 1173 565 clamantis·
1195 507 1406 562 conscia
1430 506 1614 578 preffit
1639 527 1783 562 anus,

584 577 952 659 Quid'faciam
974 582 1192 639 infelix?
1232 580 1463 649 gemitus
1490 579 1649 633 dolor
1673 581 1837 637 edere
1861 586 2042 655 cogit3

658 657 983 722 Sedtimor,
1023 657 1081 711 δε
1103 653 1317 716 nutrix,
1359 653 1412 706 &
1437 651 1617 724 pudor
1640 653 1777 726 ipse,
1816 671 2016 714 vetant.

587 732 867 788 Contineo
891 731 1152 802 gemitus,
1190 725 1467 799 elapsaque
1490 725 1652 780 verba
1675 730 1975 800 reprendo:

662 805 735 860 Et
760 822 930 874 cogor
953 801 1193 859 lacrimas
1217 798 1530 853 combibere
1555 800 1571 853 i
1612 799 1661 853 sa
1687 819 1844 855 meas,

474 898 538 947 55
578 878 736 934 Mors
761 890 873 940 erat
899 887 1022 929 ante
1047 874 1264 935 oculos;
1306 872 1362 927 &
1388 890 1559 944 opem
1627 874 1784 929 ucina
1806 875 2062 947 negabat:

662 949 735 1004 Et
760 967 950 1021 grave,
988 947 1026 1002 fi
1050 964 1319 1010 morerer,
1355 964 1500 1000 mors
1525 964 1748 1020 quoque
1772 949 1978 1004 crimen
2002 962 2131 1005 erat.

581 1025 728 1079 Cum
751 1022 1252 1095 luperineumbens,
1288 1019 1433 1074 sciss'a
1457 1021 1748 1094 tunicaque
1773 1040 2071 1097 cornaque,

658 1095 835 1150 Press'a
858 1095 1095 1155 refovisti
1118 1094 1336 1168 pectora
1359 1092 1536 1148 nostra
1556 1095 1676 1148 tuis,

580 1170 655 1226 Et
678 1169 837 1235 mihi,
875 1170 1020 1226 Vive
1044 1169 1225 1232 soror,
1263 1168 1414 1223 soror
1441 1168 1475 1222 ὀ
1501 1166 1789 1233 carissima,
1829 1170 2002 1234 dixti,

475 1249 541 1296 50

304 1467 308 1469 μ
340 1428 440 1441 “······
454 1425 578 1457 Movet
597 1436 638 1459 en
652 1421 778 1471 gelidos
799 1422 948 1460 Latonia
966 1426 1100 1458 currus.

289 1469 468 1509 Lucanus
485 1472 546 1510 lib.
566 1486 618 1510 ιν.
1023 1498 1027 1501 -

339 1521 408 1569 IPfl’
417 1522 484 1571 sub
505 1528 664 1560 Aurorae
679 1525 808 1574 primos
827 1523 983 1561 excedere
1003 1531 1119 1562 motus

340 1573 444 1619 Signa
459 1574 558 1622 jubet
580 1575 706 1623 castris.

289 1621 422 1661 Statius
447 1626 661 1663 Saturnalib.

338 1672 403 1708 Vix
425 1679 566 1711 Aurora
587 1690 693 1713 novos
714 1676 877 1713 movebat
896 1679 1006 1715 ortus.

285 1722 446 1762 Metam.
469 1738 523 1764 vr.
547 1726 607 1773 48.

336 1779 429 1810 Cum
445 1777 605 1826 primum
624 1783 770 1816 Aurora
790 1787 966 1816 movetur.

288 1823 338 1862 Et
355 1837 434 1863 xiv.
458 1829 540 1866 228.

338 1878 505 1915 Proxima
520 1880 590 1929 post
611 1893 741 1918 nonam
761 1893 839 1918 cum
850 1879 919 1930 seſs:
939 1882 1084 1919 Aurora
1105 1888 1272 1917 moveret.

286 1925 421 1965 Amor.
447 1942 477 1966 r.
504 1943 557 1969 11.
580 1932 638 1970 26.

338 1979 543 2027 Adjunelas
563 1994 639 2019 arte
661 1981 813 2020 movebis
833 1996 928 2021 aves.

286 2034 431 2084 Movere
458 2044 610 2083 quoque
638 2048 758 2070 currus
786 2033 878 2072 dixit
908 2034 955 2072 de
989 2033 1064 2072 sole
1097 2034 1342 2072 Germanicus

286 2092 325 2119 m
346 2081 555 2131 fragmento
577 2097 596 2122 a
622 2087 758 2123 Grotio
779 2086 817 2123 in
839 2087 939 2124 notis
958 2085 1060 2123 edito
1082 2097 1116 2135 p.
1145 2098 1201 2134 19.

579 2144 744 2186 Namque
761 2150 854 2184 anno
864 2135 971 2185 fhlem
992 2150 1143 2173 remeare
1158 2135 1293 2172 videbis
1304 2162 1316 2179 ‚

337 2185 496 2222 Moverit
517 2188 608 2224 unde
620 2188 701 2236 suos
721 2201 841 2224 currus
860 2197 918 2237 per
927 2186 1029 2237 figna
1048 2187 1220 2224 volantes.

286 2232 347 2272 Sic
369 2248 507 2273 movere
525 2239 695 2276 carinam.
721 2240 786 2287 Ep.
808 2251 899 2276 xm.
922 2252 1003 2276 101.
1033 2237 1123 2274 Fast.
1142 2250 1187 2274 11.
1204 2249 1289 2285 447.

337 2290 441 2322 Luna
461 2289 654 2337 resumebat
673 2290 801 2326 decimo
822 2302 917 2326 nova
936 2302 1061 2326 cornua
1080 2298 1177 2324 motu
1189 2305 1200 2324 .-

390 2338 515 2390 Virque
525 2350 627 2390 pater
641 2340 758 2390 subito
778 2350 953 2391 nuptaque
974 2351 1088 2378 mater
1109 2350 1195 2377 erat.

339 2389 468 2426 Gratia
488 2392 650 2429 Lucinae.

285 2438 346 2477 Sic
372 2440 411 2477 &
442 2441 489 2479 ibi
525 2444 671 2482 codices
699 2443 853 2493 antiqui.
880 2454 959 2481 non
988 2442 1117 2479 decimo
1139 2442 1272 2492 mense,
1300 2450 1342 2481 ut

285 2490 335 2528 est
365 2492 402 2528 in
433 2493 599 2542 vulgatis.
626 2508 740 2544 quem
761 2495 890 2533 locum
919 2503 1104 2543 receptam
1128 2495 1341 2543 scripturam

284 2543 379 2580 tueri
401 2544 438 2580 in
456 2544 510 2582 his
532 2546 696 2584 Canaces
715 2547 854 2584 amicus
879 2558 983 2583 meus
1004 2545 1272 2590 contendebat,
1302 2548 1341 2583 ὃς

287 2594 481 2640 evincere,
510 2610 577 2646 pro
605 2603 708 2634 Dona
738 2603 840 2633 Luna
871 2610 950 2635 non
981 2596 1051 2634 esse
1080 2597 1340 2645 reponendum

286 2643 418 2689 Plena,
448 2649 501 2685 uti
532 2649 743 2687 doctissimo
768 2649 969 2686 Gronovio
998 2649 1035 2685 in
1060 2648 1341 2686 Observationi-

287 2692 352 2749 bus
380 2697 440 2734 lib.
471 2711 524 2736 iv.
558 2713 589 2738 c.
626 2713 679 2750 ις.
707 2699 912 2738 videbatur.
940 2700 1024 2737 Nec
1043 2712 1128 2737 cum
1149 2701 1340 2738 Puteaneo

287 2743 380 2801 libro
405 2750 442 2783 ὃς
462 2751 538 2787 aliis
562 2752 748 2790 nonnullis
762 2780 771 2796 ‚
801 2758 928 2797 Nona,
956 2751 1060 2801 quod
1081 2763 1235 2801 magnus
1257 2753 1341 2790 Sca-

288 2795 380 2845 hgei·
399 2800 578 2845 probavit.
608 2804 710 2841 Nota
733 2803 814 2841 illa:

341 2850 458 2885 Matri
476 2850 574 2898 longa
594 2854 706 2891 decem
724 2854 886 2892 tulerunt
897 2853 1046 2903 fastidia
1067 2854 1207 2904 menses.

290 2898 425 2937 Noster
446 2902 483 2938 in
509 2901 613 2941 Fastis
635 2904 697 2941 lib.
721 2918 766 2942 11.
793 2919 873 2953 175.

340 2957 444 2988 Luna
465 2966 596 2989 novum
618 2955 720 2992 decies
741 2956 904 3006 implerat
926 2957 1083 2995 cornibus
1103 2958 1238 2996 orbem.-

393 3005 496 3051 Qae
508 3006 631 3051 fixerat
652 3007 748 3055 virgo
767 3008 896 3043 credita
911 3037 921 3052 ‚
951 3020 1066 3046 mater
1080 3020 1168 3049 erat.

289 3053 337 3094 Et
358 3054 421 3091 lib.
439 3067 504 3092 111.
529 3068 607 3102 ηις.

345 3105 401 3141 Vel
417 3106 499 3156 qnia
523 3106 572 3144 bis
593 3107 713 3159 quinto
727 3109 886 3155 foemina
905 3109 1019 3156 mense
1031 3109 1142 3158 parit.

293 3157 375 3194 Lib.
398 3170 432 3193 v.
458 3169 538 3206 534.

343 3209 502 3258 Jamque
524 3209 636 3247 decem
659 3209 807 3260 menses:
834 3223 878 3251 (φ
893 3220 978 3261 puer
999 3220 1095 3248 ortus
1113 3221 1198 3250 erat.

290 3258 448 3296 Althaea
471 3261 566 3308 apud
592 3262 753 3300 cundem
778 3264 870 3301 Met.
890 3275 981 3302 virt.

341 3314 387 3348 Et
408 3325 488 3362 quos
498 3313 649 3362 sustinui
667 3312 718 3352 bis
738 3315 895 3365 mensum
915 3315 1067 3366 quinque
1090 3312 1231 3355 labores.

653 1243 821 1299 Vive:
861 1261 964 1299 nec
988 1244 1146 1299 unius
1170 1259 1402 1315 corpore
1425 1242 1594 1315 perde
1619 1241 1772 1298 duos,

2331 1320 2459 1394 Spes

1402 1422 1543 1461 Seneca
1571 1433 1725 1472 quoque
1753 1422 1789 1459 in
1822 1419 2048 1463 Phoeniffis‚
2078 1419 2127 1457 fic
2158 1419 2258 1456 enirn
2287 1417 2460 1458 Thebai*-

1402 1474 1489 1512 dem
1519 1474 1596 1524 ejus
1624 1486 1712 1513 vere
1738 1472 1898 1512 inscribit
1920 1470 2239 1521 praestantissimus
2259 1470 2350 1509 liber
2372 1471 2461 1520 Me:
2519 1476 2534 1490 ⁴

1402 1525 1550 1565 dicaeus
1563 1540 1572 1564 ε

1567 1598 1632 1629 Per
1652 1592 1766 1629 decem
1785 1590 1955 1641 mensium
1971 1603 2099 1640 graves

1454 1642 1550 1679 Uteri
1572 1641 1713 1681 labores.

1399 1701 1530 1752 Atque
1558 1704 1608 1741 ita
1639 1704 1765 1753 paffim
1805 1704 1995 1743 auetores.
2022 1703 2232 1743 Menander
2267 1705 2307 1742 in
2332 1703 2464 1744 Plotio

1401 1758 1490 1798 “7va
1515 1755 1596 1790 κυεῖ
1609 1753 1817 1801 senopem.
1846 1756 2049 1794 Caecilius:

1453 1817 1622 1865 Infhletne
1643 1818 1770 1856 mulier
1789 1819 1918 1857 decimo
1939 1820 2050 1868 mense
2062 1828 2209 1868 parere?

1452 1868 1516 1905 Pol
1535 1883 1623 1906 nono
1639 1898 1649 1914 ‚
1676 1872 1786 1907 etiam
1800 1870 1946 1919 septimo
1960 1898 1970 1914 ,
1989 1880 2096 1920 atque
2113 1872 2248 1907 offl‘avo.⁴

1398 1930 1470 1968 Sed
1489 1932 1816 1980 quemadmodum
1831 1961 1842 1977 ,
1869 1933 1971 1984 quini
1996 1945 2039 1973 (φ
2060 1933 2141 1970 deni
2162 1931 2287 1970 calculi
2304 1944 2373 1982 pro
2393 1931 2461 1972 εἷσέ

1397 1994 1481 2019 cem
1501 1983 1540 2019 δε
1562 1983 1728 2032 quinque
1748 1983 1893 2022 calculis
1912 1985 2010 2022 recte
2031 1985 2227 2027 dicuntur,
2242 1984 2292 2021 ita
2315 1990 2459 2022 Lunam

1398 2033 1527 2069 denam
1558 2046 1626 2081 pro
1657 2034 1802 2073 decima
1829 2033 1930 2084 poffe
1963 2036 2035 2073 dici
2073 2043 2148 2072 erat
2173 2034 2457 2074 ostendendum.

1399 2083 1612 2122 Hfimsxim.
1635 2086 1736 2123 Male
1748 2086 1928 2135 premebat
1944 2086 2111 2124 defendit
2132 2087 2245 2123 Laur.
2269 2087 2459 2125 Ramirez.

1399 2135 1446 2172 de
1467 2135 1586 2173 Prado
1606 2137 1644 2174 in
1667 2137 2002 2175 Pentecontarcho.
2024 2149 2055 2175 c.
2083 2149 2117 2185 3.
2140 2137 2203 2174 ubi
2227 2137 2328 2185 plura
2345 2137 2457 2176 habet

1399 2187 1445 2224 de
1475 2187 1625 2225 decimo
1649 2188 1786 2225 mense.
1813 2189 1852 2226 in
1880 2188 1942 2227 lib.
1964 2201 2029 2226 111.
2057 2190 2137 2227 Art.
2157 2188 2246 2226 Am.
2271 2187 2355 2227 180.
2372 2189 2457 2239 qui-

1401 2237 1485 2276 dam
1506 2239 1619 2276 etiam
1644 2239 1814 2278 codices:

1449 2302 1591 2351 Roscida
1611 2301 1768 2350 luczseros
1784 2316 1863 2340 cum
1883 2303 1946 2340 dea
1963 2302 2077 2340 movit
2093 2317 2205 2353 equos.

1399 2365 1471 2402 Sed
1497 2365 1628 2402 rec-tius
1662 2365 1712 2402 ibi
1740 2366 1871 2414 jungit.
1902 2363 2049 2401 Velocbat
2080 2365 2142 2401 hic
2165 2363 2260 2401 duae
2280 2363 2453 2401 Venetae

1399 2418 1571 2466 antiquae
1593 2418 1632 2454 δε
1651 2415 1862 2454 Berfinanni
1886 2415 1977 2453 edit.
1997 2416 2034 2452 &
2050 2415 2195 2464 Micylli
2217 2415 2253 2452 in
2277 2416 2456 2463 margine.

1397 2468 1594 2519 Plenaque,
1624 2467 1729 2518 quod
1756 2467 1958 2505 Gronovio
1991 2466 2184 2514 placebat,
2211 2465 2375 2514 probasse
2400 2466 2457 2503 vi-

1398 2520 1504 2557 detin·
1526 2518 1716 2557 Salmasius
1739 2520 1777 2556 in
1793 2518 1854 2556 lib.
1878 2531 1909 2556 1.
1933 2517 2043 2566 Epist,
2065 2531 2124 2567 97.
2152 2517 2418 2554 Bunmimnus.

1451 2584 1508 2619 50.
1536 2570 1692 2620 maffia]
1723 2567 1859 2619 Claufit
1879 2569 2090 2607 Gronovii:
2115 2581 2194 2606 non
2213 2581 2320 2617 opus.
2347 2568 2450 2606 idem

1398 2623 1498 2660 enim
1531 2631 1637 2660 notat
1661 2650 1671 2666 ‚
1711 2622 1750 2659 ὃς
1775 2633 1820 2658 ex
1842 2633 1889 2659 11.
1907 2623 1988 2658 Ast.
2006 2632 2067 2669 92.
2084 2620 2232 2658 videtur
2252 2620 2412 2669 petitum
2432 2630 2453 2657 a

1397 2673 1565 2718 librariO,
1597 2674 1681 2712 ubi:

1501 2735 1714 2785 Clauserunt
1731 2736 1864 2774 virides
1883 2748 1942 2772 ora
1962 2735 2134 2785 loquentis
2153 2747 2277 2785 aquae.
2296 2734 2379 2772 Bur<
2387 2748 2428 2773 M.

1452 2814 1510 2852 53.
1540 2802 1753 2853 Continuo]
1777 2801 1944 2840 Contineo
1961 2809 2032 2838 tres
2048 2800 2140 2837 libri.
2159 2800 2306 2837 Heius.
2335 2800 2457 2837 Rece-

1399 2857 1520 2906 pimus
1543 2854 1642 2892 hanc·
1657 2855 1868 2904 scripturam
1882 2882 1892 2897 ‚
1913 2864 2027 2901 quam
2047 2853 2085 2889 ὃ(
2116 2850 2232 2889 Aldus
2259 2850 2451 2900 expreffit:

1400 2919 1487 2945 nam
1518 2905 1617 2942 idem
1653 2906 1702 2944 est
1741 2904 1844 2954 quod
1874 2904 2017 2952 reprimo
2039 2931 2049 2947 ‚
2087 2903 2187 2939 exire
2217 2914 2294 2940 non
2322 2903 2456 2951 patior.

1402 2957 1475 2995 vid.
1501 2958 1534 2993 V
1541 2954 1646 2994 avass.
1673 2957 1719 3004 de
1750 2956 1801 2992 Vi
1830 2956 1868 2992 ὃς
1888 2955 1952 2991 usu
1987 2953 2223 3004 quorundam
2251 2953 2453 2991 verborum

1400 3021 1436 3057 p.
1467 3020 1545 3045 112.
1575 3011 1624 3045 ita
1647 3007 1818 3043 continere
1839 3005 2015 3042 lacrimas.
2043 3018 2071 3042 1.
2098 3005 2189 3043 Am.
2216 3017 2296 3043 xxv.
2329 3017 2386 3053 51.
2414 3004 2453 3040 &

1400 3060 1515 3096 Plaut.
1543 3058 1690 3095 Mostcl.
1712 3071 1775 3095 111.
1801 3069 1855 3094 11.
1882 3067 1964 3106 137.
1992 3058 2041 3094 ita
2063 3070 2204 3100 vocem,
2233 3056 2363 3105 risicm,
2391 3053 2452 3089 do-

1400 3108 1505 3145 lorem
1538 3108 1707 3145 continere
1730 3137 1740 3153 ,
1778 3109 1816 3145 δε
1840 3107 1968 3146 similia
1998 3107 2125 3156 passim
2150 3107 2246 3156 apud
2274 3106 2455 3144 auctores.

1400 3160 1570 3209 Reprendo
1596 3172 1687 3197 vero
1715 3160 1858 3209 elegans
1875 3188 1885 3204 ‚
1924 3158 2024 3209 quali
2058 3160 2287 3208 poeniteret,
2316 3157 2355 3193 &
2370 3157 2453 3206 jam

1399 3211 1494 3249 dicta
1516 3211 1698 3249 retrahere
1716 3224 1759 3248 cx
1782 3213 1866 3260 fuga
1886 3212 2011 3248 vellet.
2032 3219 2071 3248 ut
2093 3210 2247 3248 Terent.
2268 3207 2373 3245 Adel.
2396 3219 2452 3245 xv.

1398 3276 1434 3309 4.
1461 3262 1669 3312 Reprehendi
1699 3276 1763 3299 me.
1804 3263 1853 3300 ita
1888 3272 2020 3312 tempus
2055 3259 2291 3311 reprehendere
2316 3258 2452 3297 Phaed.

1398 3315 1460 3356 lib.
1497 3327 1531 3353 v.
1559 3314 1643 3353 Fab.
1672 3314 1706 3354 8.
1738 3326 1850 3365 quare
1880 3314 2005 3354 frustra
2032 3313 2095 3352 hic
2125 3310 2271 3350 codices
2299 3320 2451 3354 retento,

2314 3371 2452 3412 repono,
2516 3409 2518 3415 y
