2553 3676
616 193 1158 261 AMORUM
1228 213 1400 251 L113.

1476 196 1578 254 111.
1657 218 1701 267 ς.

359 301 514 357 Colle
536 301 628 356 sub
651 295 828 368 aprico
852 289 1226 346 celeberrimus
1251 288 1371 343 ilice
1394 291 1541 345 lucus

430 373 634 430 Stabat3
678 368 733 419 δε
756 367 813 419 in
837 364 991 418 ramis
1019 362 1182 415 multa
1206 361 1398 415 latebat
1424 364 1547 418 avis,

288 463 316 512 ς
357 447 499 499 Area
523 439 794 511 gramineo
817 436 1023 491 suberat
1047 431 1353 488 viridiffima
1378 447 1560 503 prato,

428 513 601 567 Uvida
625 510 694 564 de
717 510 878 581 guttis
904 509 1021 562 lene
1044 505 1270 560 sonantis
1293 522 1474 577 aquae.

355 587 470 658 Ipse*
488 583 580 637 sub
606 581 836 635 arboreis
862 580 1090 635 vitabam
1115 576 1393 632 frondibus
1419 576 1615 631 aestum
1632 598 1653 636 ς-

424 654 639 710 Fronde
666 653 757 709 sub
781 653 999 709 arborea
1022 651 1113 706 sed
1139 662 1316 705 tamen
1340 649 1504 705 aestu-s
1529 659 1663 704 erat..

18 843 23 903 i
69 856 155 898 volet
176 856 354 906 cognoscere
370 883 380 901 ‚
404 856 482 894 lena
495 885 505 902 ,
522 859 595 897 &a
615 856 791 894 MICYLL.
817 856 924 894 Haec
943 849 1092 904 Elegia,

67 920 156 959 quae
184 907 244 945 sub
272 908 383 945 finem
415 920 569 956 operum
601 907 876 945 Ovidianorum
899 905 1093 955 fragmenti

66 960 213 998 nomine
239 969 425 1007 perperam
453 958 627 996 h21&enus
653 957 860 1006 legebatur,
887 957 959 994 huc
984 967 1091 993 revo-

66 1009 170 1048 canda
190 1008 237 1045 est
256 1020 300 1046 ex
318 1007 390 1046 fide
407 1009 638 1056 optimorum
661 1019 703 1045 ac
720 1008 1002 1045 veterrimorum
1028 1017 1092 1043 co-

20 1075 21 1081 *
64 1060 194 1097 dicum.
211 1060 264 1096 uti
277 1070 402 1107 parens
418 1070 521 1096 meus
533 1057 756 1107 jampridem
776 1059 934 1095 monuit.
950 1057 1092 1094 Hms.

20 1107 21 1130 ³
67 1109 244 1158 Gryphius
266 1110 305 1147 δε
322 1109 582 1153 Bersmannus,
603 1116 644 1146 ut
671 1109 917 1156 fragmentum
940 1119 986 1144 ex
1005 1106 1092 1155 Epi-

63 1160 266 1217 graminatis
281 1187 292 1204 ,
310 1159 355 1197 ad
385 1159 522 1197 calcem
543 1158 650 1207 primi
682 1159 778 1196 tomi
799 1159 1012 1207 rejecerunt.
1051 1158 1090 1195 in

18 1217 20 1246 ῑ
61 1221 173 1260 prima
199 1210 361 1247 editione
390 1210 438 1247 est
459 1209 556 1247 sexta
574 1209 655 1247 libri
676 1207 854 1252 secundi.
873 1209 908 1245 in
927 1207 1088 1254 Juniano

17 1262 19 1298 j
61 1260 183 1298 codice
198 1260 329 1316 legitur
346 1260 424 1309 post
441 1260 606 1308 Elegiam
625 1259 670 1297 de
691 1259 819 1302 Nuce,
836 1257 897 1296 ubi
917 1259 955 1295 &
973 1256 1089 1294 Aldus

11 1747 15 1774 l

60 1310 260 1348 collocavit.
287 1311 324 1348 in
354 1310 428 1348 aliis
455 1310 534 1358 post
560 1305 732 1359 Elegiarn·
757 1309 792 1345 in
825 1315 987 1346 mortem
1017 1307 1090 1345 Ti-

59 1360 165 1405 bulli,
192 1362 228 1398 in
249 1360 412 1398 Francof.
435 1360 514 1408 post
535 1359 627 1398 Ibin.
654 1358 916 1396 BURMANNus.

110 1423 139 1448 Ι.
167 1410 274 1458 Laffiis
294 1408 454 1460 submisit
473 1409 627 1460 ocellos.]
657 1409 776 1458 Lapfhs
795 1421 860 1457 pro
883 1405 1021 1446 diversa
1036 1407 1089 1445 ΙΕ-

58 1460 176 1499 &tione
204 1461 441 1498 Sari-avianus.
466 1468 673 1509 utrumque·
691 1460 848 1508 probum
871 1460 930 1496 est.
958 1459 1005 1496 sic
1025 1458 1089 1495 Se-

57 1523 143 1550 neca
163 1511 271 1559 Epist.
292 1523 379 1549 vm.
408 1510 527 1547 Oculos
544 1510 667 1560 vigilia
677 1509 847 1557 fatigatos
869 1508 1091 1557 cadentesque

57 1561 154 1600 dixit.
175 1561 281 1599 Trist.
306 1574 371 1598 111.
389 1561 488 1610 Eleg.
509 1573 573 1599 111.
593 1572 650 1607 44.
671 1572 715 1597 ex
735 1560 891 1608 scriptis:

102 1619 267 1660 Labeates
285 1621 392 1659 oculos
414 1621 529 1659 condet
547 1621 661 1658 amica
682 1634 819 1658 manus.

51 1684 125 1722 Ubi
150 1684 258 1732 plura.
284 1684 492 1731 Propertius
507 1682 569 1719 lib.
591 1693 622 1719 ι.
643 1681 743 1729 Eleg.
764 1693 798 1718 x.

100 1742 278 1792 Qamvis
297 1743 445 1780 labentes
461 1750 624 1792 premeret
644 1740 732 1779 mihi
744 1741 888 1791 fhmnus
909 1741 1036 1782 ocellos.

13 1793 16 1853 Σ
53 1809 100 1849 Et
120 1807 221 1856 Eleg.
240 1820 301 1844 111.
319 1807 482 1856 ejusdem
501 1805 601 1843 libri:

101 1876 199 1907 Dum
218 1883 272 1907 me
283 1869 448 1918 jucundis
466 1868 596 1917 lapsam
608 1867 704 1916 sopor
722 1867 862 1917 impulit
880 1868 958 1905 alis.

14 1949 15 1957 ¹
54 1932 126 1973 Ubi
157 1934 278 1972 frustra
305 1932 424 1982 laffizm
452 1930 594 1981 Lipsius
615 1931 772 1979 reponit.
801 1931 932 1968 Noster
958 1938 1085 1969 tamen

54 1984 208 2033 Epistola
227 1986 369 2027 Herus,
387 1982 483 2031 subit
503 1980 637 2029 furtim
663 1981 800 2019 lumina
810 1981 896 2030 fessa
908 1982 1015 2031 sopor.
1043 1983 1083 2020 ὃς

54 2035 178 2084 virgil.
191 2035 252 2072 lib.
273 2046 306 2071 v.
325 2035 362 2071 in
383 2033 519 2071 finem:

100 2096 265 2146 Feffosque
294 2095 401 2133 oculos
418 2097 543 2141 furare
569 2094 689 2144 quieti.

52 2156 156 2199 Idem
177 2155 385 2205 Propertius
403 2155 464 2193 lib.
484 2168 529 2193 ιι.
547 2155 649 2204 Eleg.
668 2167 730 2193 xv.

100 2218 166 2257 Illa
184 2231 273 2256 meos
283 2220 402 2267 sbmno
422 2217 525 2266 lapfhs
539 2216 698 2266 patefecit
716 2215 841 2254 ocellos.

56 2279 111 2319 Sic
130 2288 267 2318 veteres
286 2280 376 2318 libri.
395 2279 666 2328 Quimst‘ilianus
686 2280 724 2316 in
740 2280 942 2318 Prooemio
953 2280 1012 2319 lib.
1027 2290 1081 2320 vx.

56 2330 99 2369 de
119 2330 193 2368 filio
212 2331 417 2368 moriente:
448 2330 593 2378 Tuosne,
623 2329 639 2366 ὃ
668 2343 744 2366 mea
766 2331 834 2378 spes
861 2331 1001 2376 inanis,
1029 2333 1082 2368 la-

57 2380 163 2418 bentes
188 2381 293 2417 oculos
310 2408 320 2424 ,
348 2390 449 2417 tuum
466 2380 657 2428 fugientem
680 2380 844 2428 spiritum
870 2381 981 2418 vidi?
1015 2383 1083 2420 Pe-

55 2432 189 2469 tronius
210 2443 285 2480 cap.
306 2443 341 2468 c.
363 2436 428 2478 Ego
448 2430 604 2466 tremulis
620 2430 780 2466 manibus
801 2431 956 2476 Eumolpi
970 2460 980 2475 ‚
1002 2432 1081 2481 jam

55 2480 92 2517 in
105 2481 253 2530 stuporem*
267 2481 432 2524 labentis,
462 2479 627 2516 laciniam
655 2479 753 2515 duxi.
782 2481 991 2518 Heinsms.
1028 2483 1081 2521 Ita

11 2518 14 2541 ⁵
57 2529 135 2579 laffa
155 2531 309 2575 lumina,
327 2532 412 2568 lice-t
432 2531 469 2567 in
486 2531 550 2566 alia
572 2541 608 2566 re
629 2541 699 2566 vn.
718 2530 874 2566 Metam.
897 2532 978 2577 587.

105 2592 138 2619 2.
166 2580 399 2629 Terruerant.]
421 2585 627 2616 Terruerunt
648 2581 858 2617 Puteaneus.
876 2580 985 2618 recte.
1005 2581 1089 2620 dixi'

55 2630 161 2679 Epist.
183 2643 251 2668 vxi.
270 2631 324 2674 xis.
348 2632 426 2668 166.
446 2632 656 2667 Heinsius.

106 2692 149 2729 3.,
164 2679 451 2729 Celeberrimu5.]
487 2681 691 2717 Puteaneus
712 2705 731 2724 ,ν
760 2678 1006 2718 creberrimus.
1033 2681 1081 2720 fic

55 2741 106 2769 xv.
117 2732 271 2768 Metam.
284 2731 342 2779 89.
363 2729 534 2768 Heinfius
552 2742 598 2767 ex
616 2729 711 2766 libris
732 2730 865 2778 scriptis
885 2730 1053 2770 restituit:

101 2792 217 2829 Arbor
235 2792 282 2829 ibi
294 2819 306 2837 ,
322 2792 432 2830 niveis
453 2792 666 2831 celeberrima
681 2792 800 2842 pomis.

55 2850 112 2890 sic
133 2866 177 2890 ιι.
195 2853 351 2900 Metam.
368 2853 450 2891 218.

102 2901 326 2938 Celeberrima
344 2903 500 2947 sontibus
526 2902 594 2941 Ide.

54 2951 128 2989 Ubi
154 2952 265 2989 etiam
288 2953 392 2988 MSS.
416 2954 548 2991 eodem
577 2954 693 2992 modo
720 2956 869 2993 variant.
905 2954 954 2992 fic
982 2953 1086 3004 apud‘

59 3000 204 3039 Sueton.
226 3000 312 3038 Tib.
334 3014 390 3048 52.
414 3013 459 3038 ex
479 3004 655 3042 Torrenti
673 3008 711 3041 &
732 3004 891 3042 Salmafii
909 3005 1005 3043 libris
1025 3007 1078 3043 le-

57 3051 242 3099 gendum:
281 3057 346 3087 Per
383 3053 488 3087 noctes
520 3054 723 3097 celeberrime
753 3055 986 3092 acclamatum
1012 3056 1086 3103 est,v

57 3100 162 3137 Redde
181 3100 436 3137 Germanicum.
465 3103 588 3148 Quam
606 3103 804 3143 lectionem
820 3106 939 3144 firmat
956 3105 1078 3145 similis

60 3152 162 3188 nostri
177 3152 279 3188 locus
297 3151 355 3188 lib.
381 3163 409 3187 ι.
430 3163 474 3187 ex
497 3152 601 3188 Pont.
622 3164 673 3188 ix.
693 3165 750 3200 25.

107 3205 174 3239 Vox
191 3211 309 3237 tamen
323 3200 384 3236 illa
393 3200 467 3246 suit
488 3200 698 3237 celeberrima
711 3229 721 3245 ‚
740 3205 866 3252 Respice
877 3233 887 3253 ‚
904 3217 1083 3258 quantum

109 3270 112 3273 ·
152 3251 283 3290 Debent
299 3250 426 3290 auxilii
442 3252 626 3290 Maximus
646 3251 702 3301 effe
722 3250 808 3303 tibi..

2015 726 2161 785 Ecce
2173 767 2197 795 9

1147 850 1195 889 Et
1226 850 1273 889 ibi
1303 850 1505 889 creberrima
1532 851 1569 888 in
1589 849 1794 895 nonnullis;
1826 849 1866 889 ὃ(
1892 849 1999 899 ipfius
2022 852 2189 894 Suetonii

1147 902 1261 939 altero
1290 902 1376 939 loco
1409 904 1447 940 in
1476 902 1616 938 Neron.
1648 913 1706 948 40.
1735 902 1830 938 Unde
1846 900 1909 938 illa
1928 915 1999 937 vox
2019 904 2088 951 ejus
2108 906 2191 942 cele-

1146 951 1319 996 berrima,
1343 953 1383 988 τὸ
1407 955 1539 989 τέκνων
1560 963 1633 990 σε.
1660 951 1793 989 Noster
1811 951 1872 989 lib.
1891 963 1947 989 v1.
1968 952 2062 990 Met.
2083 955 2163 1003 165.

1196 1007 1278 1039 Ecce
1294 1002 1393 1039 venit
1413 1001 1577 1038 comitum
1599 1001 1705 1037 Niobe
1725 1001 1939 1038 celeberrima
1960 1001 2076 1039 turba.

1146 1048 1194 1089 Et
1220 1052 1267 1089 ibi
1294 1052 1494 1089 creberrima
1519 1051 1672 1101 quidam
1693 1051 1824 1100 scripti.
1848 1051 1935 1089 vide
1957 1051 2003 1089 ad.
2021 1063 2075 1090 xv.
2092 1053 2188 1094 Met.

1145 1102 1206 1149 48.
1233 1103 1272 1140 ὃ(
1295 1115 1339 1141 ιι.
1357 1103 1438 1140 Art.
1459 1113 1541 1150 705.
1569 1101 1834 1139 BURMANNUS.

1195 1166 1227 1200 ς.
1257 1151 1502 1202 Viridiffima.]
1533 1153 1686 1201 Legitur
1706 1153 1743 1190 in
1767 1151 2031 1201 exemplaribus
2050 1153 2159 1192 etiam
2173 1159 2193 1201 ,ἲ

1145 1201 1372 1249 Nitidiffima.
1400 1212 1595 1251 utrumque
1618 1201 1729 1240 reae.
1753 1202 1934 1240 ΜΑιιιυε,

1195 1253 1228 1289 6.
1257 1252 1463 1304 Humida]
1499 1254 1727 1297 Pure-ancus,
1755 1253 1891 1292 uvida..
1906 1253 2076 1292 Avienus
2104 1255 2186 1293 Ora

1144 1303 1340 1340 Maritima·
1358 1315 1439 1351 522.

1196 1359 1350 1403 Uvetque
1358 1354 1488 1402 semper
1505 1352 1662 1390 dulcibus
1680 1352 1783 1389 tellus
1800 1353 1911 1404 aquis.

1143 1403 1257 1451 Apud
1280 1403 1524 1441 Columellam
1549 1404 1655 1441 initio
1676 1403 1753 1440 libr.
1773 1415 1808 1440 x.
1830 1404 1946 1441 Uvida
1967 1414 2099 1444 natura
2117 1404 2191 1444 hmr

1145 1452 1222 1490 bilis
1233 1453 1309 1501 fi'li·
1325 1454 1447 1491 Valer.
1465 1454 1582 1491 Flacc.
1600 1453 1660 1490 lib.
1684 1466 1715 1490 ι.
1735 1453 1819 1490 288.
2175 1448 2186 1455 ¹

1194 1503 1261 1590 ill?
1282 1503 1420 1552 quidem
1429 1502 1518 1553 seffii
1539 1503 1631 1552 longe
1642 1504 1729 1553 petit
1748 1503 1860 1542 uvida
1873 1503 2006 1554 palmis

1194 1560 1238 1590 Ve
1254 1554 1335 1592 lera.

1144 1602 1197 1640 Ita
1215 1604 1327 1641 scribo
1340 1632 1350 1649 ,
1373 1615 1457 1642 cum
1479 1605 1516 1642 in
1537 1603 1682 1642 vetustis
1703 1604 1889 1642 codicibus
1908 1604 2070 1654 legatur,
2083 1607 2185 1645 invi-2

1143 1653 1214 1696 da;
1243 1655 1339 1702 apud
1357 1655 1525 1692 Plautum
1547 1654 1742 1699 Rudente,
1773 1667 1803 1692 1.
1826 1667 1878 1692 ιν.
1901 1666 1961 1704 31.

1193 1704 1320 1741 Siccine
1340 1704 1395 1742 hic
1415 1716 1492 1741 cum
1509 1705 1626 1741 uvida
1639 1704 1725 1751 veste
1740 1704 1982 1753 graffabimur.

1143 1753 1202 1791 Sic
1221 1754 1341 1791 Uvida
1357 1755 1559 1801 vestimenta
1578 1756 1675 1802 apud
1694 1755 1892 1792 Horatium
1912 1755 1974 1792 lib.
1997 1767 2028 1793 1.
2048 1756 2122 1793 Od.
2144 1759 2183 1795 vi

1142 1812 1183 1841 ut
1210 1804 1258 1842 est
1289 1806 1326 1842 in
1353 1805 1449 1842 libris
1474 1805 1641 1853 antiquis.
1668 1805 1707 1842 δε
1736 1805 1892 1842 Uvidum
1919 1803 2024 1842 Tibur
2042 1805 2103 1845 lib.
2126 1818 2182 1846 xva

1143 1853 1218 1891 Od.
1240 1867 1285 1892 11.
1312 1856 1351 1892 ὃς
1367 1855 1428 1892 lib.
1446 1867 1491 1891 11.
1513 1855 1588 1891 Od.
1609 1866 1685 1892 xxx.

1195 1911 1246 1941 Tu
1264 1904 1430 1955 ftparatis
1457 1904 1588 1941 uvidus
1612 1905 1651 1941 in
1669 1903 1783 1954 jugia·

1141 1953 1230 1992 Fast.
1249 1968 1302 1992 ιν.
1324 1955 1408 2002 428.

1190 2005 1284 2041 Valle
1294 2005 1360 2054 sub
1378 2004 1536 2053 umbrosa*
1555 2004 1644 2041 locus
1660 2005 1724 2052 est,
1746 2004 1916 2055 aspergine
1934 2006 2057 2044 multd

1138 2105 1171 2143 E
1241 2056 1430 2093 Uvidusex
1449 2056 1521 2092 alto
1542 2053 1723 2105 desilientis
1741 2069 1865 2106 aquae.

1174 2113 1187 2142 t
1208 2106 1293 2154 685.

1188 2162 1263 2192 Hac
1281 2169 1334 2204 ego
1352 2155 1525 2204 Pelignos‚
1553 2155 1689 2192 natalia
1708 2168 1813 2201 rura,
1834 2156 1994 2206 petebam
2008 2185 2022 2202 ,

1239 2212 1359 2242 Parva
1371 2234 1381 2250 ,
1402 2206 1463 2254 sed
1479 2205 1614 2253 affiduis
1630 2206 1742 2242 uvida
1755 2208 1886 2255 fimper
1903 2209 2017 2258 aquis.

1139 2255 1196 2294 Sic
1216 2267 1370 2305 repono.
1397 2268 1482 2294 nam
1504 2257 1586 2296 libri
1604 2264 1742 2295 veteres
1757 2284 1767 2302 ,
1794 2257 1911 2296 obvia.
1938 2259 2094 2297 Metam.
2110 2258 2175 2297 lib,

1138 2318 1175 2344 v.
1206 2318 1291 2354 390.

1188 2358 1325 2405 Frigora
1345 2356 1434 2393 dant
1453 2356 1569 2393 rami:
1597 2357 1714 2394 varios
1731 2357 1859 2395 humus
1877 2358 1989 2395 uvida
2000 2357 2110 2408 flores.

1138 2406 1196 2443 Sic
1216 2408 1253 2444 &
1276 2407 1325 2444 ibi
1342 2407 1437 2455 lego.
1464 2419 1549 2445 nam
1579 2407 1706 2444 humus
1732 2408 1878 2445 humida
1904 2409 2085 2456 ingratum
2111 2407 2183 2455 soff·

1136 2465 1209 2494 nat.
1238 2457 1353 2494 Statio
1373 2458 1515 2495 libsnl.
1539 2458 1637 2506 SyIV.
1658 2459 1807 2496 Hercul.
1826 2459 1986 2496 Surrent.

1188 2508 1359 2556 Loquitur
1377 2516 1459 2556 pars
1484 2508 1597 2544 uvida
1624 2517 1745 2545 terrae.

1136 2556 1258 2594 Theb.
1278 2569 1351 2594 vir.
1374 2568 1456 2604 33¹·

1188 2609 1284 2654 Qos
1309 2607 1420 2642 uvida
1443 2606 1582 2652 fiestinet
1606 2609 1723 2644 Arna.

1136 2656 1347 2704 Quomodo
1367 2655 1593 2694 scribendum
1612 2668 1715 2700 reor,
1744 2667 1827 2694 cum
1851 2657 1888 2694 in
1911 2656 2055 2695 vetustis
2074 2663 2183 2696 non-

1135 2706 1240 2744 nullis
1271 2706 1455 2744 codicibus
1482 2707 1621 2755 legatur
1640 2733 1651 2750 ‚
1688 2706 1830 2744 vivida.
1858 2708 2031 2756 Virgilius
2052 2708 2112 2745 lib.
2138 2720 2182 2745 1.-

1137 2757 1274 2806 Georg.
1293 2769 1337 2796 εφ
1353 2756 1496 2805 Jupiter
1512 2757 1641 2793 uvidus
1660 2756 1808 2804 Austris.
1835 2757 2031 2806 quomodo
2048 2766 2184 2796 veter--

1135 2807 1247 2844 rimus
1268 2807 1459 2844 Mediceus
1478 2807 1515 2843 in
1535 2806 1712 2844 Bucolicis
1733 2806 1890 2844 dixerat:

1184 2857 1318 2893 Uvidus
1335 2855 1490 2905 hybernd
1509 2857 1606 2893 venit
1626 2855 1667 2892 de
1681 2856 1809 2904 glande
1830 2857 2033 2897 Menalcas.

1133 2908 1290 2954 Uvescere
1310 2907 1406 2955 apud
1423 2907 1638 2944 Lucretium
1658 2906 1718 2943 lib.
1735 2908 1856 2955 primo
1879 2908 1963 2956 306.

1183 2958 1340 3005 Denique
1349 2955 1734 3007 fluoiffragofuspensae
1751 2956 1790 2993 in
1809 2956 1926 2994 littore
1941 2956 2056 3005 vestes

1181 3009 1363 3055 Uveftunt.

1132 3056 1181 3094 Et
1202 3071 1325 3102 uvens,
1338 3057 1382 3094 de
1402 3068 1473 3107 qua
1495 3068 1606 3101 voce,
1618 3057 1943 3106 saepius-*corrupta
1957 3055 2180 3099 ,videantuff

1132 3119 1227 3156 quae
1256 3116 1423 3145 accurate
1453 3107 1646 3156 disputavit
1685 3108 1899 3146 Gronovius
1930 3108 2046 3144 Dian:
2079 3105 2181 3142 Stat-.-

1133 3169 1211 3205 cap.
1233 3171 1348 3194 xxm.
1365 3169 1434 3195 nos
1456 3158 1556 3206 plura
1575 3158 1620 3195 ad
1639 3158 1764 3194 Silium
1788 3171 1848 3195 ιιι.
1871 3170 1951 3205 522.
1975 3156 2113 3191 Hiems.

1184 3208 1219 3243 6.
1259 3213 1345 3245 Lene
1377 3208 1545 3256 sonantis.
1564 3208 1580 3257 ]
1617 3213 1706 3244 Leuc
1729 3207 1873 3259 fluentis
1900 3205 2080 3244 Palatinus
2111 3203 2179 3241 sea·

1134 3255 1287 3305 eundus.
2114 3301 2117 3305 ,

1553 3307 1581 3344 P·
1602 3317 1626 3353 P·
1643 3316 1668 3353 F
1704 3316 1736 3354 3,
2027 3312 2076 3351 9.-
2089 3307 2186 3350 Ecce?
