2553 3676
4 2370 17 2637 mus-
3 2303 9 2333 ‘-
3 2207 7 2231 ’-
1 2159 9 2178 *-

372 207 736 270 ARTIS
807 202 1978 269 AMATORIAELiss.III.
2162 209 2255 273 683

409 299 544 355 Sunt
565 297 665 353 illis
687 293 998 362 celeresque
1021 288 1182 360 pilae,
1218 289 1588 367 jaculumque,
1614 293 1926 368 trochique,

478 373 782 440 Armaque,
817 362 874 416 ἃ
898 363 955 417 in
980 378 1139 434 gyros
1164 361 1243 415 ire
1270 365 1486 419 coacius
1512 383 1697 439 equus

265 443 366 514 385
403 444 520 501 Nec
545 458 639 496 vos
662 439 902 508 Campus
926 435 1114 500 habet,
1139 451 1240 489 nec
1263 452 1360 490 vos
1385 438 1698 507 gelidiffima
1720 439 1932 513 Virgo;

478 515 595 570 Nec
620 509 868 564 Thuscus
891 507 1102 581 placid-'21
1129 507 1349 563 devehit
1375 509 1542 562 amnis
1567 513 1717 582 aqu-21.

406 589 483 644 At
507 585 662 647 licet,
702 583 758 636 &
781 582 1030 656 prodest,
1069 581 1350 654 Pompejas
1376 581 1454 637 ire
1477 598 1575 654 per
1598 584 1839 648 umbras;

474 656 714 728 Virginis
741 656 989 711 aetheriis
1015 672 1141 710 cum
1165 667 1325 727 caput
1349 655 1501 710 ardet
1526 654 1694 728 equis.

401 729 572 787 Visite
599 730 864 802 laurigero
886 729 1083 785 sacrata
1117 727 1314 783 Palatia
1336 728 1592 784 Phoebo:

263 823 364 876 390
474 803 564 857 Ille
589 802 929 859 Paraetonias
951 799 1131 858 mersit
1155 801 1211 855 in
1235 802 1337 855 alta
1361 814 1513 856 rates,

404 875 671 949 Quaeque
696 877 845 932 soror
871 875 1176 947 conjuxque
1201 873 1370 930 Ducis
1396 886 1746 931 monumenta
1768 884 2043 948 pararunt:

474 949 766 1022 Navalique
792 967 957 1022 gener
980 947 1183 1002 cincius
1214 946 1422 1002 honore
1446 960 1621 1020 caput.

404 1020 575 1080 Visite
600 1023 911 1078 turicremas
936 1038 1129 1077 vaccae
1157 1019 1553 1094 Memphitidos
1576 1038 1714 1076 aras:

474 1094 646 1150 Visite
670 1095 966 1169 conspicuis
991 1106 1143 1149 terna
1167 1093 1373 1149 theatra
1394 1094 1540 1149 locis,

258 1187 357 1241 395
398 1166 716 1241 Specientur
740 1168 927 1241 tepido
951 1167 1248 1222 maculosae
1271 1166 1521 1238 sanguine
1546 1182 1765 1229 arenae;

476 1241 739 1313 Metaque
773 1241 1005 1296 ferventi
1042 1239 1367 1293 circueunda
1396 1242 1530 1294 rota.

399 1313 570 1388 Quod
594 1314 752 1377 latet,
788 1314 1039 1384 ignotum
1063 1310 1138 1366 est
1158 1351 1174 1375 ,
1209 1312 1384 1383 ignoti
1408 1313 1550 1367 nulla
1579 1309 1796 1383 cupide.

472 1385 515 1440 F
518 1384 695 1441 ruerus
720 1385 889 1449 abest,
929 1384 1088 1439 facies
1114 1401 1241 1438 cum
1267 1384 1406 1439 bona
1432 1384 1563 1439 teste
1589 1396 1751 1438 caret.

399 1458 495 1514 Tu
516 1459 640 1513 licet
666 1458 720 1512 δε
744 1457 1057 1530 Thamyran
1083 1457 1294 1529 superes
1309 1497 1325 1521 ,
1364 1456 1421 1511 δε
1443 1456 1725 1513 Amoebea
1748 1466 1941 1520 cantu;

252 1550 358 1604 400
463 1532 593 1587 Non
615 1531 716 1588 erit
742 1532 960 1605 ignotae
990 1530 1160 1603 gratia
1185 1547 1376 1604 magna
1402 1531 1560 1604 lyrae.

2203 1600 2261 1658 Si

108 1734 142 1785 ej
151 1747 188 1774 us
204 1745 283 1773 non
300 1735 470 1784 quietum
491 1732 652 1783 indicat)
678 1732 773 1784 aqua
792 1732 956 1772 fluvii&
976 1732 1152 1783 Virgilius
1205 1730 1267 1771 sed
1285 1730 1371 1771 vide
1391 1731 1505 1782 supra.
1524 1732 1583 1777 ybs.
1604 1734 1663 1784 53ss
1690 1731 1730 1771 &
1752 1743 1781 1770 1.
1800 1729 1935 1769 Amor.
1955 1733 1988 1769 1.
2016 1740 2078 1780 29.
2095 1727 2135 1767 ὃς
2153 1727 2259 1778 Eleg.

109 1799 160 1826 ιι.
177 1787 338 1824 Aene’i'd.
367 1785 451 1831 782.
479 1784 548 1823 leni
570 1784 708 1834 agmine
734 1784 920 1835 Thybrim
942 1782 1054 1833 fluere
1090 1784 1153 1821 ait.
1208 1783 1248 1821 in
1266 1783 1373 1822 Drus.
1396 1795 1479 1833 334.
1508 1786 1547 1822 &
1566 1797 1650 1834 459.
1705 1783 1968 1822 BuRMANNus.

110 1838 151 1877 in
186 1837 310 1886 primo
342 1836 514 1875 Mentelii
544 1836 674 1874 codice
702 1844 778 1874 erat
798 1864 809 1881 ,
845 1834 988 1885 liquidis
1016 1833 1158 1871 devehit
1262 1845 1346 1884 394.
1373 1841 1486 1873 Tema
1507 1833 1701 1886 Theatra.]
1732 1835 1841 1872 Trina
1859 1833 1980 1872 codex
2001 1843 2096 1873 unus
2117 1831 2265 1877 Patavi,

108 1887 227 1925 amnis
271 1887 384 1937 aquis.
443 1885 590 1933 Tuscum
623 1886 767 1923 alveum
805 1886 917 1924 etiam
953 1885 1154 1924 Horatium
1210 1895 1290 1924 nus.
1315 1893 1357 1924 ut
1376 1886 1437 1924 lib.
1457 1898 1524 1924 111.
1542 1886 1652 1925 Trist.
1678 1898 1735 1924 12.

109 1937 235 1978 dixisse
253 1939 399 1977 notavit
416 1938 552 1975 Douza
569 1936 631 1976 lib.
644 1936 838 1984 111.Od.7.
866 1935 1001 1974 Bam.
1261 1942 1397 1988 Proque
1417 1937 1528 1975 tribus
1546 1937 1706 1987 refhnant
1727 1937 1824 1975 trina
1842 1935 1997 1974 Theatra
2013 1935 2113 1983 foris.

162 1989 247 2039 387.
274 1996 339 2027 Per
363 1988 542 2039 umbras.]
571 1987 638 2025 Sub
657 1987 799 2027 umbras
817 1996 888 2026 tres
905 1987 998 2026 libri.
1024 1987 1074 2026 ita
1094 1986 1156 2026 lib.
1211 1986 1291 2033 Ita,
1317 1987 1417 2026 trina
1437 1987 1599 2027 numina.
1623 2001 1661 2027 v.
1674 1987 1765 2026 Fast.
1790 1986 1871 2034 146.
1901 1988 1973 2034 &,¹
2003 1987 2102 2025 trina
2122 1983 2265 2025 nomina

115 2050 150 2081 ι.
169 2040 229 2087 67.
251 2039 404 2090 spatiare
416 2038 482 2088 sub
510 2038 650 2077 umbra.
1211 2049 1266 2076 V1.
1284 2039 1370 2077 216.
1394 2038 1512 2089 poffet
1533 2040 1572 2077 &
1590 2039 1685 2089 legit

162 2101 249 2140 390.
279 2090 340 2128 Ille
362 2090 589 2128 Paraetonias
610 2088 724 2138 merfit
756 2089 795 2126 in
818 2088 899 2126 alta
928 2087 1057 2139 rates.]
1087 2095 1158 2126 Pa·
1265 2087 1366 2139 Visite
1383 2090 1547 2139 contiguis
1564 2090 1663 2127 trina
1682 2088 1822 2128 theatra
1832 2088 1937 2138 foris.
1991 2089 2204 2129 Heinsius.

110 2140 302 2180 raetonicas
324 2142 486 2190 optimus
508 2141 643 2190 Regius
671 2142 710 2178 ὃς
737 2139 814 2178 duo
840 2139 913 2178 alii.
965 2141 1060 2178 Puto
1085 2145 1158 2176 Pa·
1212 2139 1302 2179 Vid.
1324 2140 1369 2179 ad
1389 2141 1502 2190 Epist.
1520 2152 1576 2178 1x.
1598 2141 1658 2192 38.

109 2191 323 2231 raetonidas.
348 2192 434 2230 vide
453 2200 558 2230 notas
573 2192 674 2241 supra
695 2191 756 2229 lib.
776 2203 803 2228 1.
821 2190 880 2235 ybs.
901 2202 984 2237 172.
1011 2192 1160 2229 Hiems.
1268 2203 1353 2241 395.
1380 2191 1586 2230 Maculatae
1619 2191 1792 2241 sanguine
1823 2204 1961 2230 arenae.
1992 2190 2010 2242 ]
2068 2187 2263 2237 Maculofhe

164 2254 252 2293 390.
278 2249 320 2280 In
341 2242 466 2292 Alta]
494 2243 665 2281 Francius
677 2241 907 2288 malebat,in
925 2242 1013 2281 ima.
1037 2241 1098 2280 sed
1109 2242 1161 2280 nil
1215 2240 1337 2330 {cripti
1360 2254 1446 2282 curn
1464 2241 1582 2293 prima
1599 2243 1778 2283 editione.
1829 2243 2017 2282 Ausonius
2036 2242 2080 2281 de
2102 2240 2265 2288 Caesar-‘17

108 2302 225 2333 muta.
1243 2305 1305 2332 us:

161 2356 247 2395 392.
275 2342 480 2394 Navalique
493 2356 593 2394 gener
611 2343 741 2381 cineras
758 2343 881 2381 honore
900 2343 1036 2394 caput.]
1066 2344 1157 2382 Hoc
1262 2344 1474 2383 Commodus
1492 2344 1688 2396 insiquitur
1706 2345 1896 2396 maculosae
1909 2343 2079 2394 fhnguine
2096 2354 2235 2382 arenae.

114 2393 189 2439 est,
213 2395 271 2432 M.
290 2395 473 2443 Agrippa,
499 2396 564 2444 qui
580 2406 692 2444 gener
713 2395 867 2445 Augusti
888 2396 957 2433 fuit
988 2408 1034 2433 ex
1062 2395 1156 2443 Julia
1213 2395 1428 2434 Hfixuuus.

114 2445 182 2492 (ut
203 2444 399 2482 Suetonius
418 2444 554 2492 tradit)
582 2448 621 2482 &
641 2457 780 2483 corona
808 2446 928 2483 navali
949 2446 994 2483 ab
1018 2446 1154 2483 eodem
1267 2448 1350 2496 396.
1378 2445 1584 2497 Metaque]
1613 2447 1704 2485 Hoc
1733 2447 1782 2485 est
1813 2446 1940 2483 Circus
1960 2473 1970 2489 ‚
2006 2445 2043 2482 in
2071 2455 2148 2494 quo
2179 2442 2261 2483 ludi

114 2494 282 2544 Augusto
304 2493 482 2538 donatus,
509 2494 588 2542 post
606 2494 796 2533 devietum
820 2497 972 2533 Sextum
997 2497 1158 2544 Pompe-
1214 2497 1402 2536 Circenses
1419 2506 1530 2547 atque
1550 2498 1740 2546 Equestres
1756 2497 1900 2535 fiebant.
1938 2496 2165 2534 Mrcmus.
2194 2496 2260 2539 Sic

110 2544 205 2593 jum.
232 2545 278 2583 de
298 2556 371 2594 qua
390 2556 428 2582 re
441 2545 480 2583 &
497 2545 670 2594 Virgilius
688 2547 861 2584 meminit
882 2545 1046 2584 Aeneid.
1068 2558 1159 2585 viu.
1215 2548 1346 2596 Virgil.
1365 2549 1426 2585 lib.
1446 2560 1500 2585 xi,
1523 2560 1604 2596 195.

114 2595 169 2633 his
187 2594 363 2634 versibus:
1267 2604 1465 2648 Frenaque,
1484 2598 1727 2648 ferventesqtte
1747 2607 1851 2636 rotas.

169 2650 275 2683 Parte
294 2646 367 2683 alia
387 2645 504 2683 ventis
522 2656 566 2686 (ς’
584 2645 650 2682 diis
676 2646 829 2696 Agrippa
842 2645 1025 2693 secundis,
1215 2647 1293 2686 Ubi
1314 2648 1458 2686 Servius
1474 2649 1524 2686 ita
1543 2648 1682 2687 scribit:
1722 2649 1842 2686 Nimio
1854 2646 1986 2699 scilicet
2006 2646 2125 2698 cursu.
2139 2647 2178 2688 ὅ(
2196 2657 2263 2688 111.

163 2695 311 2733 Arduus
330 2709 452 2746 agmen
468 2710 592 2745 agens,
621 2697 674 2733 cui
687 2696 766 2733 belli
787 2696 913 2746 insigne
924 2696 1134 2748 stiperbum,
1217 2699 1357 2749 Georg.
1387 2710 1469 2744 107.

168 2751 331 2796 Tempora
351 2747 476 2784 navali
485 2747 626 2796 fulgent
647 2748 793 2795 rostrata
811 2761 943 2786 corona.
1270 2751 1368 2787 Volat
1386 2750 1427 2787 vi
1439 2749 1605 2798 fervidus
1626 2748 1715 2788 axis.

115 2797 289 2839 Extruxit
318 2805 443 2835 autem
474 2799 535 2836 hic
562 2800 710 2836 Romae
748 2811 860 2847 opera
899 2799 1089 2848 complura
1121 2800 1160 2838 &
1216 2800 1416 2839 Horatius:
1445 2801 1506 2838 lib.
1530 2813 1560 2837 1.
1583 2800 1660 2838 Od.
1681 2814 1709 2838 1.

119 2848 265 2898 egregia
279 2855 339 2892 ‚ut
356 2847 551 2887 Suetonius
567 2850 639 2887 ait:
668 2850 763 2887 inter
780 2861 874 2899 quae
888 2852 1081 2899 praecipue
1101 2863 1161 2888 ce-
1267 2857 1434 2900 Metaque
1441 2851 1598 2898 fervidis
1614 2851 1752 2888 evitata
1773 2850 1868 2891 rotis.
1918 2851 2137 2891 ememus.

116 2900 301 2939 lebrantur
317 2897 529 2944 Thermae,
564 2912 653 2950 quas
677 2901 715 2937 ὃς
734 2902 839 2938 variis
856 2901 984 2938 tabulis
1005 2913 1161 2939 exorna·
1271 2913 1354 2951 399.
1383 2902 1588 2951 Thamyran
1599 2902 1733 2951 superes
1753 2912 1859 2952 atque
1877 2902 2011 2954 Orphea
2034 2901 2177 2952 cantu]
2217 2905 2264 2938 Ee

117 2952 197 2995 vit,
222 2949 268 2987 de
286 2948 415 2997 quibus
432 2949 566 2988 Plinius
593 2951 719 2999 paffiin
743 2951 916 2989 meminit
945 2952 1005 2989 lib.
1031 2963 1162 2990 xxxxv.
1217 2952 1393 2991 Amoebea
1422 2952 1542 3001 scripti
1561 2961 1725 3001 potiores
1749 2965 1835 2992 cum
1858 2954 1978 3004 prima
1996 2954 2172 2993 editione.
2198 2951 2265 2989 nifi

119 3011 231 3038 xxxv.
260 2999 299 3036 ὃς
326 3009 454 3035 xxxvi·
494 3000 539 3037 Et
565 3003 726 3048 porticus
754 3001 800 3039 ad
823 3002 1031 3050 templum,
1059 3003 1163 3051 quod
1217 3003 1321 3053 quod
1337 3004 1376 3041 in
1396 3003 1604 3048 nonnullis,
1633 3003 1868 3055 Amebeaque.
1894 3005 2029 3043 frustra.
2067 3002 2168 3041 Nihil
2189 3013 2266 3040 eer-

115 3050 312 3090 Pantheon
327 3055 528 3092 vocatum,
553 3061 664 3097 quam
686 3052 841 3091 eandem
863 3053 1069 3099 ὅζπρὸθυρον
1081 3055 1164 3103 qui·
1209 3055 1301 3105 ⁴tius.
1327 3054 1432 3104 quod
1463 3055 1501 3092 δε
1529 3053 1594 3092 fibi
1621 3055 1658 3092 in
1684 3056 1908 3093 membranis
1935 3053 2040 3093 fuisse
2067 3054 2263 3090 inventum

118 3101 205 3140 dam
239 3100 394 3156 dixere:
433 3098 479 3136 de
515 3101 722 3155 qua-apud
756 3114 820 3141 eos
854 3104 920 3153 qui
955 3103 1001 3142 de
1033 3104 1163 3154 Antiq.
1219 3107 1368 3143 monuit
1393 3116 1456 3143 rne
1484 3116 1549 3154 per
1577 3104 1697 3143 literas
1731 3106 1787 3144 vir
1815 3106 2068 3144 celeberrimus
2106 3103 2268 3148 Joannes

118 3153 282 3191 Roman.
302 3149 468 3206 scripsere
494 3177 505 3195 ‚
538 3149 682 3205 legitur.
719 3151 813 3191 Item
833 3155 1081 3203 aquaedud'tus
1103 3156 1167 3194 ali·
1220 3155 1432 3195 Fredericus
1451 3156 1688 3200 Gronovius,
1717 3168 1759 3194 ac
1778 3156 1932 3194 demum
1959 3155 1997 3192 in
2028 3152 2268 3191 Observatio-

117 3211 238 3254 quot‚
277 3201 322 3239 de
348 3200 479 3250 quibus
504 3200 677 3239 omnibus
702 3200 795 3240 Plin.
810 3203 905 3242 libro
927 3218 1059 3246 xxxvi.
1087 3219 1166 3256 cap.
1221 3206 1326 3245 nibus
1352 3207 1414 3245 lib.
1444 3219 1498 3246 1v.
1526 3219 1604 3256 cap.
1632 3218 1695 3245 xv.
1731 3207 1780 3244 est
1816 3206 1973 3244 testatus.
2024 3202 2110 3241 Fuit
2138 3211 2267 3242 autem

36 3257 37 3263 ’
118 3265 181 3304 15.
208 3254 437 3291 chrLLus·
1222 3255 1440 3295 Amoebeus
1460 3257 1704 3294 Citharoedus
1732 3254 1965 3292 Atheniensis
1993 3254 2120 3302 magni
2143 3256 2272 3293 nomi·-

172 3316 260 3356 392.
286 3299 468 3353 cimirun]
498 3300 640 3355 Vindius
660 3302 929 3346 Lincolniensis
951 3306 991 3347 δε
1011 3306 1087 3349 duo
1098 3306 1170 3360 alii,
1222 3308 1278 3359 nis
1291 3333 1305 3360 ,
1331 3307 1433 3359 quus
1451 3318 1498 3359 ex
1514 3307 1678 3359 Aristeae
1697 3305 1743 3396 (ἐξ
1762 3304 1993 3346 Citharoedis
2009 3303 2104 3357 libro
2131 3306 2274 3396 memi-t

1749 3365 1819 3395 rrr
1847 3367 1868 3394 a
2217 3368 2257 3397 ni
