2553 3676
678 192 737 248 P.
813 185 1229 247 OVIDII

1299 188 1830 249 NASONIS

471 285 644 342 Poma
660 282 866 341 ,cadunt
880 320 895 345 ‚
932 277 1122 335 mensis
1144 295 1254 334 non
1275 278 1556 335 interdi&a
1577 280 1851 347 seeundi33

546 357 618 413 Et
643 357 831 412 condis
857 352 1045 418 lefiaS,
1080 369 1236 425 parca
1257 355 1482 418 colona,
1519 372 1696 410 nuces,

473 433 589 489 Has
612 449 745 503 puer
772 440 861 484 aut
884 427 1058 482 retius
1083 438 1235 480 certo
1262 427 1532 481 dilaminat
1557 426 1696 491 itin:

549 507 664 558 Aut
688 519 888 576 pronus
913 500 1088 570 digito
1110 499 1258 552 bisve
1282 497 1512 553 semelve
1541 499 1695 568 petit.

379 596 439 648 75
481 578 755 649 Quattuor
779 577 835 630 in
858 572 1110 634 nucibus,
1147 585 1259 623 non
1282 569 1532 639 ampliuS,
1559 570 1671 623 alea
1693 582 1807 628 tota
1830 573 1934 638 est3

548 649 693 706 Cum
716 648 808 704 fibi
831 642 1108 717 suppositis
1138 640 1353 696 additur
1380 658 1483 695 una
1507 639 1690 696 tribus’.

476 724 582 779 Per
612 721 815 776 tabulae
840 719 1039 772 clivum
1064 714 1166 769 labi
1187 712 1340 785 jubet
1366 715 1529 776 alter:
1570 714 1623 768 δε
1655 727 1835 788 optat,

554 794 769 864 Tangat
796 802 856 846 ut
883 789 913 844 e
940 788 1118 844 multis
1144 789 1438 862 quamlibet
1461 806 1565 844 una
1589 787 1748 845 fuam.

240 1022 299 1058 71.
328 1015 436 1048 Poma
456 1008 586 1046 cadunt
605 1004 724 1056 mensss
747 1015 815 1041 non
834 1002 1021 1042 interdieta
1032 1001 1234 1053 secundia]

190 1064 341 1100 Locum
369 1062 468 1099 hunc
495 1057 665 1098 illustravi
691 1057 729 1093 in
760 1057 853 1092 meis
880 1056 917 1092 in
938 1054 1097 1092 Metam.
1116 1054 1237 1092 obser-

191 1113 412 1151 vationibus,
467 1111 684 1148 CioFANus.

244 1176 302 1210 72.
331 1169 443 1200 Parca
463 1159 616 1208 colmam]
647 1157 734 1195 Vid.
766 1169 818 1195 iv.
838 1155 928 1194 Fast.
959 1155 1046 1205 692.
1069 1167 1112 1195 ω’
1132 1169 1238 1194 come-

193 1215 247 1252 dit
274 1212 500 1261 Morethftd
519 1210 633 1247 condis
651 1208 764 1256 Junii.

245 1276 303 1314 73,
332 1270 404 1300 Has
417 1272 524 1312 puer,
552 1259 643 1310 eya]
668 1258 770 1297 Nihil
788 1257 964 1297 addubito
985 1285 995 1301 ,
1022 1259 1113 1308 quin
1142 1259 1239 1298 Ovi-

192 1315 271 1353 dius
308 1315 356 1352 ita
394 1313 565 1361 scripserit
601 1312 676 1349 hoc
710 1321 858 1348 carmen
890 1322 899 1347 ι
953 1315 1028 1346 Has
1058 1318 1140 1358 puer
1175 1320 1239 1347 aut

191 1376 279 1403 certo
308 1365 415 1401 restas
443 1362 636 1401 dilaminat
664 1361 745 1399 ἱὲἶιι.
800 1359 989 1410 Siquidem
1028 1360 1240 1398 dilaminare

187 1417 284 1454 dixit
304 1443 314 1459 ‚
342 1427 408 1464 pro
431 1416 468 1452 in
485 1414 572 1452 duas
589 1413 742 1451 laminas
769 1411 953 1450 diducere.
1008 1410 1050 1449 Id
1080 1411 1119 1449 fit
1146 1424 1242 1461 quo-

189 1468 259 1505 ties
278 1466 399 1504 solutis
418 1463 681 1509 commiffuris,
718 1463 865 1501 finditur
891 1475 967 1501 nux
987 1463 1024 1500 in
1044 1461 1131 1500 duas
1162 1475 1242 1511 par-

188 1526 258 1556 tes.
310 1516 422 1554 Unde
467 1515 576 1565 paulo
607 1515 686 1564 post
715 1515 890 1552 laminam
924 1522 1034 1552 vocat
1064 1521 1240 1562 putamen

193 1568 307 1606 fissile.
361 1567 454 1605 iliud
481 1566 630 1604 interim
662 1574 736 1603 erat
755 1566 836 1603 artis
859 1592 868 1608 ‚
898 1572 999 1602 certo
1020 1564 1096 1602 ictu
1114 1572 1241 1613 tange-

188 1630 230 1657 re
250 1616 538 1656 commissuram.
592 1617 692 1654 Nam
711 1615 911 1653 dilaniandi
932 1615 1083 1653 verbum
1099 1643 1109 1659 ,
1138 1615 1241 1665 quod

191 1671 232 1707 in
253 1667 396 1706 Aldinis
423 1679 576 1718 quoque
597 1667 782 1705 codicibus
809 1667 964 1715 legitur,
1018 1667 1128 1703 etiam
1165 1678 1240 1704 car-

195 1720 307 1757 minis
325 1720 418 1757 ratio
441 1718 585 1767 respuit.
637 1719 754 1756 Porro
773 1717 877 1767 quod
896 1718 947 1754 ait
963 1744 973 1760 ,
1001 1719 1119 1754 Reffas
1133 1745 1143 1761 ‚
1173 1729 1242 1765 op-

195 1771 345 1818 ponitur
365 1770 414 1806 ilii
433 1769 536 1818 quod
556 1781 647 1807 mox
667 1769 848 1818 sequitur,
876 1773 1008 1804 Pronas
1021 1795 1031 1812 ,
1075 1768 1151 1805 hoc
1169 1769 1218 1806 est
1231 1796 1240 1812 ,

196 1819 419 1858 transversas.
456 1819 621 1869 Suspicor
642 1828 766 1858 autem
784 1820 884 1857 hunc
903 1816 973 1856 effe
994 1818 1112 1857 lusum
1126 1847 1137 1864 ,
1192 1831 1243 1857 uo

195 1871 368 1909 findimus
401 1871 511 1908 etiarn
538 1871 633 1909 mala
656 1870 843 1919 praedura.
898 1869 1106 1919 Imponitur
1132 1871 1168 1907 in
1200 1882 1245 1908 ex

197 1921 354 1959 sinistrae
373 1921 460 1959 mali
479 1921 712 1970 pedunculo‚
741 1922 779 1959 &
800 1922 839 1959 in
856 1921 956 1958 hunc
968 1933 1109 1971 pugnus
1118 1920 1246 1959 dexter

194 1972 316 2010 subito
338 1972 565 2022 impingitur.
617 1972 659 2009 ln
678 1973 821 2020 impetu
839 1983 881 2009 ac
899 1972 1083 2010 celeritate
1103 1971 1166 2009 fita
1198 1972 1248 2009 est

196 2023 365 2061 vicfftoria.
416 2023 566 2061 Etenim
592 2022 617 2060 fi
642 2023 771 2061 leviter
789 2024 993 2071 impingas,
1021 2024 1060 2061 ὃς
1089 2023 1246 2072 digitum

195 2073 379 2117 offendis,
416 2085 487 2112 nec
513 2073 618 2111 findis
652 2074 804 2111 malum.
853 2074 1052 2112 ERASMUS.
1098 2075 1248 2123 Legen—

198 2124 290 2163 dum
322 2125 480 2162 omnino
508 2136 552 2162 ex
585 2124 832 2173 manuscriptis
869 2125 1135 2173 exemplaribus
1174 2125 1245 2169 est,

198 2177 318 2212 Ree‘las
334 2203 343 2219 ‚
369 2186 457 2212 nam
477 2174 660 2225 sequitur,
690 2180 767 2212 Aut
780 2185 918 2224 pronas.
954 2178 1096 2221 Rebilus,
1124 2175 1248 2213 castel-

196 2227 301 2264 latim
332 2224 528 2274 dispositas.
562 2225 667 2274 quod
696 2227 844 2264 inferius
875 2234 1063 2274 exponet,
1102 2226 1250 2265 dicens:

202 2282 296 2314 Cum
315 2275 384 2327 fibi
403 2274 579 2325 suppofitis
607 2276 753 2313 additur
781 2290 851 2314 una
883 2277 1004 2314 tribus.
1027 2289 1119 2326 pro,
1147 2277 1253 2314 Dila-

200 2328 290 2365 niat.
346 2329 454 2376 Lego
481 2338 527 2364 ex
569 2327 818 2376 manuscriptis
838 2355 848 2372 ‚
885 2327 1109 2367 Diverberat.
1163 2329 1254 2368 Hoc

200 2378 355 2416 ludendi
382 2389 517 2427 genere
547 2378 722 2416 nostrates
750 2379 853 2427 pueri
874 2379 912 2416 &
938 2379 1079 2427 puellae
1097 2380 1254 2429 praeser-

202 2431 273 2467 tim
302 2437 476 2474 utuntur,
514 2429 553 2466 &
581 2429 758 2474 nucibus,
786 2429 826 2466 ὅ(
852 2430 1079 2478 frequentius
1098 2430 1255 2479 perfico-

204 2492 287 2518 rum
309 2480 455 2518 offibus.
505 2479 601 2518 Puer
620 2479 707 2519 duas
738 2487 800 2517 aut
828 2480 947 2529 plures
976 2492 1020 2518 ex
1048 2480 1117 2518 suis
1144 2493 1256 2519 nuces

201 2532 359 2579 accipit,
395 2530 631 2581 totidemque
663 2530 684 2568 a
714 2530 842 2576 socio,
880 2542 968 2579 quas
994 2542 1128 2569 onmes
1146 2531 1251 2570 altius

199 2581 352 2619 subiatas
383 2582 422 2619 in
453 2581 571 2620 solum
593 2581 721 2620 cadere
741 2581 845 2619 finit:
873 2589 955 2619 tum
985 2593 1043 2619 eas
1059 2582 1179 2631 spacio
1198 2582 1253 2620 di-

203 2631 332 2669 stantes
355 2631 559 2682 singulatim
589 2633 738 2671 aiteram
758 2633 796 2670 in
823 2632 973 2671 aiteram
1002 2633 1178 2682 impellit,
1198 2632 1253 2671 di·

205 2683 285 2729 gito
313 2683 438 2721 medio
458 2683 583 2732 pollici
602 2684 796 2733 subjeetog
841 2685 951 2733 atque
974 2684 1079 2721 instar
1101 2684 1251 2721 baleari-

205 2743 268 2769 cae
293 2732 425 2770 fundae
446 2747 531 2773 cum
550 2736 693 2784 impetu
720 2732 870 2772 emisso:
910 2734 1013 2783 quod
1040 2733 1065 2771 si
1090 2746 1165 2772 nux
1193 2734 1252 2772 iiia

203 2782 323 2832 digito
342 2783 492 2831 impulsa
512 2798 554 2823 ex
575 2787 723 2825 caeteris
744 2786 905 2835 aliquam
925 2786 1108 2834 tetigerit,
1129 2785 1253 2823 ambas

205 2841 247 2870 ut
269 2832 345 2870 suas
364 2835 534 2882 reponit:
567 2844 647 2874 turn
668 2845 803 2875 ceteras
825 2836 961 2874 eodem
981 2835 1100 2874 modo
1128 2848 1253 2885 aggre-

206 2883 316 2921 ditur.
370 2883 431 2921 Sin
451 2896 526 2922 nux
551 2887 673 2925 frustra
695 2887 811 2937 digito
832 2887 984 2936 impulsa
1006 2887 1143 2925 nullam
1170 2888 1253 2924 teti-

206 2935 323 2983 gerit,
350 2933 466 2973 socius
484 2935 597 2982 subit,
620 2938 657 2974 ὃς
683 2949 726 2974 ex
747 2939 899 2976 nucibus
923 2950 1034 2987 quam
1054 2938 1116 2976 sibi
1136 2938 1252 2975 libue-

206 2986 277 3029 rit,
312 2985 468 3034 impellit
497 2986 634 3025 eodem
662 2988 779 3025 modo
807 2990 844 3026 ὃ(
869 2989 951 3037 lege
973 3017 983 3033 ‚
1024 2997 1062 3026 ut
1090 2989 1249 3037 primus:

207 3046 319 3084 atque
343 3048 390 3073 eo
413 3036 520 3085 ρειὲὶο
541 3037 603 3074 sibi
627 3038 787 3076 invicem
810 3038 967 3082 cedunt,
986 3039 1107 3076 donec
1120 3050 1251 3076 omnes

208 3098 321 3124 nuces
343 3087 528 3126 tollantur.
565 3088 721 3138 Optime
744 3090 852 3138 igitur
880 3089 976 3126 Naso
1002 3090 1103 3126 Bisve
1130 3088 1252 3138 semel-

210 3150 255 3173 ve
282 3138 385 3176 dixit.
432 3140 611 3177 MAaius.
657 3140 819 3176 Delineat
848 3139 1070 3188 designando
1098 3140 1253 3184 dividit,

209 3187 429 3227 delineando
452 3190 668 3234 dilaminat,
695 3192 744 3228 ita
755 3189 914 3239 expresse
935 3192 972 3227 in
987 3191 1255 3239 manuscripto,

212 3239 313 3292 quod
338 3240 541 3289 sequimur,
581 3241 758 3290 quodque
780 3254 799 3278 a
822 3243 928 3278 fratre
949 3240 1063 3278 Blasio
1093 3242 1260 3279 Fabricio

212 3299 231 3324 e
256 3290 436 3331 'stebocis
457 3294 677 3342 accepimus.
694 3293 801 3343 hujus
817 3293 892 3332 ioci
914 3291 1007 3330 ξιιέίιι
1021 3293 1138 3330 obiter
1157 3304 1262 3331 incn-

2241 880 2335 935 Est

1289 1004 1343 1042 tio
1375 1004 1411 1042 in
1439 1004 1651 1053 Hippolyto
1675 1003 1767 1050 fuit,
1790 1003 1872 1049 seu,
1910 1004 1926 1048 <
1936 1011 1976 1043 ut
1996 1004 2080 1054 alii)
2111 1007 2149 1044 in
2175 1006 2336 1047 Phaedra

1293 1056 1464 1094 Senecae.
1484 1056 1596 1105 vulgo
1616 1055 1754 1094 lectum
1782 1056 1851 1094 fuit
1879 1055 2033 1094 dilaniat
2063 1065 2188 1096 contra
2206 1071 2339 1098 nume-

1291 1119 1363 1145 ros.
1391 1106 1494 1156 quod
1522 1115 1648 1145 tamen
1674 1106 1719 1145 ad
1748 1108 1941 1146 veritatem
1980 1110 2150 1156 proxime
2188 1110 2340 1148 accedit.

1293 1158 1525 1196 FAssnxcius.
1553 1158 1724 1195 Dilaniat
1746 1159 1852 1196 multi
1871 1171 1916 1196 ex
1935 1158 2082 1208 scriptis.
2110 1159 2221 1198 Unde
2241 1161 2343 1198 Eras-

1294 1221 1376 1247 mus
1401 1237 1411 1253 ‚
1443 1208 1652 1247 *dilaminan
1689 1209 1891 1258 ingeniose.
1925 1209 2124 1259 quomodo
2155 1212 2192 1247 &
2224 1211 2344 1249 codex

1294 1260 1490 1299 Mediceus
1511 1272 1595 1298 cum
1618 1261 1729 1310 prisca
1751 1260 1925 1298 editione.
1955 1261 2019 1299 etsi
2049 1261 2203 1299 verbum
2233 1261 2270 1299 id
2302 1261 2345 1299 fit

1294 1323 1452 1349 novum.
1481 1321 1577 1349 certe
1593 1312 1780 1349 Laminam
1798 1312 1901 1350 nucis
1921 1312 2014 1350 infra
2033 1313 2093 1349 hic
2107 1312 2204 1349 idern
2216 1312 2344 1350 audior

1295 1363 1462 1411 appellat.
1514 1363 1713 1400 Politianus
1732 1363 1973 1412 conjiciebat,
2012 1362 2169 1400 deliniat.
2195 1362 2346 1399 delineat

1295 1413 1503 1456 Fabricius,
1534 1413 1739 1450 divulnerat
1760 1414 1880 1452 codex
1910 1414 2052 1451 Patricii
2071 1414 2179 1460 Junii.
2209 1413 2347 1462 diffipa·

1299 1474 1356 1500 rat
1378 1463 1452 1502 duo
1474 1463 1544 1501 aiii.
1572 1464 1736 1510 Mureti,
1764 1464 1931 1502 delaniat.
1959 1476 2026 1513 pro
2048 1466 2154 1501 reelas
2173 1465 2283 1501 etiam
2304 1464 2344 1501 in

1283 1515 1424 1564 amultis
1442 1515 1650 1559 veteribus,
1689 1515 1805 1554 lebias.
1857 1516 1953 1554 Puto
1965 1515 2191 1553 scribendum
2208 1543 2217 1557 ‚
2237 1514 2348 1562 fimas

1298 1566 1503 1603 dilaminat.
1533 1566 1744 1603 Heinsius.
1772 1566 1988 1604 Deverberat
2007 1565 2170 1604 emendo
2193 1577 2238 1604 ex
2268 1565 2351 1611 sen:

1297 1618 1410 1655 tentia
1432 1616 1589 1654 Ausonii
1607 1617 1815 1654 scribentis:

1325 1681 1327 1683 ’
1350 1673 1455 1705 Nunc
1477 1681 1529 1716 ego
1541 1667 1704 1717 pubentes
1714 1667 1866 1715 salicum
1883 1667 2063 1705 deverbero
2071 1668 2226 1716 frondes.

1297 1718 1340 1756 Id
1358 1718 1461 1768 quod
1480 1719 1591 1756 etiam
1612 1717 1799 1756 idiotismo
1819 1719 1941 1757 nostro
1960 1719 2154 1768 respondet
2173 1717 2348 1768 propius}

1298 1769 1475 1818 assmpteu
1488 1772 1501 1815 l
1532 1770 1692 1807 DouzA.
1737 1767 1935 1806 diverberat
1963 1770 2074 1806 etiam
2115 1769 2350 1806 Constantius

1300 1821 1452 1859 Landus
1483 1819 1529 1858 a⁶d
1549 1820 1684 1858 Catulli
1704 1821 1847 1869 nuptias
1864 1818 1980 1866 Juliac
2000 1819 2041 1856 ὃς
2064 1818 2202 1857 Manlii
2228 1820 2350 1869 Epigr.

1302 1884 1397 1910 an.
1427 1873 1465 1909 ὃς
1483 1871 1544 1910 hic
1562 1872 1714 1911 Marius.
1743 1872 1812 1909 hos
1829 1869 1936 1909 ludos
1957 1870 2113 1920 pueriles
2134 1872 2172 1909 ὃς
2194 1870 2351 1920 sequen-

1301 1931 1352 1961 tes
1372 1923 1492 1961 versus
1507 1923 1673 1972 exposuit
1694 1922 1806 1961 <106³oe
1824 1923 2025 1961 Sentiebius
2042 1924 2081 1962 in
2101 1921 2266 1959 Nucibus
2288 1920 2353 1958 Sa·-

1300 1974 1475 2012 turnalitii
1510 1986 1588 2023 cap.
1634 1986 1687 2011 xx.
1730 1974 1769 2011 ὃς
1812 1974 1912 2023 seqq.
1946 1976 2019 2025 ‘qiu
2056 1974 2117 2013 hic
2138 1972 2348 2023 'dilaminae

1301 2026 1470 2074 praefert.
1494 2024 1555 2063 sed
1585 2027 1694 2062 reelae
1712 2024 1795 2063 illae
1815 2036 1928 2063 nuces
1948 2035 2028 2062 non
2044 2025 2212 2073 placent,
2238 2032 2352 2072 quare

1302 2088 1374 2125 ego
1392 2076 1553 2125 legerem
1573 2076 1657 2114 hic:

1355 2133 1430 2163 Has
1443 2137 1530 2176 puer
1548 2136 1612 2163 aut
1639 2128 1748 2164 νεὲἶιις
1769 2137 1854 2164 certo
1872 2125 2065 2163 dilaminat
2082 2125 2154 2163 ὶὲἶιι
2168 2153 2180 2171 ,

1332 2207 1334 2210 ⁴
1410 2182 1491 2214 Aut
1511 2186 1636 2225 pronus
1656 2177 1760 2226 digito
1782 2177 1878 2214 bisve
1890 2177 2044 2226 semelve
2060 2176 2158 2224 petit.

1307 2229 1429 2265 Restm
1447 2228 1494 2266 est
1515 2229 1552 2266 in
1576 2229 1709 2276 Regio.
1734 2228 1821 2266 duas
1838 2229 1974 2277 species
2003 2227 2178 2266 ludorum
2207 2226 2357 2264 memo}

1308 2287 1385 2324 rat,
1414 2287 1475 2317 aut
1491 2290 1581 2326 puer
1601 2279 1725 2316 erecto
1750 2291 1904 2328 corpore
1926 2279 2118 2317 dilaminat
2139 2304 2150 2320 ‚
2178 2283 2240 2313 aut
2272 2287 2357 2323 pro—

1309 2340 1377 2368 nus
1395 2330 1434 2367 ὃς
1453 2329 1630 2367 inclinato
1661 2341 1817 2378 corpore
1841 2330 1944 2377 petit.
1979 2328 2040 2365 sed
2057 2326 2183 2375 quales
2202 2326 2252 2363 iili
2278 2325 2355 2381 ludi

1309 2380 1444 2418 fuerint
1465 2391 1526 2416 me
1547 2391 1625 2416 non
1648 2381 1755 2427 plane
1783 2379 1871 2416 scire
1891 2379 2020 2414 fateor.
2047 2377 2169 2413 Reflus
2196 2387 2286 2415 vero
2304 2384 2355 2414 ita

1309 2430 1414 2478 saepe
1434 2431 1602 2467 occurrit.
1633 2431 1775 2466 Lucan.
1796 2439 1887 2464 vm.
1909 2426 1993 2465 821.

1363 2481 1467 2529 :Qeod
1486 2493 1554 2516 non
1575 2480 1662 2528 legat
1685 2479 1827 2516 advena
1845 2478 1967 2526 restas.

1310 2531 1467 2568 Ovidius
1488 2543 1550 2568 111.
1569 2532 1663 2568 Met.
1684 2530 1742 2576 78.

1361 2587 1474 2630 Longa
1492 2580 1588 2619 trabe
1607 2581 1726 2618 reelior
1744 2580 1870 2628 adstat.

1309 2634 1457 2670 Petron.
1490 2645 1628 2670 txxm.
1676 2638 1718 2670 In
1753 2644 1824 2681 qua
1861 2629 2072 2669 Trimalchio
2100 2631 2210 2669 renus
2226 2631 2360 2680 stabat.=

1309 2683 1580 2723 BURMANNus.
2342 2701 2343 2705 ¹

1360 2746 1418 2781 74.
1444 2739 1523 2771 Aut
1537 2733 1698 2784 pronas.]
1728 2732 1879 2771 Rectius
1898 2741 2027 2782 pronus
2054 2743 2140 2771 cum
2169 2733 2288 2782 Regio
2319 2733 2358 2771 δε

1308 2785 1542 2823 Menteliano
1564 2786 1704 2823 codice.
1758 2785 1977 2822 Hemsrus.

1361 2837 1418 2882 76.
1446 2841 1539 2872 Cum
1550 2835 1617 2884 fibi
1635 2833 1850 2885 steppofitis.]
1881 2835 2152 2883 Elegantiflime
2178 2833 2359 2882 descripsit

1309 2887 1409 2924 aleae
1431 2886 1519 2924 iliud
1539 2897 1653 2935 genus
1668 2914 1678 2930 ,
1707 2897 1792 2923 cum
1814 2886 1917 2934 pueri
1936 2886 2143 2923 castellatim
2163 2885 2224 2923 sibi
2246 2896 2358 2922 nuces

1310 2937 1546 2980 construunt,
1575 2949 1662 2986 quas
1683 2936 1812 2985 procui
1834 2937 2000 2973 distantes
2020 2935 2044 2972 fi
2068 2937 2267 2974 everterint
2289 2947 2360 2973 nu-
2414 2957 2416 2961 ,

1309 3001 1351 3026 ce
1371 2986 1493 3026 emilia
1509 3016 1518 3032 ,
1548 2995 1735 3037 quotquot
1753 2986 1897 3024 eversae
1918 2987 2076 3032 suerint,
2106 2995 2215 3036 atque
2245 2987 2358 3024 etiam

1309 3051 1402 3088 quae
1421 3038 1609 3087 dispositae
1638 3038 1718 3075 sunt
1737 3037 1830 3074 infra
1862 3037 2000 3075 eversas
2022 3066 2030 3080 ‚
2069 3049 2201 3076 omnes
2219 3038 2363 3075 lucran-

1307 3096 1376 3127 tur.
1430 3090 1532 3127 Hinc
1551 3088 1700 3138 quidam
1728 3088 1825 3136 apud
1849 3088 2110 3138 Tranquillum
2133 3090 2169 3126 in
2193 3087 2361 3136 Augusto

1312 3152 1387 3188 cap.
1413 3139 1469 3188 83.
1497 3140 1623 3187 legunt
1647 3138 1693 3176 iic
1710 3139 1799 3177 iilud
1821 3140 2053 3177 membrum:
2083 3140 2214 3176 Animi
2234 3139 2365 3175 laxan-

1312 3192 1347 3227 di
1372 3193 1472 3236 catcssz
1502 3190 1598 3226 modo
1618 3189 1724 3234 telis,
1752 3200 1815 3226 aut
1838 3190 2019 3236 castellatis
2047 3190 2190 3227 nucibus
2222 3188 2363 3226 ludebat

1318 3255 1395 3278 cum
1411 3241 1523 3289 [oneris
1543 3240 1701 3278 minutis.
1739 3241 1946 3291 Tranquilli
1970 3249 2096 3279 tamen
2115 3241 2216 3289 plura
2238 3251 2366 3277 exem-

1316 3292 1450 3342 plaria,
1479 3291 1643 3332 ocellatis
1660 3291 1826 3340 nucibus,
1865 3291 1903 3331 id
1928 3291 1976 3331 est
1996 3320 2007 3339 ,
2045 3292 2234 3345 perforatis
2261 3289 2367 3380 instalr

2271 3349 2339 3377 oce
2355 3359 2371 3368 -
