2553 3676
630 164 1671 255 HEROIDES.'E1›.x1x.

366 287 509 345 Cum
535 288 629 342 tibi
653 278 965 344 clamabam,
1006 279 1090 334 Sic
1120 294 1180 335 tu
1204 284 1512 338 temerarius
1535 284 1674 349 est0‚

2106 205 2200 259 281

29 402 30 408 ,
432 361 516 413 Ne
541 357 754 410 miserae
778 355 942 407 virtus
970 352 1028 405 fit
1055 365 1143 407 tua
1168 353 1346 408 flenda
1373 357 1517 410 mihi.

29 416 30 506 ᾗ
360 431 519 485 Unde
541 444 708 480 novus
732 427 893 480 timor
918 425 1035 480 hic?
1074 443 1292 499 quoque
1315 427 1398 481 illa
1420 430 1638 484 audacia
1659 431 1826 503 fugit?

29 510 30 575 i
253 522 322 576 90

428 499 658 573 Magnus
684 498 773 552 ubi
801 499 874 551 est
896 498 1078 569 spretis
1102 499 1188 551 ille
1210 511 1419 552 natator
1446 502 1621 573 aquis?

356 572 432 626 Sis
456 585 633 624 tamen
656 571 759 624 hoc
785 571 988 641 potiu3‚
1025 587 1185 642 quam
1206 572 1354 643 quod
1377 572 1520 653 prius
1546 572 1648 626 effe
1672 574 1892 632 solebas:

422 640 494 696 Et
521 642 675 696 facias
699 643 966 714 placidum
990 660 1085 713 per
1115 660 1258 696 mare
1287 657 1429 698 tutus
1454 658 1570 699 lter.

348 714 498 769 Dum
521 715 690 768 modo
716 716 774 768 fis
799 715 970 768 idem:
1011 715 1141 767 dum
1166 714 1261 777 sie,
1299 728 1358 769 ut
1383 716 1590 781 scribi3‚
1629 734 1891 773 amemur:

428 785 768 860 Flammaque
793 805 900 839 non
925 787 1013 840 fiat
1038 786 1262 856 frigidus
1286 787 1368 841 illa
1401 788 1546 842 cinis,

244 877 310 930 95
346 859 473 913 Non
499 875 601 928 ego
627 872 734 912 tam
759 873 946 912 ventos
973 859 1168 921 time0‚
1203 876 1320 912 mea
1343 873 1467 912 vota
1491 875 1789 930 morantes,

424 929 630 1003 Quam,
669 931 842 985 fimilis
865 944 1029 985 vento
1051 948 1118 984 ne
1142 944 1261 985 tuus
1289 944 1431 986 erret
1458 950 1630 988 amor:

66 1143 143 1190 169.
173 1140 303 1180 Amor.
328 1141 387 1180 lib.
420 1155 482 1183 111.
507 1142 610 1193 Eleg.
632 1155 684 1181 xx.
705 1149 746 1180 ut
767 1143 805 1180 ὃς
824 1143 896 1183 illic
915 1155 961 1182 ex
979 1144 1093 1182 veteri

30 1199 33 1228 ζ
60 1191 149 1230 libro
168 1191 417 1231 scribendum:

30 1270 32 1310 Ἰ
103 1256 196 1302 Jam
215 1271 289 1294 mea
309 1258 436 1294 votiva*
451 1259 566 1308 puppis
589 1258 751 1295 redimita
774 1258 916 1303 corond,

156 1312 264 1344 Lenta
283 1308 498 1357 tumescentes
516 1310 669 1359 aequoris
685 1309 787 1345 audit
806 1322 927 1357 aquas.

55 1374 163 1406 Lenta
181 1370 339 1419 appofite
352 1386 361 1414 ;
391 1373 475 1421 quia
495 1371 644 1410 deflerat
666 1384 797 1410 amare.
827 1372 930 1409 Silius
953 1382 1023 1410 vu.
1043 1370 1089 1409 de

55 1419 181 1459 Paride
200 1432 282 1472 437.
304 1442 306 1444 ·

99 1526 103 1532 1
348 1481 500 1531 Phrygia
519 1497 596 1520 cum
608 1483 701 1532 sedit
717 1483 754 1519 in
774 1484 837 1520 Ida

100 1529 325 1582 Audivitque
339 1532 459 1580 sacrae
480 1534 592 1570 lentus
611 1534 801 1570 certamina
813 1537 962 1581 formae.

8 1588 174 1678 iJElegdia
201 1594 238 1631 in
262 1595 428 1631 Mortem
458 1595 587 1640 Drufi,
616 1597 679 1643 (ut
706 1595 856 1644 quidem
887 1597 925 1633 ὅ(
944 1594 1086 1633 sslicle-

4 1656 14 1684 2
52 1651 123 1688 gen
153 1644 240 1688 um)

0 1646 35 1751 Q:
100 1691 307 1743 consistam,
334 1693 497 1743 lentifique
517 1694 618 1731 oculis
632 1723 643 1739 ,
664 1694 837 1745 laetusque
853 1693 975 1731 videbo

7 1745 17 1778 ἒ
149 1748 269 1779 Strata
284 1753 344 1792 per
360 1744 535 1792 obscaenas
555 1755 686 1794 corpora
706 1746 801 1781 nuda
821 1744 911 1783 vias.

33 1781 147 1828 'Nam
175 1791 349 1843 laetufisue
375 1794 479 1830 oculis
507 1795 610 1841 plane
639 1797 804 1843 ineptum
840 1795 888 1832 est
909 1810 919 1838 ;
960 1796 998 1832 ὃς
1030 1796 1078 1833 ita

33 1808 142 1889 ilenta
169 1854 234 1890 pro
263 1844 354 1878 laeta
381 1856 426 1880 ex
465 1844 546 1880 MS.
580 1845 782 1892 Bodlejano
814 1845 947 1882 restitui
984 1845 1079 1893 apud

3 1911 11 1916 —
52 1890 216 1929 Prudent.
251 1893 442 1941 Psychom.
472 1904 553 1941 234.
584 1893 692 1931 Trist.
719 1895 779 1932 lib.
806 1907 849 1932 11.
883 1907 963 1943 514.
991 1896 1078 1933 loco

24 1965 25 1970 ,
52 1939 172 1979 itidem
193 1943 445 1981 emendando:

95 1993 363 2042 Luminibusque
383 1994 452 2030 tuis
465 2022 472 2036 ‚
500 2005 591 2032 totus
611 1994 733 2044 quibus
753 1995 866 2031 utitur
883 1993 971 2031 orbis
983 2022 995 2040 ,

149 2044 281 2079 Scenica
294 2043 444 2091 speblasti
464 2043 576 2081 lentus
593 2044 781 2083 adulteria.

53 2090 131 2129 Lib.
153 2104 215 2130 111.
238 2094 317 2130 Art.
338 2095 460 2131 Amat.
481 2108 563 2141 451.

15 2155 18 2160 ·
97 2148 192 2186 Has,
205 2145 358 2186 Venusst’
377 2144 509 2193 templis
528 2146 637 2182 multo
657 2146 876 2183 radiantibus
890 2159 975 2183 auro

147 2198 256 2230 Lenta
274 2194 370 2230 vides
385 2194 461 2231 lites
472 2223 481 2237 ‚
503 2196 738 2246 Appiadesque
751 2207 841 2234 tuae.

13 2258 16 2263 ’
53 2241 106 2281 Sic
130 2245 291 2292 optimus
318 2245 407 2282 iiber
434 2246 579 2295 Regius.
606 2248 813 2295 Propertius
831 2248 891 2286 lib.
910 2260 954 2285 11.
973 2246 1075 2297 Eleg.

2 2307 18 2323 ==
53 2305 182 2332 xxxnr.

15 2363 23 2378 .·
98 2349 204 2381 Lenta
225 2344 322 2384 bibis.
346 2346 477 2383 mediae
495 2358 667 2397 nequeunt
684 2358 717 2385 te
725 2350 889 2399 frangere
908 2350 1027 2388 aoeies.

53 2393 96 2433 Et
114 2395 235 2444 Elegia
254 2409 331 2434 x1v.

99 2450 168 2481 Nec
185 2446 272 2482 mihi
289 2447 438 2490 ploranti
454 2449 548 2485 lenta
561 2449 675 2497 sedere
687 2450 802 2498 potest.

54 2492 184 2533 Seneca
202 2498 338 2534 ''sroad
357 2500 442 2545 696.
646 2512 649 2515 ’

40 2550 43 2588 ἱ
99 2549 188 2581 cum
206 2547 408 2585 dimicantes
424 2548 518 2585 lenta
531 2549 723 2598 prospiceres
743 2549 835 2586 viros

41 2597 43 2643 γ
100 2600 232 2632 Incerta
254 2599 339 2634 voti.

42 2644 201 2684 *MartiaL
221 2647 280 2685 lib.
301 2661 345 2685 11.
363 2649 422 2694 46.

44 2719 45 2722 =
99 2700 149 2731 Tu
159 2698 286 2745 speeias
303 2698 456 2748 hyemem
469 2700 636 2750 succinc'ii
654 2702 767 2739 lentus
783 2701 898 2739 amici.

44 2745 195 2807 {Notum
214 2749 299 2785 illud
314 2764 322 2787 :

373 2807 446 2845 Tu,
475 2802 610 2850 Tityre,
640 2802 752 2838 lentus
768 2802 806 2838 in
824 2802 948 2839 umbra

100 2846 290 2893 Formosam
319 2850 466 2897 refimare
492 2852 582 2889 doces
607 2853 836 2901 Amaryllida
855 2852 992 2901 sylvas.

57 2895 181 2932 Noster
200 2897 276 2932 Art.
293 2898 352 2934 lib.
379 2912 406 2937 1.
425 2902 484 2945 67.
980 2915 982 2917 '

101 2950 153 2981 Tu
172 2945 267 2980 modo
286 2949 441 2996 Pompeid
461 2951 570 2988 lentus
582 2953 735 3002 spatiare
748 2952 813 3002 sub
834 2951 974 2992 umbra?-

59 2994 98 3033 Et
118 2995 278 3043 appoiite
298 2995 343 3032 de
363 2998 565 3038 dormiente
589 3015 618 3040 1.
637 3006 769 3042 Amor.
788 3016 841 3041 vx.
863 3015 919 3051 15.

102 3049 145 3081 Te
163 3045 311 3080 nimium
335 3046 466 3083 lentum
483 3051 597 3100 timeo.

59 3092 153 3144 Virg.
175 3096 301 3132 Culiee
321 3108 356 3133 v.
383 3098 462 3144 158.

439 3152 564 3184 Lentus
582 3150 619 3185 in
636 3150 744 3190 herbis

105 3200 218 3232 Securo
234 3196 348 3245 pressos
357 3196 475 3244 fhmno
498 3200 729 3237 mandaverat
745 3214 855 3243 artus.

33 3244 261 3286 ethninos.
290 3248 385 3286 Vide
407 3248 461 3287 cl.
481 3248 665 3287 D1akenh.
682 3251 726 3289 ad
745 3254 807 3291 Sil.
825 3267 896 3293 xu.
916 3256 996 3303 567.
1038 3241 1043 3245 ἢ

2101 1008 2185 1066 Ne

1203 1143 1261 1180 81.
1289 1143 1490 1193 Somnum]
1521 1143 1687 1183 Scriverii
1710 1144 1851 1190 codex,
1879 1148 2056 1182 tonantes.-
2085 1148 2188 1196 quod

1148 1206 1279 1231 verum
1307 1203 1409 1242 puto.
1439 1194 1522 1232 vide
1551 1196 1660 1243 Epist.
1687 1208 1778 1234 xm.
1814 1208 1893 1245 131.
1922 1197 1960 1232 ὃς
1988 1196 2032 1233 de
2054 1197 2185 1237 harum

1146 1256 1286 1282 vocum
1307 1244 1524 1282 confufione
1548 1246 1675 1283 Heins.
1692 1246 1739 1284 ad.
1759 1246 1886 1284 Claud.
1913 1254 2015 1294 nupt.
2037 1246 2188 1286 Honor.

1151 1307 1232 1343 132.
1261 1297 1298 1332 δε
1317 1308 1361 1332 11.
1382 1295 1427 1332 de
1451 1296 1555 1344 Rapt.
1574 1296 1670 1334 Pros.
1695 1308 1773 1345 173.
1802 1309 1891 1334 mox
1914 1297 2084 1342 mallem,
2105 1298 2188 1346 pla-

1147 1346 1240 1382 cidas
1267 1345 1316 1381 ire
1336 1354 1492 1393 precarer
1527 1354 1648 1395 aquas.
1690 1353 1740 1382 Ire
1769 1347 1868 1384 enim
1901 1348 2045 1394 proprie
2074 1359 2187 1396 aquas

1146 1395 1218 1434 dici
1245 1395 1371 1432 docuit
1400 1396 1543 1445 egregie
1564 1396 1807 1434 Broukhufius
1842 1398 1961 1434 noster
1992 1396 2036 1433 ad
2058 1397 2187 1436 Tibul.

1150 1458 1181 1484 1.
1212 1445 1313 1494 Eleg.
1340 1458 1374 1482 x.
1404 1446 1460 1494 38.
1489 1446 1550 1483 ubi
1579 1446 1694 1484 fimile
1717 1447 1895 1485 mendum
1918 1446 2062 1484 sustulit.
2091 1447 2185 1485 adde

1142 1498 1182 1534 δε
1201 1508 1294 1546 quae
1314 1495 1475 1533 Barthius
1494 1496 1539 1534 ad
1559 1497 1659 1535 Statii
1685 1497 1746 1535 lib.
1775 1510 1833 1536 1v.
1862 1496 1985 1535 Theb.
2014 1497 2098 1545 778.
2119 1498 2185 1545 ad<

1139 1548 1294 1585 notavit.
1326 1546 1581 1584 ssussmmnus.

1192 1598 1252 1647 83.
1281 1602 1354 1633 Cur
1371 1595 1421 1645 fis
1439 1597 1682 1645 metuentior]
1713 1598 1767 1635 Ita
1790 1597 1943 1636 Tacitus
1964 1609 2056 1635 xxxx.
2079 1598 2186 1638 Arm-³

1138 1660 1197 1696 25.
1226 1654 1315 1683 Nero
1334 1648 1538 1683 metuentior
1555 1647 1593 1683 in
1606 1647 1795 1696 posterum;
1825 1648 1927 1697 quod
1948 1660 2011 1684 cur
2030 1649 2069 1685 in
2088 1659 2184 1685 metu

1137 1698 1302 1734 intentior
1321 1697 1540 1735 mutandum
1562 1699 1730 1734 censeant
1758 1698 1827 1735 viri
1858 1696 2012 1744 eruditi,
2039 1698 2105 1747 ipfi
2122 1700 2182 1745 vi·-⁴

1138 1748 1266 1786 derint.
1293 1747 1365 1795 ipse
1387 1747 1544 1785 Ovidius
1568 1760 1599 1785 1.
1619 1749 1776 1786 Metam.
1799 1759 1883 1797 323.

1209 1816 1288 1847 Aut
1303 1808 1370 1846 illd
1389 1809 1592 1847 metuentior
1614 1810 1689 1847 ulla
1709 1816 1874 1846 Deorum.

1135 1861 1344 1899 Hemsxus.

1188 1925 1245 1962 88.
1274 1930 1346 1961 Tua
1365 1923 1520 1973 virtus.]
1550 1923 1684 1962 Nostro
1708 1923 1910 1968 idiomate,
1936 1923 1973 1959 la
1995 1933 2059 1960 tua
2077 1923 2181 1973 fi⁴ffi⁴

1135 1975 1255 2013 cienza
1276 2004 1287 2020 ,
1322 1975 1350 2012 il
1375 1985 1432 2012 tuo
1459 1975 1588 2013 valore.
1617 1974 1834 2013 Cxormus.
1859 1975 2068 2024 Propertius
2095 1986 2176 2013 111.

1135 2026 1238 2074 Eleg.
1259 2039 1290 2063 x.
1310 2038 1344 2072 9.

1186 2086 1252 2123 Illa
1273 2087 1410 2137 quidem
1433 2087 1562 2124 interea
1574 2089 1680 2135 fama
1700 2086 1842 2135 tabescet
1860 2087 1985 2132 inani,

1236 2144 1328 2173 Haec
1349 2148 1411 2173 tua
1430 2152 1470 2174 ne
1493 2138 1610 2175 virtus
1621 2137 1690 2185 fiat
1709 2150 1834 2174 amara
1854 2137 1930 2174 tibi.

1134 2195 1211 2233 Ubi
1230 2197 1402 2234 Heinfius
1429 2198 1552 2235 mallet
1574 2196 1641 2247 fibi
1663 2226 1673 2242 ,
1710 2206 1749 2234 ut
1769 2199 1806 2234 in
1827 2210 1889 2235 ora
1910 2197 2047 2236 codicis
2067 2204 2175 2236 nota-⁴

1132 2248 1197 2284 vit.
1225 2247 1359 2284 eodem
1381 2248 1455 2284 fere
1478 2248 1578 2285 sensu
1602 2248 1756 2285 Terent.
1774 2249 1923 2285 Phorm.
1943 2262 1986 2285 11.
2012 2262 2041 2285 1.
2063 2254 2178 2285 Vereor

1134 2310 1174 2333 ne
1193 2297 1314 2343 isthaec
1323 2298 1496 2344 fortitudo
1514 2299 1552 2335 in
1570 2311 1719 2334 nervum
1742 2308 1908 2348 erumpat.
1931 2299 1991 2336 ubi
2002 2298 2176 2345 fortitudo

1135 2348 1245 2385 etiam
1274 2349 1309 2385 in
1338 2349 1471 2386 malam
1502 2357 1639 2398 partem
1662 2377 1672 2393 ‚
1700 2360 1767 2396 pro
1794 2349 2039 2392 confidentia,
2067 2348 2180 2396 auda-a

1135 2398 1189 2435 cia
1203 2426 1212 2440 ‚
1240 2406 1279 2435 ut
1298 2398 1358 2435 hic
1377 2398 1505 2435 virtus.
1532 2399 1796 2436 BURMANNUS.

1187 2448 1245 2497 89.
1274 2448 1368 2485 Unde
1397 2462 1508 2485 novus
1535 2450 1640 2486 timor
1664 2450 1759 2497 hic.]
1793 2450 1833 2485 In
1858 2449 2023 2486 Scriverii
2046 2447 2176 2486 codice

1136 2507 1211 2536 erat
1224 2527 1234 2542 ‚
1262 2499 1356 2535 Unde
1369 2498 1474 2534 timor
1491 2499 1616 2536 nothus
1634 2499 1710 2535 hic.-
1741 2511 1834 2547 quae
1856 2500 1967 2535 lectio
1982 2526 1991 2541 ‚
2019 2497 2043 2533 fi
2066 2509 2175 2543 vera,

1136 2561 1203 2596 pro
1233 2549 1403 2597 degeneri
1430 2549 1604 2586 sumenda
1633 2549 1692 2586 est.
1721 2560 1766 2584 eo
1798 2549 1910 2585 verbo
1940 2549 1978 2585 δε
2001 2548 2113 2585 utitur
2133 2549 2173 2586 in

1135 2599 1294 2648 Epistola
1317 2613 1369 2636 iv.
1391 2611 1471 2636 Izz.

1186 2662 1317 2699 Scilicet
1333 2672 1373 2698 ut
1391 2670 1516 2711 caperes
1532 2674 1632 2711 regna
1644 2669 1791 2711 paterna
1812 2659 1947 2696 nothus.

1133 2726 1340 2764 Hzmsius.
1367 2726 1423 2763 Ex
1452 2725 1607 2774 Virgilio
1634 2722 1749 2773 p'osset
1776 2722 1962 2766 illustrari,
1989 2720 2053 2770 qui
2075 2719 2170 2759 libro

1130 2788 1183 2814 iv.
1214 2788 1270 2826 13.

1180 2847 1365 2889 Degeneres
1382 2841 1515 2877 animos
1533 2840 1638 2877 timor
1653 2839 1781 2887 arguit.

1131 2903 1202 2940 Sed
1222 2916 1296 2941 non
1317 2913 1408 2952 puto
1430 2902 1612 2939 Ovidium
1633 2901 1792 2937 timorem
1814 2897 1961 2935 nothum
1978 2925 1988 2942 ‚
2017 2895 2172 2939 dixiss‘e‚·

1130 2953 1298 3001 quamvis
1317 2953 1461 2990 nothum
1481 2952 1599 2988 lumen
1612 2980 1621 2995 ‚
1642 2957 1760 2986 Lunae
1787 2949 1949 2987 Catullus
1970 2950 2007 2985 &
2029 2948 2169 2983 Lucre·

1132 3005 1202 3041 tius
1220 3005 1389 3041 tribuant.
1417 3004 1676 3040 BuRMANNus.

1185 3067 1245 3102 90.
1272 3054 1394 3103 Spretis
1419 3052 1556 3104 aquia]
1586 3054 1695 3101 Quae
1720 3053 1757 3088 vi
1777 3058 1974 3089 ventorum
1995 3054 2166 3084 commo·

1133 3111 1190 3142 tae
1211 3113 1322 3142 erant.
1354 3104 1571 3141 Cromnos.
1857 3150 1862 3155 ι
1963 3147 1967 3152 .

1184 3167 1245 3204 91.
1274 3162 1342 3192 Hoc
1359 3154 1495 3204 potius,
1523 3166 1629 3203 quam
1656 3150 1785 3202 quod]
1816 3157 1880 3185 Hic
1901 3158 2028 3203 potius,
2057 3154 2166 3191 quam

1134 3206 1225 3254 qui,
1262 3205 1460 3242 Leidenfis.
1495 3204 1555 3241 sed
1586 3203 1718 3241 frustra.
1756 3200 1827 3237 vid.
1861 3200 1967 3246 Epist.
2001 3205 2053 3231 12<-
2085 3193 2168 3230 106.

1136 3265 1226 3293 mox
1249 3264 1370 3292 cautus
1390 3255 1478 3300 iter,
1504 3254 1651 3292 volebat
1668 3251 1850 3288 Francius.

1638 3302 1673 3339 N
1692 3311 1716 3335 n
2031 3303 2089 3343 97.
2117 3298 2197 3332 Ne·-
