2553 3676
289 196 390 244 6:76

820 189 881 244 P.
958 185 1379 244 OVIDII
1453 184 1990 245 NASONIS

579 275 658 332 Sis
681 279 807 334 licet
832 281 1056 352 antiquo
1081 277 1278 332 Nireus
1312 277 1585 332 adamatus
1610 274 1867 330 Homero
1896 299 1911 339 ;

437 367 533 404 110

647 352 1026 425 Naiadumque
1051 365 1203 406 tener
1223 351 1453 407 crimine
1478 364 1657 432 raptus
1686 348 1889 422 Hylas;

581 423 658 479 Ut
684 427 964 479 dominam
994 440 1203 489 teneas»,
1240 444 1341 480 nec
1375 439 1429 477 te
1457 441 1653 478 mirere
1675 422 1954 488 relictum,

661 499 866 570 Ingenii
897 499 1053 554 dotes
1076 500 1321 571 corporis
1348 495 1489 550 adde
1513 495 1686 550 bonis,

580 571 778 627 Forma
802 573 1008 628 bonum
1031 573 1216 643 fragile
1242 570 1347 629 est;
1390 582 1760 641 quantumque
1786 569 1999 626 accedit
2024 569 2092 625 ad
2106 586 2272 626 annos

657 644 743 700 Fit
769 647 947 701 minor
974 671 987 708 3
1034 645 1088 696 ἃ
1115 642 1284 713 spatio
1311 639 1548 710 carpitur
1572 640 1679 710 ipsa
1701 641 1812 694 suo,

441 734 536 784 115
575 718 694 774 Nec
720 719 894 773 violae
917 720 1153 786 semper,
1195 731 1296 768 nec
1323 713 1522 767 hiantia
1548 713 1652 766 lilia
1678 712 1912 779 florent,

655 791 729 849 Et
753 793 893 863 riget
916 788 1097 846 amifli‘t
1120 788 1266 863 spina
1292 785 1472 842 relicta
1497 787 1635 841 rosit„

287 1016 424 1056 'eadem
442 1020 596 1059 varietas
629 1026 706 1058 erat
738 1017 837 1069 apud
869 1015 1067 1056 Tibullum
1095 1015 1158 1054 lib.
1183 1026 1214 1053 1.
1243 1013 1348 1064 Eleg.

283 1081 340 1117 jx.
367 1082 423 1117 17.

339 1140 442 1171 Num
464 1146 496 1172 te
514 1134 727 1174 carminibus
740 1162 750 1179 ,
780 1147 867 1171 num
889 1144 922 1170 te
936 1130 1142 1175 pollentibus
1161 1129 1295 1177 herbis,

390 1188 553 1224 Devovit
570 1187 676 1224 tacito
697 1196 842 1235 tempore
867 1185 973 1221 noetis
991 1197 1080 1220 anus
1092 1192 1107 1220 ἒ

285 1247 344 1285 Ut
362 1248 462 1286 reete
475 1249 544 1285 viri
564 1247 667 1285 doen
688 1260 755 1295 pro
771 1244 985 1296 pallentibus
1001 1274 1010 1286 ,
1039 1244 1295 1289 restituerunt,
1310 1245 1349 1281 &

282 1310 336 1336 ex
357 1299 473 1337 divite
497 1312 596 1348 penu
620 1299 765 1347 egregie
789 1297 977 1334 illustravit
997 1295 1259 1333 Broukhufius.
1287 1295 1349 1334 sed

283 1351 372 1400 quia
393 1351 452 1388 hic
472 1351 704 1399 culpat,non
725 1347 969 1386 commendat
986 1346 1134 1396 philtra,
1163 1348 1350 1396 vulgatam

283 1400 490 1440 lectionem
522 1400 753 1438 retinendam
786 1400 967 1437 existimo.
1008 1398 1138 1447 pallere
1169 1401 1270 1436 enim
1301 1398 1348 1436 de

285 1452 455 1491 Venenis
486 1452 612 1501 paffim
635 1452 779 1490 dicitur.
803 1451 873 1488 vid.
888 1463 959 1488 vu.
984 1451 1081 1491 Met.
1104 1462 1189 1499 209.
1214 1450 1350 1489 Philtra

286 1516 380 1543 vero
401 1515 545 1541 venena
564 1503 655 1541 sunt.
707 1503 978 1545 BURMANNus.

344 1568 425 1601 107.
456 1562 499 1591 Ut
522 1555 671 1599 ameris,
690 1554 856 1593 amabilis
875 1554 973 1604 eston]
1004 1553 1061 1591 EX
1076 1554 1271 1592 communi
1285 1553 1349 1592 usu

286 1607 328 1645 &
345 1607 506 1644 sermore
525 1608 737 1656 repetitum.
758 1606 916 1656 P.Syrus
930 1635 939 1650 ‚
954 1604 988 1655 fi
1007 1605 1064 1641 vis
1080 1605 1223 1649 amari,
1252 1619 1348 1643 ama.

284 1658 390 1708 quod
422 1659 562 1696 Seneca
593 1659 629 1695 in
663 1659 881 1696 sententiam
913 1656 1044 1694 Ovidii
1068 1658 1213 1706 egregie
1237 1657 1350 1695 docet

285 1709 399 1758 Epist.
422 1723 475 1747 1x.
502 1715 570 1757 Ego
593 1708 657 1746 tibi
678 1709 870 1757 monstrabo
891 1708 1108 1745 amatorium
1123 1737 1133 1753 ‚
1154 1707 1230 1758 stne
1240 1709 1351 1746 medi-

287 1771 444 1798 camento
466 1790 476 1805 ,
503 1760 580 1810 fine
607 1760 713 1798 herba
733 1790 743 1806 ‚
776 1760 850 1810 fine
869 1761 975 1797 ullius
996 1759 1168 1806 veneficae
1187 1760 1353 1799 carmine.

280 1811 389 1862 fivis
409 1813 546 1857 amari,
575 1826 670 1850 ama.
698 1813 801 1863 quod
823 1814 860 1850 &
882 1813 974 1850 Plin.
1001 1812 1136 1860 Paneg.
1166 1811 1226 1861 85.
1253 1813 1354 1849 Mar-

287 1864 381 1901 tialis
417 1864 477 1901 lib.
507 1877 560 1901 vx.
592 1877 637 1902 Π.
668 1866 706 1902 &
731 1864 872 1902 Auson.
906 1865 975 1911 Ep.
1011 1875 1094 1900 xci.
1124 1864 1161 1899 δε
1196 1863 1257 1901 alii
1291 1876 1355 1901 ex-

287 1913 501 1964 prefl'erunt.
532 1917 673 1953 Lucan.
692 1915 1045 1965 Panegyrfflisonis,
1066 1927 1218 1951 amorem
1249 1929 1355 1966 quae-

285 1968 338 2005 ris
360 1966 525 2002 amando
556 1966 819 2004 Rumpimus.

348 2030 429 2065 109.
459 2018 513 2054 Sic
533 2016 610 2053 licet
632 2019 777 2068 antiquo
799 2018 927 2054 Nireus
946 2017 1137 2054 adamatus
1163 2018 1348 2069 Homero.]

289 2069 425 2106 Scilicet
445 2070 611 2118 quinque
631 2070 722 2107 libri.
754 2081 847 2107 unus
863 2097 872 2112 ,
893 2067 928 2118 fi
945 2069 1022 2105 licet
1036 2098 1046 2114 ‚
1075 2070 1163 2106 alius
1177 2068 1249 2119 ‚fic
1261 2070 1351 2109 licet.

289 2121 415 2158 Scribe
431 2149 439 2163 ,
459 2117 508 2170 fis
531 2120 575 2156 lic
595 2131 632 2165 t,
661 2130 772 2171 atque
791 2122 838 2158 ita
858 2121 1000 2158 Moreti
1023 2121 1157 2158 codex.
1216 2122 1351 2167 Licet,

288 2172 438 2222 inquit,
469 2172 625 2209 Nireum
657 2172 700 2209 ab
734 2173 909 2209 Homero
938 2180 1132 2220 tantopere
1161 2173 1351 2212 laudatum

288 2234 428 2273 aeques
450 2223 744 2271 pulchritudine,
772 2233 834 2261 aut
862 2223 1001 2272 Hylan.
1021 2223 1177 2271 respexit
1192 2224 1274 2264 illaJ.

346 2280 545 2330 Νιρεὺς-,ὃς
569 2287 752 2329 melotae-oc,-
772 2286 854 2332 ⁶²4va
878 2284 945 2323 ὑπὸ
965 2279 1071 2324 1”λιον
1096 2284 1178 2330 ἦλθε

345 2339 427 2373 Τῶν
445 2336 571 2373 ἄλλων
591 2340 751 2376 Δαναῶν.

290 2404 424 2452 Quare
456 2401 655 2440 Thersiten
683 2404 871 2440 Lucianus
890 2403 986 2452 apud
1009 2403 1145 2441 inferos
1167 2415 1253 2441 cum
1286 2403 1357 2439 Ni-

293 2467 362 2493 reo
393 2454 675 2504 colloquentem
705 2454 754 2491 fic
772 2455 914 2492 inducit
940 2483 950 2499 ‚
995 2452 1031 2489 ἓν
1061 2456 1125 2497 μὲν
1157 2454 1218 2495 ’νῙΣε
1255 2452 1359 2490 τοῦτ·Β

294 2505 375 2552 ἐ’χω
397 2534 408 2551 ,
440 2505 501 2547 ,ἔτι
529 2505 639 2551 ὅμοιος
663 2503 737 2549 εἶμί
754 2518 828 2550 σοι,
850 2508 912 2542 καὶ
931 2504 1028 2543 οὐδὲν
1049 2508 1264 2544 τηλικοῦτον
1286 2504 1362 2541 sm-

298 2560 420 2603 Φέρεις
439 2586 448 2600 ,
487 2558 610 2599 ἡλίκαι
641 2571 680 2592 σε
698 2555 844 2601 Ὸμέρος
869 2557 998 2598 ἐκεῖνος
1019 2557 1034 2592 ὁ
1056 2559 1202 2603 τυφλὸς
1236 2555 1361 2597 ἐπένε-

292 2619 378 2652 σεν,
408 2609 581 2649 ἁπάντων
604 2606 883 2655 §opetona-2⁶:021
906 2609 1107 2652 προσειπών.
1134 2609 1221 2646 hinc
1232 2611 1363 2652 Νιρέως

299 2660 554 2705 ἐυμορφότερος
586 2661 756 2709 adagium
800 2659 897 2710 apud
936 2662 1124 2705 Graecos,
1163 2662 1200 2698 ὅ(
1232 2664 1362 2703 Νιρέως

300 2714 474 2749 κκλλῐων.
520 2712 571 2750 fic
599 2713 635 2749 in
667 2712 790 2761 priore
820 2711 984 2749 editione
1007 2712 1086 2760 jam
1125 2712 1360 2760 castigarum,

299 2763 405 2810 quod
427 2764 515 2800 alius
537 2763 600 2800 sibi
624 2763 746 2812 postea
769 2763 984 2800 vindicavit.
1023 2762 1120 2810 apud
1154 2763 1359 2811 Apulejum

300 2824 456 2862 quoque
493 2816 528 2850 in
553 2815 708 2852 Floridis
736 2814 772 2852 id
802 2826 944 2852 nomen
972 2813 1236 2851 restituendum
1262 2843 1272 2858 ,
1301 2814 1363 2851 ubi

302 2876 405 2902 nunc
425 2864 565 2911 legitur.
620 2870 665 2900 Eo
689 2868 827 2913 genitus
858 2866 1022 2914 Affarsyas
1047 2866 1189 2910 fertur,
1211 2874 1273 2914 pro
1304 2878 1363 2901 ne—

293 2917 384 2965 fas!
415 2928 493 2951 cum
513 2915 670 2964 Apolline
693 2916 892 2965 certnviffe‚
920 2914 1084 2967 Therfites
1117 2930 1195 2953 cum
1224 2917 1360 2961 decoro,

304 2966 439 3015 agrestis
473 2979 548 3001 cum
579 2966 712 3002 erudito
734 2995 743 3010 ‚
792 2967 912 3003 bellica
940 2981 1017 3004 cnm
1050 2974 1132 3005 Deo.
1160 2968 1361 3016 legendum

306 3019 407 3056 enim
424 3047 433 3061 ,
457 3015 618 3065 Therfites
639 3030 715 3052 cum
741 3019 863 3061 Nirea,
893 3018 973 3061 vel,
1004 3031 1089 3055 cum
1112 3021 1148 3056 in
1173 3019 1360 3057 nonnullis

306 3070 532 3107 membranis
562 3067 604 3109 fit
631 3079 698 3116 pro
731 3067 916 3117 Thersttes,
957 3079 1062 3112 tezer,
1093 3068 1257 3116 Therfites
1277 3081 1362 3105 teter

235 3166 239 3169 -
305 3135 385 3158 cnm
417 3121 530 3156 decoro
562 3118 672 3159 Nirea.
721 3119 859 3168 alioqui
896 3118 1111 3156 claudicabit
1149 3119 1360 3166 oppositio,

303 3181 460 3221 uterque
498 3171 672 3209 Homero
701 3170 1007 3209 decantatillimus
1030 3198 1041 3213 '2
1078 3169 1168 3206 alter
1198 3169 1246 3206 ob
1265 3169 1362 3208 sum-

307 3236 409 3262 mam
439 3223 716 3260 deformitatem
739 3251 748 3266 ,
777 3222 867 3258 alter
889 3222 938 3257 ob
962 3222 1195 3269 praecipuam
1219 3221 1361 3259 formae

306 3275 549 3312 venustatem.
583 3273 671 3310 hinc
702 3273 964 3322 proverbium,
993 3273 1094 3321 cujus
1130 3272 1254 3310 Suidas
1280 3284 1361 3310 me-

304 3328 414 3368 minit
426 3356 436 3373 ,
449 3324 824 3374 Θερσίτειονβλέμμοι.
852 3325 904 3362 Τὸ
921 3324 1112 3364 adamatus
1125 3336 1213 3364 cave
1225 3334 1360 3372 mutes,

2388 862 2458 920 Et

1404 1013 1442 1051 in
1456 1012 1636 1050 laudatus.
1653 1011 1876 1051 confirmant
1896 1014 2007 1064 hujus
2024 1013 2101 1053 loci
2121 1014 2391 1055 restitutionem
2403 1015 2461 1057 illa

1405 1064 1502 1114 apud
1527 1066 1740 1102 Horatium.
1768 1065 1891 1113 Epod.
1923 1078 1985 1103 xv.

1459 1117 1512 1152 Sis
1526 1125 1642 1165 pecore
1664 1128 1708 1155 <7
1727 1116 1845 1152 multa
1862 1116 1962 1153 dives
1977 1117 2099 1155 tellure
2119 1117 2234 1155 licebit

1510 1173 1704 1218 Formaque
1721 1168 1846 1204 vincas
1867 1168 1987 1206 Nirea.
2042 1170 2256 1208 Hizmsxus.

1404 1217 1540 1268 Tanaq
1575 1219 1756 1264 Fabrum,
1785 1220 1848 1269 qui
1879 1220 1938 1257 lib.
1963 1233 1991 1257 1.
2011 1220 2120 1268 Epist.
2145 1235 2202 1269 54.
2229 1222 2293 1260 sibi
2313 1224 2409 1262 hanc
2428 1225 2468 1270 εξ

1405 1270 1690 1308 mendationem
1713 1271 1876 1308 vindicat
1891 1300 1900 1315 ‚
1928 1271 2072 1319 respicit
2094 1273 2154 1310 hic
2176 1273 2363 1313 Heinfius.

1462 1334 1542 1359 110.
1582 1323 1743 1358 Crimine
1771 1331 1890 1371 raptus
1919 1322 2079 1373 Hylas.]
2127 1324 2294 1362 Crimina
2326 1325 2465 1376 primus

1403 1373 1628 1418 Vaticanus,
1658 1384 1698 1411 ut
1718 1373 1828 1422 Epist.
1849 1386 1927 1411 xvx.
1946 1385 2031 1422 294.

1457 1429 1504 1460 Et
1527 1435 1589 1462 tua
1601 1423 1670 1475 fim
1685 1454 1695 1470 ,
1725 1425 1845 1474 quaeso
1860 1453 1870 1469 ‚
1892 1424 2043 1462 crimina
2056 1424 2152 1474 solus
2170 1440 2238 1476 ego.

1406 1475 1456 1515 Et
1478 1477 1516 1514 in
1541 1478 1672 1514 Amor.
1694 1490 1741 1515 11.
1762 1489 1815 1513 xx.
1839 1488 1898 1526 35.

1460 1528 1614 1575 Vestrum
1636 1530 1765 1565 crimen
1781 1527 1847 1566 erit
1868 1526 1952 1566 talis
1965 1528 2110 1578 jacft‘ura
2125 1528 2275 1579 puellae.

1404 1578 1572 1628 Propert.
1593 1590 1638 1616 11.
1658 1592 1734 1617 xxx.
1754 1592 1789 1618 2.

1446 1628 1548 1668 'Tam
1562 1630 1721 1680 formosa
1743 1641 1846 1668 tuum
1866 1641 2007 1668 mortua
2028 1631 2158 1667 crimen
2176 1632 2252 1669 erit.

1406 1683 1535 1733 Atque
1554 1683 1603 1720 ita
1625 1683 1749 1733 paffim
1770 1683 1924 1721 Po'e'tae.
1981 1684 2196 1720 Hiemsrus.
2339 1706 2343 1709 κ

1465 1747 1546 1784 115.
1576 1741 1646 1771 Nec
1664 1735 1798 1784 semper
1818 1734 1954 1776 violae,
1984 1738 2184 1783 necsemper
2211 1732 2288 1770 lilia
2301 1733 2468 1787 florent.]

1410 1787 1511 1824 Mire
1534 1787 1698 1824 turbatur
1720 1786 1840 1824 versus
1858 1787 1920 1823 hic
1940 1786 1979 1823 in
2003 1786 2148 1823 vetustis
2172 1785 2280 1824 libris.
2316 1787 2376 1824 alii
2407 1800 2471 1825 co-

1413 1839 1511 1876 dices
1526 1867 1536 1883 ,
1566 1838 1688 1875 mollia
1711 1837 1788 1875 lilia
1804 1867 1814 1883 ,
1840 1838 1899 1875 vel
1923 1837 2087 1874 candida.
2115 1838 2280 1885 optimus
2311 1838 2470 1887 Regius,

1413 1897 1486 1927 Nec
1507 1890 1621 1926 violae
1631 1891 1785 1940 semper,
1816 1902 1874 1926 nec
1894 1887 2102 1937 hyacinthia
2123 1888 2200 1925 lilia
2213 1887 2354 1938 florent.
2383 1902 2467 1928 cum

1410 1939 1522 1991 glossa
1541 1942 1737 1989 adscripta,
1765 1941 1803 1977 id
1821 1940 1884 1988 est,
1915 1939 2100 1989 Apollinea
2115 1969 2125 1984 ‚
2162 1939 2222 1977 sed
2243 1941 2295 1976 To
2313 1940 2403 1989 hyac
2428 1941 2471 1978 li—

1410 2005 1480 2031 nea
1500 1993 1716 2031 subductum
1739 2000 1814 2030 erat
1833 2020 1842 2036 ‚
1867 2003 1944 2040 quo
1966 1991 2003 2028 id
2028 1990 2229 2028 delendum
2249 1989 2319 2028 esse
2338 1991 2471 2040 fignifi-

1410 2045 1568 2082 cabatur.
1597 2053 1694 2082 certe
1716 2042 1850 2080 cinthia
1871 2042 1947 2078 lilia
1966 2044 2003 2079 in
2026 2042 2085 2079 sex
2106 2043 2182 2080 aliis
2200 2045 2470 2092 quoqueinves-

1408 2097 1460 2134 ni.
1515 2095 1628 2133 Unde
1650 2096 1719 2132 fuit
1739 2106 1823 2132 cum
1848 2093 2050 2142 legendum
2075 2094 2281 2131 censerem:

1462 2154 1534 2184 Nec
1552 2146 1680 2190 violae,
1704 2156 1768 2182 aut
1780 2146 1913 2194 semper
1937 2145 2143 2193 hyacinthia
2162 2144 2239 2181 lilia
2249 2143 2391 2194 florent.

1409 2198 1503 2234 Lilia
1524 2199 1625 2235 enim
1647 2199 1685 2235 &
1705 2197 1918 2246 hyacinthus
1934 2196 2012 2234 solo
2034 2197 2159 2233 colore
2189 2196 2471 2245 distinguuntur.

1409 2249 1476 2287 nisi
1501 2250 1603 2286 malis
1619 2278 1627 2291 ,
1649 2248 1894 2297 hyacinthina.
1921 2247 2120 2297 quomodo
2134 2246 2257 2297 florem
2270 2247 2472 2296 hyacinthi·
2536 2264 2539 2270 ⁴

1406 2313 1497 2338 num
1522 2300 1686 2337 Catullus
1710 2299 1812 2336 dixit.
1842 2300 1948 2337 Haec
1967 2299 2072 2336 olim.
2094 2311 2195 2335 nunc
2222 2299 2358 2337 scribo:

1463 2358 1536 2389 Nec
1557 2351 1671 2387 violae
1683 2350 1815 2399 semper
1830 2378 1839 2393 ,
1864 2363 1923 2385 nec
1944 2349 2085 2385 hiantia
2106 2349 2183 2385 lilia
2197 2348 2338 2399 florent.

1413 2403 1541 2452 Atque
1562 2402 1598 2440 id
1624 2401 1820 2439 confirmat
1841 2412 1926 2438 cum
1950 2401 2127 2437 Palatinus
2149 2412 2240 2437 unus
2256 2430 2265 2444 ,
2294 2410 2375 2439 tum
2407 2404 2471 2440 cod

1414 2454 1484 2491 dex
1513 2453 1649 2503 probae
1672 2462 1785 2491 notae
1801 2481 1810 2496 ,
1838 2464 1916 2501 quo
1938 2451 2103 2488 Andreas
2117 2452 2357 2490 Cavalcantes
2372 2481 2382 2497 ,
2403 2454 2471 2490 Pa-

1413 2507 1537 2543 tricius
1549 2505 1783 2542 Florentinus
1796 2532 1805 2548 ‚
1817 2505 1873 2540 vir
1885 2503 2070 2552 eleganter
2082 2502 2244 2541 eruditus
2259 2531 2268 2547 ,
2279 2515 2340 2540 me
2353 2504 2470 2541 dona-

1415 2558 1480 2594 vit.
1510 2565 1696 2606 praeterea
1723 2557 1761 2594 in
1792 2567 1870 2592 uno
1905 2553 2154 2592 Ambrofiano
2179 2554 2215 2591 id
2237 2554 2351 2602 ipsum
2373 2566 2472 2604 quo-

1415 2621 1489 2658 que
1521 2607 1686 2652 offendi,
1726 2608 1764 2644 δε
1789 2607 1825 2644 in
1857 2604 2052 2643 Hafniensi
2071 2617 2112 2642 ac
2142 2605 2386 2642 Menteliano.
2417 2604 2474 2642 id-

1414 2672 1488 2709 que
1511 2659 1712 2697 Gebhardo
1731 2660 1843 2696 etiam
1866 2670 1910 2694 ex
1931 2656 2154 2694 membranis
2178 2657 2246 2694 fuit
2259 2656 2471 2702 monitum,

1418 2724 1473 2749 11.
1494 2712 1625 2760 Antiq.
1653 2710 1738 2748 leet.
1765 2723 1801 2755 9.
1829 2709 1904 2746 duo
1933 2708 2016 2751 alii,
2037 2707 2177 2744 olentia.
2205 2706 2378 2755 proxime
2409 2719 2473 2744 ve-

1414 2775 1508 2800 rum.
1539 2762 1615 2799 lilia
1636 2760 1780 2810 optime
1800 2759 1941 2796 hiantia
1964 2759 2136 2795 dicuntur
2149 2786 2159 2801 ‚
2178 2758 2281 2806 quod
2300 2760 2471 2796 omnium

1416 2814 1551 2851 florum
1582 2814 1748 2851 maxime
1780 2811 1902 2862 patula
1922 2809 2002 2847 sint.
2030 2810 2091 2848 De
2112 2809 2260 2847 floribus
2282 2809 2474 2857 Columeh

1415 2866 1448 2904 la
1469 2866 1562 2903 libro
1584 2880 1620 2903 x.

1468 2917 1613 2965 Pangite
1632 2927 1717 2953 tune
1737 2914 1854 2951 varios
1874 2912 2045 2960 terrestria
2056 2909 2173 2961 sidera
2188 2910 2300 2960 flores,

1468 2969 1636 3005 Candida
1661 2968 1788 3003 leucoia
1803 2995 1812 3009 ,
1841 2963 2074 3013 &flaventia
2093 2962 2232 2998 lumina
2254 2962 2390 3000 calthas

1471 3019 1685 3067 Narciffique
1703 3031 1816 3054 eomas
1837 3044 1846 3059 ‚
1871 3026 1915 3052 (φ
1937 3013 2075 3051 hiantes
2092 3023 2174 3063 apta
2195 3014 2302 3051 leones

1470 3078 1565 3105 Hora
1583 3070 1665 3117 seri.

1419 3120 1477 3157 Sic
1506 3118 1714 3156 scribendos
1733 3125 1822 3166 puto
1838 3116 2134 3155 inendofissimos
2154 3116 2468 3154 versus:Leonto-

1418 3170 1579 3219 petalum
1617 3169 1747 3206 florem
1780 3170 1947 3218 intelligit
1970 3197 1980 3213 ,
2037 3168 2082 3205 de
2115 3180 2192 3215 quo
2223 3167 2467 3205 Dioscorides,

1417 3222 1531 3270 vulgo
1556 3221 1705 3270 pessime
1726 3221 1880 3269 legitur,
1905 3220 2021 3267 Pingit
2041 3231 2084 3258 <7
2099 3219 2139 3254 in
2159 3220 2276 3255 varios
2292 3249 2296 3256 .
2310 3218 2468 3257 &hian-

1415 3274 1462 3309 tis
1474 3278 1586 3321 saeva
1614 3272 1717 3309 leonis
1740 3273 1904 3319 Oraseri.
1934 3271 2106 3307 Vetussus
2126 3270 2244 3307 codex
2259 3298 2268 3312 ‚
2289 3269 2403 3315 Pingit
2425 3277 2469 3306 ω’

1416 3337 1484 3364 unc
1503 3325 1632 3363 varios.
1657 3330 1810 3377 Pangere
1834 3335 1913 3363 non
1931 3322 2044 3362 semel
2063 3322 2147 3360 alibi
2173 3323 2210 3359 in
2231 3319 2363 3408 eodlem
2390 3318 2468 3406 510-

2312 3379 2397 3407 nme
2426 3379 2468 3408 ac
