2553 3676
325 226 421 271 32
819 193 1368 258 P.OVIDII

1441 179 2027 252 NASONIS'

580 346 585 351 .
619 293 804 368 Qualis
831 304 943 347 erat
964 290 1153 353 Lede,
1192 305 1353 362 quam
1377 286 1569 360 plumis
1594 283 1802 341 abditus
1826 283 1952 340 albis

694 365 931 420 Callidus
956 364 1010 418 in
1033 363 1157 417 salsa
1180 362 1297 416 lusit
1324 362 1532 415 adulter
1559 376 1685 415 ave:

547 460 578 510 5
618 440 803 512 Qualis
831 438 1140 509 Amymone
1166 434 1313 489 siccis
1338 433 1542 488 errabat
1567 434 1623 487 in
1650 433 1843 503 ArgiS‚

689 512 834 566 Cum
857 521 1127 582 premeret
1151 507 1342 561 summi
1368 505 1585 559 verticis
1621 522 1751 558 urna
1777 521 2016 559 comam:

616 583 765 638 Talis
793 601 935 645 eras;
979 582 1315 654 aquilamque
1346 577 1400 629 in
1426 589 1480 629 te
1505 588 1825 649 taurumque
1851 577 2140 641 timebam„

689 656 761 710 Et
785 655 1051 728 quidquid
1077 667 1271 720 magno
1297 647 1367 702 de
1388 647 1526 718 Jove
1550 647 1680 702 fecit
1705 651 1895 704 Amor.
2069 706 2071 708 ,

614 730 775 784 Nunc
800 729 965 782 timor
990 723 1165 779 omnis
1188 720 1359 785 abest,
1398 721 1669 794 animique
1693 722 1922 776 resanuit
1949 739 2116 777 error.

508 823 572 860 Io

683 802 800 856 Nec
828 799 988 853 facies
1011 796 1200 851 oculos
1220 794 1329 865 jam
1357 795 1498 866 capit
1526 794 1618 847 ista
1644 811 1816 848 meos.

617 875 732 931 Cur
757 872 850 926 sim
874 884 1136 933 mutatus,
1174 867 1414 940 quaeris?
1457 867 1580 940 quia
1605 884 1827 921 munera
1850 867 2042 938 poscis,

689 944 848 1001 Haec
874 958 930 998 te
954 962 1064 998 non
1090 941 1289 1015 patitui·
1314 940 1483 994 causia
1508 941 1720 1012 placere
1745 939 1894 994 mihi.

618 1021 816 1076 Donec
842 1035 958 1072 eras
984 1017 1230 1088 simplex,
1267 1013 1505 1067 animum
1530 1030 1653 1066 cum
1681 1030 1913 1084 corpore
1936 1014 2136 1069 amavi:

690 1092 850 1147 Nunc
878 1090 1072 1146 mentis
1097 1087 1237 1144 vitio.
1263 1086 1395 1143 laesa
1419 1087 1588 1159 figura
1613 1098 1703 1142 tua
1728 1086 1818 1142 est.

319 1312 325 1315 ”
374 1316 579 1360 Spartamne
596 1317 716 1360 repetes
726 1308 841 1360 spreta
863 1309 906 1348 (ῤ’
924 1310 1080 1345 Eurotan
1101 1313 1231 1343 tuum?

321 1359 382 1399 Sic
411 1361 579 1399 emenda.
612 1374 699 1399 nani
729 1363 891 1410 optimus
926 1358 1046 1397 codex
1077 1354 1295 1401 Mediceus,
1323 1359 1366 1396 &¹

322 1425 402 1449 curo
431 1422 585 1449 tantum.
619 1412 732 1461 vulgo
765 1412 914 1453 insulse,
942 1422 985 1449 ω’
1012 1409 1036 1446 ἂ
1063 1418 1161 1445 tanto
1189 1407 1277 1445 viro.
1303 1407 1364 1446 sed

319 1463 396 1500 hoc
426 1463 536 1501 credo
558 1463 713 1506 viderit,
741 1475 814 1511 qua
834 1462 882 1500 est
905 1460 1074 1499 industria
1089 1487 1099 1503 ‚
1123 1459 1338 1496 Gronovius
1353 1487 1364 1504 ,

321 1515 423 1563 cujus
442 1515 477 1551 'in
499 1514 711 1561 scriptorem
730 1515 917 1562 optimum
936 1509 1269 1549 animadversiones
1282 1511 1363 1559 jam

318 1572 473 1613 coeptae
501 1564 762 1613 Typographis
789 1563 992 1602 committi.
1011 1561 1153 1599 videtur
1170 1568 1296 1599 autem
1314 1561 1365 1599 al-

317 1614 444 1652 ludere
464 1614 509 1652 ad
526 1615 614 1653 illud
639 1615 782 1664 Virgilii
806 1629 834 1653 i.
858 1614 944 1664 498·

368 1677 498 1726 Qalir
515 1677 553 1714 in
574 1682 722 1714 Eurotae
740 1676 822 1726 ripis
844 1687 914 1716 (φτ.
968 1675 1178 1712 HEmsxus.

317 1741 483 1779 Adveeia
498 1769 508 1786 ‚
536 1741 596 1778 vel
614 1742 814 1776 transvefft‘a
835 1738 987 1776 Sarravii
1009 1736 1139 1774 codex.
1167 1735 1206 1772 δε
1225 1734 1364 1783 priores

318 1792 408 1829 editi
430 1792 505 1829 fere
526 1803 656 1829 omnes
670 1819 680 1835 ,
695 1791 855 1827 advesta.
882 1788 984 1839 quod
1005 1786 1154 1824 defendi
1172 1784 1288 1834 posset
1302 1793 1366 1829 ‚ut

318 1842 476 1880 eandem
499 1843 601 1891 saepe
624 1842 865 1878 adduam&
888 1839 1076 1876 abdueram
1097 1837 1234 1874 diversa
1255 1837 1366 1873 ratio-

316 1905 366 1931 ne
397 1892 467 1931 dici
508 1892 607 1942 pofl'e
642 1893 799 1930 ostendit
826 1891 1002 1928 Munker.
1031 1888 1077 1926 ad
1108 1888 1250 1936 Hygin.
1279 1887 1364 1925 Fab.

319 1956 409 1982 viix.
437 1944 476 1980 &
505 1943 576 1981 vid.
601 1943 645 1981 ad
674 1942 917 1992 Qiiindtilian.
949 1939 1118 1977 Declam.
1142 1951 1221 1975 xiv.
1246 1950 1302 1975 10.
1324 1939 1363 1975 δε

319 2006 513 2033 cccxxxv.
530 1996 683 2030 Devebla
705 2005 798 2032 unus
811 2021 820 2036 ,
849 1993 966 2030 evena
985 1991 1077 2028 alius
1095 1989 1253 2028 Heinsii.
1280 1988 1362 2025 Ad-

318 2046 425 2082 dueta
444 2045 586 2082 Moreti
605 2057 707 2083 unus.
736 2045 1000 2082 Romaanus.

370 2108 403 2146 3.
432 2095 554 2144 Lede]
586 2096 677 2131 Leda
698 2096 850 2132 Moreti.
879 2094 954 2132 vid.
974 2092 1019 2130 ad
1041 2091 1149 2140 Epist.
1168 2103 1247 2128 xxv.
1272 2102 1304 2127 1.

368 2160 402 2194 4.
430 2146 629 2195 Callidus.]
652 2147 763 2183 Multi
785 2146 889 2189 libri,
913 2143 1101 2185 candidum
1127 2151 1169 2179 ut
1185 2142 1269 2178 olor
1289 2140 1364 2178 sae-

314 2210 362 2247 pe
383 2196 483 2234 albus
502 2198 541 2234 &
564 2197 730 2233 candidus
749 2196 890 2233 dicitur.
911 2193 1020 2242 Epist.
1040 2205 1112 2229 vii.
1132 2203 1164 2227 2.
1183 2193 1221 2227 &
1237 2191 1363 2228 Heins.

315 2249 362 2287 ad
383 2261 428 2286 11.
447 2247 535 2285 Fast.
558 2260 639 2296 109.
668 2249 704 2284 &
727 2258 774 2283 eo
795 2245 918 2283 alludit
941 2243 1072 2280 Noster
1092 2242 1160 2289 Ep.
1181 2253 1257 2278 xvi.
1279 2253 1363 2290 249.

366 2312 507 2349 Pefffora
525 2309 584 2345 vel
595 2309 691 2359 puris
710 2308 852 2345 nivibus
866 2336 876 2351 ‚
905 2306 963 2343 vel
983 2305 1070 2342 laffze
1082 2334 1091 2349 ‚
1119 2315 1287 2355 tuamque
1318 2350 1322 2354 ,

418 2360 599 2410 Complexo
619 2371 770 2397 matrem
788 2358 990 2396 candidiora
1012 2357 1117 2403 Jove.

315 2423 469 2461 Retinui
487 2430 612 2460 tamen
640 2421 798 2458 callidus.
825 2420 910 2469 quia
939 2420 995 2464 τῷ.
1019 2417 1097 2466 lufit
1129 2418 1244 2466 magis
1273 2429 1364 2455 con-

313 2476 411 2524 gruit
431 2503 441 2515 ,
475 2475 513 2511 &
539 2473 725 2522 praecessit
747 2471 875 2522 plumis
902 2468 1003 2508 albis.
1036 2470 1075 2508 in
1093 2469 1192 2517 falsa
1219 2481 1298 2506 ave.
1322 2475 1364 2506 ut

315 2526 446 2562 Statius
466 2537 501 2561 x.
526 2524 562 2561 T
567 2524 602 2561 li.
622 2524 668 2561 de
691 2525 829 2561 Eurota
846 2535 854 2559 :

370 2575 464 2624 Falso
487 2588 606 2623 gurges
636 2585 799 2611 cantatus
824 2572 921 2609 olore.

316 2625 403 2663 Vid.
428 2627 526 2674 bleg.
556 2638 618 2662 iii.
645 2637 702 2671 24.
732 2627 768 2662 &
790 2624 835 2661 de
858 2619 1077 2660 confusione
1102 2632 1242 2659 vocum
1266 2619 1365 2657 calli-

316 2675 379 2711 dus
401 2678 439 2713 &
459 2676 631 2713 candidus
646 2705 656 2720 ‚
684 2675 728 2713 ad
750 2688 802 2712 vr.
822 2675 979 2711 Metam.
1001 2673 1083 2720 576.
1104 2673 1142 2710 ὃς
1163 2685 1207 2709 11.
1231 2673 1364 2709 Amor.

316 2738 432 2762 xviii.
456 2740 513 2773 29.
544 2727 636 2763 ludit
668 2726 751 2764 cod.
782 2724 975 2769 Sci-iveni,
1004 2724 1112 2762 &ita
1132 2722 1246 2761 edidit
1263 2722 1366 2762 Bers-

316 2788 483 2813 mannus.
514 2778 773 2814 Burmannus.

370 2839 401 2874 ς.
431 2827 600 2875 Ενν.ιὲι”ι.]
626 2829 778 2876 Legitur
800 2828 838 2864 in
856 2824 1365 2874 MSS.exemplaribus‚erra-

315 2876 399 2920 bat,
428 2889 521 2925 quie
542 2877 653 2914 lectio
676 2880 766 2915 mihi
790 2877 894 2915 valde
913 2877 1043 2925 placet.
1071 2877 1250 2913 Manius.

367 2941 399 2975 ς.
428 2926 527 2963 Siccis
553 2927 687 2962 erravit
698 2929 745 2963 -in
769 2927 914 2976 Agris.]
943 2928 1004 2964 Ad
1028 2928 1188 2964 Homeri
1209 2926 1362 2974 Epithe-

314 2986 382 3016 ton
409 2977 561 3026 respexit
592 2978 707 3015 Po'e'ta
727 3006 737 3021 ,
773 2979 837 3025 qui
858 2986 969 3014 vocat
990 2978 1110 3026 Argos
1134 2977 1360 3021 πολυδίψιον,

314 3031 388 3067 hoc
407 3029 476 3069 est,
505 3027 724 3065 siticulosum
753 3036 863 3076 atque
892 3027 1033 3074 aridum
1051 3055 1060 3070 ‚
1088 3036 1235 3075 propter
1256 3036 1362 3064 natu-

315 3092 391 3117 ram
414 3088 539 3117 terrae.
570 3080 665 3114 Nam
689 3085 773 3113 ante
796 3076 999 3114 adventum
1024 3077 1168 3118 Danai,
1198 3078 1262 3124 qui
1292 3078 1364 3123 pri-

316 3143 397 3167 mus
426 3137 555 3178 puteos
577 3126 740 3165 effodisse
761 3126 893 3163 dicitur
907 3153 917 3169 ‚
945 3126 1084 3163 aridam
1107 3124 1209 3162 fuisse
1230 3134 1363 3163 terram

316 3181 542 3229 Argivorum
565 3178 723 3216 tradunt.
752 3177 835 3214 Fuit
863 3185 987 3214 autem
1009 3177 1230 3224 Amymone
1257 3176 1368 3224 Argi-

314 3244 357 3268 va
381 3260 389 3274 ‚
430 3231 550 3267 Danai
580 3229 661 3267 filia.
693 3229 920 3265 MICYLLUS.
962 3226 1186 3276 Amymone
1214 3237 1286 3264 una
1317 3238 1363 3264 ex

311 3282 577 3334 quinquaginta
607 3280 730 3320 Danai
746 3278 905 3326 filiabus,
933 3290 1069 3330 aquam
1088 3278 1297 3329 inquirens,
1325 3278 1367 3317 in.

2396 1160 2469 1218 Et

1421 1314 1573 1343 cervum
1591 1303 1708 1342 telum
1725 1301 1840 1354 jecit,
1868 1315 1911 1342 ac
1932 1302 2102 1354 Satyrum
2125 1300 2387 1339 dormitantem
2408 1301 2465 1339 ofi-

1418 1356 1547 1394 fendit.
1586 1357 1713 1404 Quare
1747 1356 1807 1393 ille
1843 1355 1978 1393 somno
2017 1352 2290 1404 expergefzistus
2328 1351 2466 1400 puellae

1420 1409 1518 1444 miro
1538 1406 1716 1444 desiderio
1736 1407 1886 1454 capitur.
1916 1408 1968 1443 At
1990 1406 2169 1454 Neptuno
2188 1403 2470 1451 superveniente.

1419 1458 1565 1507 Satyrus
1585 1457 1618 1495 se
1640 1459 1678 1494 in
1700 1458 1825 1506 fugam
1853 1456 1965 1494 dedit.
1992 1456 2214 1504 Amymone
2232 1461 2356 1490 autem
2379 1464 2464 1492 cum
2518 1467 2520 1469 ’

1417 1509 1482 1546 illo
1503 1508 1732 1546 concubuit:
1772 1509 1882 1557 eique
1913 1508 2110 1556 Neptunus
2138 1507 2258 1543 fontes
2278 1505 2470 1542 Lernaeos
2502 1538 2504 1540 .

1418 1559 1604 1596 indicavit.
1633 1559 1740 1596 Haec
1763 1571 1807 1596 ex
1825 1558 2062 1607 Apollodoro
2080 1556 2143 1594 lib.
2162 1568 2209 1594 11.
2227 1555 2406 1593 Meminit
2425 1555 2464 1594 ὅ(
2520 1599 2521 1606 ¹

1419 1606 1643 1659 Apollonius
1658 1609 1721 1647 lib.
1742 1621 1772 1648 1.
1794 1609 1883 1657 Arg.
1904 1609 1957 1645 his
1977 1608 2119 1645 verbis:
2471 1623 2478 1633 ν

1815 1665 2025 1702 Ποσειδάωνι
2045 1664 2086 1701 δὲ
2106 1663 2208 1707 κούρη

1472 1718 1560 1764 Πρίυ
1579 1714 1661 1755 ποτ’
1679 1716 1865 1763 Ἀμυμώνη
1885 1717 2015 1760 Amase
2037 1717 2142 1753 τέκεν
2159 1713 2336 1756 ἐυνηθεῖσιι

1474 1772 1674 1807 Ναύπλιον.
1779 1769 1998 1806 CIOFANUS.

1423 1833 1654 1872 Crediderim
1672 1831 1838 1881 scripsisse
1857 1828 2158 1879 Ovidium‚ficcis
2178 1828 2317 1865 errabat
2334 1826 2373 1864 in
2391 1831 2473 1866 Ara‘v

1416 1885 1501 1933 gis;
1545 1898 1630 1923 nam
1663 1887 1701 1922 ὅς
1730 1881 1938 1920 Passeratius
1977 1882 2022 1919 ad
2060 1882 2168 1929 Prop.
2198 1881 2257 1917 lib.
2286 1891 2330 1916 11.
2361 1880 2470 1928 Eleg..
2522 1886 2523 1891 ’

1420 1938 1478 1973 26.
1507 1934 1662 1973 similem
1692 1933 1857 1971 lectionis
1887 1933 2102 1970 varietatem
2135 1930 2397 1978 deprehendit,
2426 1932 2465 1968 &

1417 1987 1454 2023 in
1482 1986 1559 2033 ipso
1594 1985 1736 2023 Ovidio
1767 1985 1802 2020 in
1828 1984 1896 2021 hac
1926 1995 2022 2021 voce
2053 1984 2161 2030 saepe
2183 1981 2345 2018 librarios
2365 1981 2472 2018 aber-

1417 2035 1505 2074 rasse
1524 2036 1695 2074 Heinsius
1719 2037 1860 2073 notavit
1882 2033 1927 2071 ad
1947 2047 1982 2071 v.
2005 2034 2093 2070 Fast.
2113 2035 2197 2081 651.
2222 2033 2259 2068 ὃ(
2280 2044 2357 2068 xlv.
2380 2033 2465 2069 Me-

1417 2095 1506 2125 tam.
1526 2088 1610 2134 476.
1640 2089 1677 2124 ὃς
1697 2098 1764 2123 rios
1787 2085 1832 2122 ad
1855 2085 1977 2122 Valer.
1999 2084 2117 2122 Flacc.
2143 2096 2172 2121 1.
2197 2094 2277 2128 107.
2297 2082 2465 2120 ostende-

1418 2150 1512 2175 mus.
1541 2138 1630 2175 nulli
1658 2149 1748 2174 vero
1776 2138 1863 2174 loco
1895 2136 2180 2173 convenientior
2209 2134 2300 2171 haec
2325 2133 2462 2178 lectio,

1419 2201 1531 2237 quam
1552 2190 1663 2231 huic;
1693 2185 1794 2225 fuisse
1816 2188 1917 2224 enim
1938 2186 2164 2224 siccissimum
2187 2184 2375 2233 regionem
2391 2212 2401 2227 ,
2424 2185 2472 2222 δε

1419 2240 1582 2277 fontibus
1611 2240 1692 2276 raris
1718 2240 1897 2288 irrigatam
1915 2266 1924 2281 ‚
1953 2237 2075 2275 multis
2097 2237 2224 2274 docuit
2251 2235 2332 2272 fons
2360 2235 2464 2272 inex-

1418 2290 1563 2327 haustae
1584 2290 1752 2327 leffionis
1767 2290 1901 2327 Ezech.
1916 2289 2155 2337 Spanhemius
2173 2287 2219 2324 ad
2240 2285 2328 2322 Call.
2345 2286 2463 2333 Hym.

1419 2341 1456 2378 in
1478 2340 1609 2378 Pallad.
1628 2352 1664 2377 v.
1685 2341 1741 2387 46.
1770 2342 1808 2378 δέ
1836 2340 1933 2388 seqq.
1964 2339 2053 2387 Argi
2074 2350 2164 2375 vero
2188 2336 2312 2386 plurali
2332 2348 2465 2373 nume-

1418 2403 1460 2429 ro
1483 2393 1519 2429 &
1542 2391 1729 2429 masculini
1749 2391 1891 2441 generis
1913 2387 2038 2427 dixisse
2061 2397 2201 2425 veteres
2220 2388 2330 2424 docet
2353 2388 2472 2425 Luta-

1416 2443 1487 2480 tius
1511 2442 1556 2480 ad
1587 2443 1672 2480 Stat.
1704 2455 1756 2481 1v.
1785 2441 1908 2480 Theb.
1937 2442 2023 2484 672.
2050 2452 2095 2477 ex
2116 2439 2296 2488 Virgilio,
2323 2439 2388 2487 qui
2404 2437 2465 2476 lib.

1420 2507 1466 2531 11.
1490 2506 1550 2543 95.
1577 2493 1692 2531 dixit:
2004 2508 2007 2509 ⁷

1470 2555 1505 2592 Si
1524 2555 1653 2605 patrios
1671 2568 1829 2606 unquam
1851 2553 2041 2603 remeassem
2059 2553 2170 2590 virror
2189 2552 2236 2589 ad
2257 2556 2380 2600 Argos.

1418 2619 1494 2657 Ubi
1515 2618 1642 2656 itidem
1664 2619 1711 2655 ad
1730 2633 1847 2667 agros,
1870 2620 1907 2656 in
1929 2619 2093 2667 quinque
2112 2616 2231 2657 libris,
2253 2616 2291 2652 ὃς
2313 2615 2350 2650 in
2369 2626 2473 2663 agros-

1409 2671 1455 2708 rin
1485 2682 1562 2708 uno
1591 2671 1724 2719 reperit
1753 2669 1937 2708 Heinsius.
1965 2668 2013 2706 fic
2042 2667 2142 2705 idem
2174 2666 2305 2703 Statius
2328 2665 2472 2703 eodem.

1420 2721 1696 2829 llkrsslit’iviiiio-liyis
1716 2771 1903 2821 vulgatum
1923 2769 2115 2819 descendere
2137 2767 2274 2808 viribus
2292 2772 2417 2817 Argos.

1422 2823 1758 2921 Ι-Λιϊῗζὶςχὲνῖνέςῐὲαε,
1788 2871 1982 2921 hostilesque
2005 2876 2181 2918 Alycenas.

1419 2926 1468 2962 Et
1488 2928 1536 2963 ita
1555 2925 1680 2973 passim
1703 2924 1855 2960 Poetae.
1879 2922 1921 2958 In
1943 2933 2019 2958 uno
2039 2919 2215 2957 Mediceo
2238 2927 2313 2958 erat
2335 2918 2469 2957 sithiis..

1417 2976 1516 3014 unde
1536 2977 1626 3013 olim
1648 2973 1819 3010 Heinsius
1841 2972 2057 3019 conjiciebat
2075 2971 2200 3008 Platiis.
2229 2973 2471 3020 Amymones-
2530 2991 2532 2993 >

1419 3039 1510 3063 vero
1540 3025 1697 3062 fabulam
1728 3023 1843 3070 tangit
1875 3023 2005 3060 Statius
2028 3022 2087 3059 lib.
2112 3034 2163 3060 iv.
2187 3021 2272 3059 288.
2300 3022 2361 3059 ubi
2381 3021 2470 3058 vide

1421 3077 1628 3112 Lutatium.
1656 3074 1922 3110 Romaanus.

1472 3126 1507 3161 6.
1534 3131 1629 3160 Urna
1649 3124 1799 3173 comam]
1832 3129 1981 3161 Comam
2010 3122 2141 3162 reditus
2166 3122 2347 3161 nonnulli.
2376 3117 2469 3165 Fast.

1422 3187 1485 3213 111.
1519 3188 1531 3212 r
1565 3204 1572 3212 .

1472 3188 1618 3262 Ponitur
1639 3226 1656 3262 ἒ
1665 3227 1808 3275 summa
1819 3224 1940 3272 finitis
1961 3239 2052 3263 urna
2071 3238 2180 3263 coma.
2208 3225 2428 3261 Heinsms..

1420 3277 1519 3318 Vide
1536 3276 1582 3317 ad
1602 3289 1655 3318 iv.
1673 3278 1830 3317 Metam.
1850 3288 1884 3325 7·
1904 3282 1998 3331 Urna
2020 3285 2119 3328 caput
2144 3275 2219 3316 duo
2241 3274 2339 3361 libiiz.3
2375 3326 2407 3359 F
2438 3320 2472 3358 it

2344 3349 2353 3361 .
2404 3333 2436 3359 ec
