2553 3676
770 207 834 263 P.
911 203 1327 261 OVIDII

274 235 380 286 704

1401 202 1934 260 NASONIS

564 294 816 354 Lenibus
839 291 1092 365 impulsae
1119 289 1387 366 Zephyris
1403 328 1419 350 ·‚
1457 292 1694 366 auraque
1718 290 1937 356 salubri,

649 369 770 424 Tot
796 383 1057 438 generum
1080 365 1300 421 frondes
1317 407 1331 430 ,
1366 365 1642 437 herbaque
1667 367 1869 421 summa
1897 377 2155 421 tremunt.

432 450 497 517 59
507 463 534 515 5
574 444 744 501 Grata
766 439 918 512 quies
941 438 1200 511 Cephalo.
1240 439 1448 494 famulis
1476 439 1801 513 canibusque
1826 438 2020 495 reliffis

652 513 838 570 Laffus
863 514 918 568 in
945 512 1043 567 hac
1061 512 1270 585 juvenis
1295 512 1448 583 saepe
1477 511 1672 565 resedit
1697 513 1883 569 humo.

581 591 823 664 Quoque
847 604 998 641 meos
1024 587 1229 640 releves
1255 583 1448 646 aestus,
1489 597 1702 638 cantare
1726 586 1954 651 solebat,

654 660 996 732 Accipienda
1018 658 1158 720 sinu,
1198 656 1409 710 mobilis
1434 657 1614 719 Aura,
1652 660 1793 712 veni.

579 735 842 807 Conjugis
867 733 935 787 ad
963 730 1175 785 timidas
1199 730 1386 803 aliquis
1411 730 1549 784 male
1577 728 1789 786 sedulus
1816 751 1967 788 aures

436 831 540 879 700

652 808 887 864 Auditos
913 804 1147 859 memori
1172 802 1367 858 detulit
1391 821 1487 857 ore
1515 803 1690 858 sonos.

580 882 797 939 Procris
823 892 882 934 ut
909 878 1117 950 accepit
1143 894 1374 940 nomen,
1410 876 1554 950 quafi
1577 877 1808 949 pelliciS‚
1845 878 2059 942 Aurae,

657 953 905 1009 Excidit:
935 951 987 1005 &
1015 951 1190 1006 subito
1215 962 1366 1004 muta
1391 950 1583 1005 dolore
1613 949 1733 1005 fuit.

581 1028 804 1091 Palluit,
830 1039 888 1081 ut
912 1025 1084 1088 serae,
1109 1022 1258 1078 lectis
1287 1023 1358 1078 de
1383 1024 1494 1078 vite
1519 1024 1776 1089 racemis,

657 1101 953 1156 Pallescunt
979 1096 1231 1161 frondeS‚
1273 1114 1404 1171 quas
1429 1115 1568 1153 nova
1605 1096 1750 1152 laefit
1785 1097 1987 1154 hiemS.

436 1196 539 1247 705
578 1176 844 1249 Quaeque
869 1173 987 1226 suos
1013 1183 1238 1226 curvant
1264 1183 1471 1225 matura
1495 1169 1731 1243 cydonia
1754 1189 1959 1234 ramos;

658 1247 948 1319 Cornaque
987 1244 1162 1299 adhuc
1191 1244 1379 1300 nostris
1404 1262 1516 1300 non
1540 1243 1660 1300 satis
1687 1256 1809 1317 apta
1834 1244 1980 1300 cibis,

346 1475 430 1524 694.
458 1472 641 1524 Herbaque
652 1472 797 1522 summa
818 1467 969 1518 tremit]
1001 1472 1169 1506 Tremunt
1190 1468 1285 1507 bene
1299 1469 1349 1506 al-

293 1534 351 1566 ter
373 1526 510 1575 Regius
534 1525 571 1562 δε
594 1521 874 1561 Lincolnienfis.
928 1522 1139 1557 HEINSXUS.

350 1578 437 1625 696.
465 1575 636 1625 Resedit.]
651 1573 777 1622 Refidit
796 1585 888 1611 unus
900 1573 1029 1610 Heins.
1052 1571 1223 1609 recumbit
1251 1571 1350 1610 alius,

295 1635 483 1679 praeterea
498 1655 508 1671 ,
538 1626 653 1663 labilis
673 1626 738 1662 hac
756 1624 910 1674 juvenis.
930 1623 1090 1671 Neapol.

346 1679 434 1727 697.
460 1680 629 1728 Qaeque
648 1675 881 1714 meos-releves
898 1673 1046 1722 aestus.]
1076 1676 1222 1724 Qoque
1241 1685 1351 1723 repo-

294 1730 463 1770 nendum
482 1741 567 1767 curn
588 1727 731 1766 duobus
757 1727 956 1764 Vaticanis.
1013 1725 1227 1762 Hssiusms.

346 1780 433 1830 698.
462 1779 603 1816 Mobilis
630 1777 757 1828 aura.]
800 1776 935 1814 Nobilis
965 1777 1112 1826 Micylli
1145 1778 1183 1813 &
1215 1776 1352 1814 Bersm.

295 1831 412 1871 Editt.
440 1832 478 1869 δε
501 1842 593 1868 unus
615 1829 734 1868 codex
759 1828 915 1866 Heinsii.
942 1827 1057 1865 mollis
1082 1827 1202 1864 amica
1229 1828 1353 1877 Apro-

297 1882 339 1923 fii
356 1894 424 1932 pro
446 1882 585 1920 diversa
603 1881 780 1919 lectione.

351 1944 438 1981 700.
465 1933 618 1971 Auditos
648 1931 799 1969 memori.
821 1930 835 1980 ]
867 1930 1010 1968 Nemori
1037 1938 1197 1980 quatuor
1225 1930 1354 1978 scripti.

298 1984 440 2024 rettulit
458 1985 570 2022 etiam
593 1983 700 2021 multi
715 1982 909 2020 codices&
923 1982 1038 2019 editio
1059 1983 1174 2031 prima
1191 2010 1201 2027 ,
1223 1983 1261 2019 &
1277 1990 1354 2030 per-

299 2037 387 2074 tulit
404 2036 569 2086 quidam.
595 2034 656 2072 sed
677 2033 804 2071 detulit
822 2033 964 2071 rectum
980 2061 989 2077 ‚
1020 2033 1104 2071 inde
1126 2033 1355 2071 &diffisum

300 2087 480 2125 delatores.
501 2086 599 2124 Gell.
621 2099 651 2124 1.
670 2098 726 2131 24.
755 2091 866 2121 Domo
894 2084 1073 2133 trepidans
1101 2083 1356 2133 egreditur,ad

300 2149 428 2176 ceteras
464 2148 643 2175 matronas
672 2137 781 2183 defert
807 2135 897 2185 quod
926 2136 1100 2173 audierat.
1147 2137 1251 2183 Virg.
1300 2147 1355 2172 1v.

300 2189 465 2228 Aenerd.
485 2189 692 2236 298.¹Fama
703 2187 844 2234 furenti
859 2186 997 2223 Detulit
1006 2186 1142 2224 armari
1156 2187 1298 2236 claffem.
1319 2187 1358 2223 &

299 2241 350 2279 ita
373 2240 513 2289 passim.
543 2244 644 2276 Aure
665 2240 775 2276 etiam
798 2238 980 2275 editiones
1008 2238 1191 2287 quaedam
1215 2239 1253 2275 &
1282 2237 1357 2274 duo

299 2292 445 2340 scripti,
464 2290 689 2339 *sedinepte3
719 2303 751 2326 os
772 2302 901 2325 memor
920 2289 1061 2326 dietum
1076 2318 1085 2333 ‚
1104 2297 1144 2326 ut
1164 2288 1273 2325 oratio
1289 2301 1360 2325 me-

305 2355 380 2380 mor
394 2370 404 2387 ,
435 2343 474 2380 &
496 2341 626 2380 similia
641 2370 651 2386 ‚
672 2340 718 2379 de
747 2341 877 2389 quibus
898 2340 972 2378 vid.
994 2341 1168 2379 Gronov.
1185 2340 1243 2378 ad.
1272 2341 1360 2377 Liv.

305 2406 452 2433 xxxm.
479 2406 535 2431 12.
588 2392 856 2430 Bunmmus.

355 2456 440 2492 702.
469 2450 571 2481 Mota
602 2444 713 2480 dolore
730 2442 820 2489 fuit.
852 2441 867 2492 ]
906 2447 1015 2479 Muta
1045 2442 1164 2491 scripti
1195 2442 1359 2490 potiores

302 2508 391 2535 cum
419 2496 536 2545 prima
557 2494 735 2532 editione.
762 2493 874 2530 recte.
902 2493 950 2530 fic
983 2503 1085 2529 muta
1114 2503 1210 2530 metu
1244 2492 1362 2541 Iphia-

302 2547 400 2597 naffa
419 2546 517 2595 apud
541 2547 772 2584 Lucretium.
795 2557 826 2584 1.
844 2556 907 2593 93.
933 2544 1066 2593 Virgil.
1086 2556 1159 2582 xit.
1183 2543 1265 2591 718.

356 2614 437 2646 Stat
451 2618 551 2659 pecus
571 2621 670 2645 omne
687 2617 784 2645 metu
799 2613 965 2651 mutum}

304 2671 361 2709 Ita
383 2686 535 2724 quoque
553 2673 649 2723 apud
671 2673 850 2710 Senecam
877 2669 1016 2709 Medea
1032 2683 1069 2709 v.
1087 2683 1169 2720 150.
1197 2682 1243 2709 ex
1263 2669 1361 2720 opti·

309 2733 377 2760 mo
400 2727 576 2763 Mediceo
598 2724 878 2774 reponendum:

360 2774 428 2811 Sile
442 2804 451 2819 ‚
479 2776 604 2823 obsecro
620 2804 629 2819 ‚
653 2775 851 2826 questusque
864 2774 991 2823 ficreto
1011 2772 1146 2810 abditos

360 2826 504 2861 Mancia
524 2826 642 2864 dolori.
665 2827 795 2874 gravia
818 2825 974 2876 quifiquis
993 2824 1144 2861 vulnera

362 2876 524 2912 Patiente
544 2889 586 2915 Θ
605 2891 710 2926 aequo
730 2886 850 2914 mutus
871 2876 990 2914 animo
1004 2875 1152 2926 pertulit
1164 2902 1177 2921 ‚,

365 2928 501 2973 Referre
519 2928 642 2974 potuit.

309 2977 438 3028 Vulgo
453 3007 463 3023 ‚
485 2978 661 3015 immotus.
689 2979 796 3015 Rem.
819 2979 954 3016 Amor.

547 3029 680 3064 LeHica
695 3030 834 3076 prodeat
847 3058 856 3071 ‚
884 3029 1014 3078 inquit.

367 3081 560 3119 Prodierat.
589 3079 671 3116 visd
691 3080 824 3128 conjuge
846 3091 965 3116 mutus
985 3087 1071 3116 erat.

314 3134 430 3182 Supra
450 3132 535 3180 656.

370 3186 437 3233 Ipse
456 3183 516 3220 vir
536 3191 666 3233 accepto
682 3194 824 3219 munere
842 3191 962 3218 mutus
987 3180 1064 3219 erit.

315 3236 534 3276 Prudentius
553 3235 613 3272 lib.
634 3247 683 3271 11.
700 3241 828 3270 contra
848 3233 1137 3282 Symmachum:

369 3290 472 3336 Qae
495 3285 580 3333 regio
596 3283 762 3334 gradibus
791 3284 913 3323 vacuis
925 3284 1064 3334 jeiunia
1083 3283 1163 3320 dira

368 3337 514 3388 Sustinet
526 3346 613 3377 eant
632 3349 719 3387 quae
729 3334 894 3383 Janiculi
915 3334 1007 3373 mola
1027 3344 1128 3374 mata
1148 3333 1315 3385 quiescit?

2384 1327 2456 1384 Ut

1407 1467 1466 1505 Sic
1477 1468 1604 1507 scribo.
1633 1468 1771 1518 vulgati
1794 1469 1832 1506 δε
1855 1468 1973 1517 scripti
1992 1465 2088 1505 male
2103 1495 2113 1512 ‚
2136 1476 2254 1511 mota,
2275 1467 2335 1506 vel
2364 1477 2457 1518 nota.

1407 1519 1595 1568 strepitum
1625 1522 1726 1558 enim
1761 1521 1857 1558 inter
1883 1519 2103 1557 versandum
2127 1520 2250 1556 molae
2272 1519 2458 1564 edebant,

1407 1571 1505 1608 unde
1537 1580 1683 1621 crepaces
1713 1572 1806 1609 dixit
1836 1571 2035 1608 Maecenas
2066 1570 2164 1618 apud
2194 1570 2386 1608 Senecam.
2413 1571 2460 1610 sic
2533 1576 2535 1579 ’

1407 1621 1508 1660 idem
1531 1622 1751 1660 Prudentius
1772 1622 1939 1659 Paffione
1970 1622 2195 1669 Hippolyti,
2234 1632 2336 1658 muta
2364 1635 2461 1658 mar-

1408 1687 1506 1762 Lnora
1527 1683 1638 1712 vocat
1670 1673 1830 1723 sepulcra
1844 1701 1854 1718 ,
1875 1684 1971 1722 quae
1996 1672 2274 1722 inscriptionem
2302 1683 2382 1710 non
2399 1674 2462 1711 ha·

1434 1733 1515 1763 ent:

1460 1796 1550 1826 Sunt
1570 1801 1613 1829 (γ’
1631 1799 1733 1827 muta
1753 1799 1873 1827 tamen
1892 1787 2022 1826 tacitas
2043 1787 2243 1826 claudentia
2262 1787 2404 1825 tumbas

1462 1848 1660 1879 Marmora.

1411 1904 1469 1942 Sic
1489 1913 1615 1942 contra
1630 1934 1640 1950 ‚
1669 1914 1767 1942 muto
1788 1917 1855 1954 pro
1875 1914 1965 1943 moto
1987 1905 2083 1953 apud
2106 1904 2234 1943 Silium
2258 1904 2391 1953 x.639.

1464 1955 1516 1991 Sic
1528 1956 1635 2004 igitur
1655 1967 1745 1993 moto
1765 1956 1880 1994 lictore
1908 1957 2067 1994 invec‘lus
2079 1956 2118 1993 in
2136 1954 2267 1993 urbem.
2296 1956 2443 1994 HEle.

1411 2012 1520 2043 Muta
1535 2008 1614 2056 jam
1635 2007 1850 2046 emendavit
1877 2009 1925 2046 G.
1954 2008 2055 2045 Fabr.
2079 2007 2124 2046 ad
2152 2007 2255 2056 Virg.
2283 2019 2355 2046 xxx.
2385 2007 2468 2054 718.

1411 2058 1509 2107 apud
1527 2059 1705 2096 eumdem
1724 2059 1856 2108 Virgil.
1882 2072 1937 2096 rx.
1968 2070 2052 2108 341.

1465 2108 1575 2146 Molle
1590 2118 1689 2159 pecus
1707 2120 1916 2160 mutumque
1937 2120 2044 2148 metu.

1414 2160 1491 2198 Ubi
1513 2161 1572 2198 alii
1593 2161 1740 2199 codices
1756 2173 1946 2210 perperam
1962 2189 1972 2206 ‚
2001 2170 2148 2199 motum.
2183 2161 2312 2200 ΒΗΜΛ.

1468 2223 1551 2260 703.
1582 2212 1739 2255 Palluit,
1768 2222 1809 2249 ut
1817 2213 1897 2262 sera
1917 2212 2022 2250 lectus
2043 2213 2084 2249 de
2103 2213 2177 2249 vite
2195 2210 2389 2261 racemus.]
2413 2212 2466 2251 Ita

1415 2263 1569 2312 quidem
1606 2263 1694 2312 legit
1723 2264 1868 2301 Merula
1898 2292 1909 2309 ‚
1955 2265 1993 2302 ὃς
2022 2263 2068 2302 de
2097 2264 2180 2302 uvis
2210 2263 2466 2302 maturioribus

1414 2314 1599 2362 seriusque
1633 2314 1795 2352 collectis
1825 2315 2001 2363 exponit:
2037 2323 2079 2352 ut
2105 2327 2147 2353 ea
2177 2327 2274 2364 quae
2303 2315 2468 2364 sequenti

1415 2364 1519 2402 versu
1541 2364 1586 2402 de
1610 2364 1799 2402 frondibus
1819 2365 2018 2414 sequuntur
2031 2376 2117 2414 ,per
2138 2365 2275 2414 ellipsin
2290 2365 2466 2410 ‚hocest,

1415 2415 1602 2453 intelletfita
1621 2415 1888 2463 conjunctione
1904 2445 1914 2460 ‚
1941 2428 2027 2454 cum
2049 2416 2291 2463 superioribus
2306 2417 2468 2466 jungan-

1415 2475 1486 2505 tur.
1539 2466 1610 2504 Sed
1633 2467 1727 2504 niihi
1746 2467 1868 2504 verior
1887 2466 2000 2504 1effio
2021 2466 2158 2504 Aldina
2177 2467 2344 2505 videtur:
2372 2479 2467 2517 quae

1415 2519 1466 2556 ita
1483 2517 1613 2555 habet:
1642 2517 1780 2554 Palluit
1800 2527 1841 2554 ut
1849 2518 1947 2565 serae
1967 2545 1977 2562 ‚
2013 2516 2108 2554 lectis
2132 2517 2173 2554 de
2197 2518 2271 2554 vite
2300 2518 2468 2562 racemis,

1416 2568 1616 2617 Pallescunt
1631 2569 1799 2615 frondes,
1828 2579 1901 2609 φτ.
1927 2577 1969 2606 ut
1986 2567 2027 2606 fit
2037 2568 2178 2607 sensus:
2206 2567 2469 2612 Palluit,velut

1416 2621 1567 2658 frondes
1583 2632 1625 2658 ac
1643 2620 1732 2658 folia
1750 2620 1948 2668 pallescunt
1967 2618 2030 2657 sub
2050 2627 2271 2658 autumnum
2287 2646 2298 2664 ‚
2320 2619 2470 2669 quando

1411 2672 1491 2721 jam
1513 2671 1702 2709 vindemia
1720 2670 1815 2709 facita
1834 2670 1897 2709 est.
1931 2670 1979 2708 Et
1996 2671 2110 2719 magis
2128 2669 2277 2720 proprie
2298 2669 2345 2707 de
2375 2670 2471 2708 foliis

1418 2723 1535 2772 pallor
1567 2722 1802 2771 intelligitur,
1840 2733 1954 2770 quam
1983 2721 2030 2759 de
2060 2723 2236 2765 racemis,
2264 2720 2471 2770 praesertim

1419 2773 1571 2824 quando
1593 2785 1671 2811 non
1691 2785 1823 2810 omnes
1843 2771 2006 2822 ejusdem
2026 2771 2161 2810 coloris
2181 2772 2273 2810 sunt.
2293 2773 2471 2812 chrn..

1421 2831 1503 2861 Sera
1523 2825 1628 2861 lectus
1648 2824 1688 2860 de
1704 2824 1779 2861 vite
1796 2837 1973 2868 racemus,
2002 2831 2065 2862 aut
2079 2851 2090 2868 ‚
2117 2823 2212 2860 leflis
2232 2824 2376 2861 racemis
2393 2824 2472 2862 scri-

1422 2877 1476 2925 pti
1496 2876 1674 2925 plerique.
1701 2875 1786 2918 alii,
1807 2874 1908 2923 seffis
1926 2875 2085 2912 racemis.
2105 2877 2186 2922 sera
2216 2872 2311 2911 leeris
2332 2875 2374 2911 de
2398 2874 2472 2912 vite

1424 2927 1571 2964 racemis
1590 2927 1707 2976 prima
1726 2925 1841 2964 editio
1863 2928 1901 2963 ὃς
1918 2925 2058 2974 septem
2078 2925 2210 2974 scripti.
2237 2925 2398 2975 Vulgata
2418 2925 2470 2963 le-

1424 2977 1499 3016 &tio
1521 2990 1600 3016 non
1623 2977 1671 3015 est
1688 2976 1939 3020 sollicitanda,
1973 2988 2087 3024 quam
2119 2977 2158 3014 δε
2187 2976 2324 3026 Regius
2353 2975 2470 3015 codex

1421 3036 1556 3068 tuetur.
1583 3028 1770 3066 Remedio
1790 3027 1940 3064 Amoris
1965 3026 2048 3075 189.

1653 3096 1842 3128 Maturam
1860 3089 2003 3138 rusticus
2027 3101 2141 3126 uvam

1476 3143 1620 3192 Deligit.

1423 3205 1514 3245 Fast.
1538 3218 1576 3245 11
1588 3218 1619 3244 1.
1640 3216 1724 3256 413.

1476 3276 1577 3309 Dum
1594 3269 1674 3359 Ζςὲξτ
1694 3269 1734 3309 in
1754 3282 1851 3309 ramo
1869 3267 1979 3319 pietas
2001 3266 2206 3308 temerarius
2225 3268 2347 3312 uvas}

1532 3327 1617 3360 Dect
1642 3331 1685 3361 tt.

2376 3375 2476 3417 Pria·
