2553 3676
342 209 423 237 n.
834 177 1390 236 P.OVIDII

1767 67 1797 92 8

1464 178 2003 236 NASONIS

624 272 742 336 Ilia,
779 289 922 344 pone
947 283 1155 333 metus;
1197 269 1295 326 tibi
1318 273 1463 345 regia
1488 270 1663 326 nostra
1686 270 1917 344 patebit:

702 345 900 417 Teque
925 345 1106 398 colent
1130 362 1308 400 amnes
1329 370 1343 409 ;
1373 346 1491 408 Ilia,
1528 362 1672 418 pone
1695 358 1885 398 metus,

632 420 729 474 Tu
755 431 977 471 centum
995 460 1006 479 ‚
1046 431 1137 472 aut
1162 418 1366 490 plures,
1404 419 1543 472 inter
1571 417 1920 472 dominabere
1943 414 2244 488 Nymphas:

704 491 846 544 Nam
872 504 1120 556 centum,
1157 504 1246 545 aut
1269 493 1445 563 plures
1472 489 1694 543 flumina
1717 490 1891 544 nostra
1915 502 2118 544 tenent.

520 565 588 637 65
625 564 712 620 Ne
737 581 825 634 me
849 563 1067 635 sperne,
1103 581 1327 636 precor,
1367 575 1602 624 tantum,
1638 561 1877 633 Trojana
1899 580 2167 636 propago:

701 636 938 691 Munera
959 634 1224 709 promiffis
1248 633 1498 687 uberiora
1522 633 1676 688 feres,

626 710 871 767 Dixerat.
910 710 1020 772 illa,
1059 707 1245 761 oculos
1271 705 1577 761 inhumum
1604 705 1807 777 (16168111
1830 707 2130 771 modest08‚

702 782 992 856 Spargebat
1015 779 1229 853 tepidos
1251 778 1440 834 flebilis
1466 778 1639 833 imbre
1662 778 1813 833 finus

625 856 746 912 Ter
768 854 954 908 molita
978 853 1162 925 fugam
1177 894 1193 918 ‚
1233 866 1316 906 ter
1345 852 1412 906 ad
1437 853 1564 906 altas
1587 851 1777 907 restitit
1800 852 1969 908 undas
1984 891 2002 916 ,

523 945 615 995 70-

702 926 977 982 Currendi
999 927 1139 981 vires
1163 925 1424 997 eripiente
1449 938 1616 980 metu.

628 1001 756 1056 Sera
779 1013 960 1054 tamen
984 999 1227 1054 scindens
1253 999 1475 1052 inimico
1499 999 1693 1070 pollice
1718 999 1921 1054 crinem
1938 1036 1955 1063 ‚

702 1073 893 1128 Edidit
917 1072 1167 1144 indignos
1192 1089 1286 1125 ore
1312 1084 1578 1126 tremente
1604 1072 1787 1126 sonos:

629 1146 684 1200 O
705 1146 910 1200 utinam
934 1163 1051 1198 mea
1079 1143 1211 1199 lecta
1234 1144 1416 1200 forent
1431 1184 1446 1208 ‚
1484 1144 1767 1218 patrioque
1791 1145 2035 1217 sepulcro

703 1217 974 1282 Condita,
1015 1218 1150 1274 dum
1172 1230 1424 1290 poterant
1449 1217 1670 1290 virginis
1700 1216 1807 1272 offa
1828 1219 1962 1291 legi!

332 1430 436 1464 neus.
465 1435 551 1462 cum
582 1420 751 1470 Scaligeri
780 1419 981 1470 Excerptis.
1009 1419 1086 1459 dixi
1117 1419 1163 1459 ad
1189 1420 1300 1471 Epist.
1327 1434 1389 1460 XV.

336 1477 396 1520 j‘s.
420 1477 498 1524 169.
523 1475 638 1510 IDEM.

390 1529 450 1575 63.
484 1522 763 1574 Dominabere.]
803 1523 977 1561 Politiani
1010 1522 1101 1562 liber
1123 1552 1134 1569 ‚
1173 1522 1389 1561 celebrabere.

336 1577 411 1616 vid.
430 1576 475 1615 ad
497 1587 549 1614 1v.
569 1575 728 1613 Metam.
746 1576 805 1620 46.
826 1575 863 1612 δε
883 1574 928 1613 ad
945 1574 1048 1623 Eleg.
1068 1579 1236 1623 praeced.
1254 1574 1309 1619 ybs.
1330 1586 1364 1624 3.

387 1628 447 1676 65.
478 1632 531 1663 Ne
558 1639 613 1663 me
635 1625 793 1675 sperne]
825 1632 895 1662 Nec
922 1639 976 1662 me
997 1625 1095 1663 Edit.
1121 1627 1264 1674 prima,
1289 1625 1392 1663 Bers-

340 1678 468 1717 manni
493 1678 532 1714 ὃς
555 1677 657 1714 aliae.
686 1676 874 1714 Bernensis
893 1676 1013 1715 codex
1035 1677 1073 1714 ὃς
1093 1676 1154 1715 sex
1181 1677 1253 1716 alii.
1279 1677 1330 1715 ita
1351 1677 1390 1715 &

336 1730 430 1778 supr.
448 1728 550 1777 Eleg.
571 1741 614 1764 11.
634 1739 693 1773 24.

389 1781 449 1829 65.
477 1785 635 1815 Romana
657 1778 837 1829 propaga]
869 1779 1020 1828 Trojana
1047 1780 1202 1819 Puteani
1222 1780 1261 1817 &
1281 1779 1391 1817 Scali-

333 1832 415 1880 geri
444 1830 624 1879 Excerpta
654 1830 692 1867 &
723 1838 882 1879 quatuor
916 1831 998 1869 libri
1036 1844 1082 1871 ex
1114 1830 1253 1870 nostris.
1287 1830 1391 1880 supra

338 1881 454 1925 dixit:

389 1940 458 1978 Ilia
476 1940 519 1977 ab
544 1941 641 1978 Idaeo
661 1941 890 1979 Laomedonte
904 1956 1024 1990 genus.

336 2003 467 2053 Atque
500 2004 549 2040 ita
575 2003 637 2042 lib.
663 2009 727 2041 1'11.
754 2003 888 2042 Fastor.
915 2005 1023 2044 initio
1042 2034 1054 2051 ‚
1090 2005 1237 2045 videtur
1260 2007 1387 2056 legen-

335 2055 433 2094 dum
454 2067 462 2091 :
701 2063 708 2070 ·

391 2119 482 2152 Tum
503 2128 633 2164 quoque
651 2116 793 2153 inermis
810 2131 906 2162 eras,
928 2132 1005 2155 cum
1025 2129 1057 2155 te
1074 2120 1224 2167 Trojana
1235 2119 1394 2167 sacerdos

443 2166 565 2214 Cepit,
594 2176 634 2202 ut
651 2165 731 2202 huic
753 2167 830 2204 urbi
843 2169 982 2217 semina
1003 2170 1107 2218 digna
1129 2170 1242 2208 dares.

340 2227 391 2267 Et
410 2227 507 2277 apud
525 2228 679 2266 Statium
703 2228 764 2266 lib.
783 2241 836 2267 1v.
855 2231 940 2268 Silv.
960 2244 1007 2268 11-
1031 2232 1091 2280 65.

507 2291 675 2339 Trojanae
693 2292 808 2342 qualis
818 2292 884 2341 sub
903 2293 1043 2330 collibus
1064 2294 1191 2335 Alban.

342 2353 394 2393 Et
408 2354 647 2394 confirmatur
660 2355 775 2394 altero
789 2356 891 2394 Statii
902 2357 990 2395 loco
1001 2357 1063 2396 lib.
1076 2371 1113 2397 v.
1127 2354 1369 2400 Silv.11.'168.

509 2418 679 2466 Trojanae
697 2417 838 2455 collibus
858 2418 984 2458 Albae.

342 2479 464 2530 Quod
484 2479 710 2518 doetiffimus
736 2481 952 2520 Gronovius
969 2483 1048 2532 jam
1078 2483 1180 2522 vidit.
1208 2485 1288 2523 Nisi
1316 2486 1396 2523 Ro-

345 2543 496 2569 manam
518 2533 759 2580 propaginem
780 2533 912 2580 accipis
940 2545 1006 2581 pro
1027 2546 1070 2572 ea
1092 2563 1103 2577 ‚
1138 2535 1236 2573 unde
1254 2537 1396 2575 Roma-

343 2583 385 2620 ni
406 2584 607 2631 propagati.
636 2591 676 2619 ut
695 2584 743 2620 ita
756 2610 766 2627 ‚
794 2589 954 2620 Romana
981 2584 1048 2621 Ilia
1068 2585 1230 2624 Horatio
1250 2587 1312 2626 lib.
1332 2601 1399 2626 111.

349 2633 426 2670 Od.
449 2646 502 2670 ix.
532 2635 743 2671 HfflNsius.

400 2684 460 2720 66.
492 2683 688 2734 uberiora]
719 2684 886 2722 Ulteriora
908 2685 1232 2727 Francofurtenfis.
1260 2689 1336 2728 vid.
1354 2690 1399 2728 ad

347 2732 410 2771 lib.
432 2747 476 2771 11.
496 2735 598 2784 Eleg.
620 2749 671 2773 xx.
696 2748 752 2774 10.

402 2786 463 2840 357.
492 2787 612 2821 Oculos
630 2786 819 2838 humum]
850 2789 896 2826 Et
914 2788 1030 2826 sensus
1055 2789 1092 2824 &
1115 2791 1284 2828 carminis
1305 2791 1398 2828 ratio

351 2843 465 2882 exigit
479 2862 489 2878 ,
518 2845 557 2871 ut
578 2839 735 2874 omnino
758 2839 922 2887 legatur,
952 2846 993 2876 In
1013 2839 1162 2877 humum
1181 2854 1190 2878 :
1220 2843 1257 2878 &
1278 2841 1326 2878 fic
1350 2842 1399 2879 est

349 2885 387 2922 in
409 2884 658 2934 manuscriptis
677 2890 954 2937 exemplaribus.
981 2891 1148 2939 Dejec'z‘a:
1177 2904 1245 2940 pro
1260 2921 1269 2936 ‚
1300 2892 1402 2941 deje-

346 2935 432 2972 ’6105
460 2936 593 2973 habens
622 2938 750 2974 oculos
778 2939 963 2978 modestos
993 2943 1031 2978 in
1049 2951 1194 2981 terram.
1222 2943 1282 2981 Est
1300 2944 1401 2982 enim

351 2986 607 3036 Synecdochc.
637 2997 675 3024 ut
694 2989 790 3036 apud
810 2990 939 3038 Virgil.
957 2993 1017 3029 lib.
1045 3004 1073 3028 1.
1097 2996 1178 3041 561.

351 3104 393 3141 M
404 3056 494 3087 Tum
513 3051 664 3089 breviter
684 3054 774 3090 Dido
792 3055 937 3094 vultum
954 3058 1093 3105 demissa
1103 3061 1279 3106 profatur.

402 3115 531 3140 Α111υς.

405 3168 465 3215 67.
493 3169 670 3219 Dejeffaff
701 3171 826 3217 Destxa
854 3173 943 3211 alter
969 3174 1154 3212 Mentelii.
1182 3174 1258 3212 vid.
1286 3174 1398 3224 Epist.

350 3230 430 3257 xxx.
459 3231 536 3267 113.
557 3222 695 3269 Dejecffa
711 3231 895 3271 parumper
916 3224 1113 3262 Bernenfis.

402 3270 462 3308 ΟΞ,
492 3270 611 3322 'lepido
629 3270 758 3323 flebilis
788 3273 899 3311 imbre
916 3274 1027 3325 finus.
1051 3275 1067 3326 ]
1107 3281 1246 3315 Teneros
1266 3278 1397 3317 Putea-

2382 1289 2489 1350 Cur

1443 1431 1534 1458 neus
1553 1448 1564 1465 ,
1599 1421 1762 1469 optimus
1793 1420 2007 1465 Palatinus,
2046 1420 2087 1463 &
2114 1430 2206 1458 unus
2235 1419 2379 1458 Moreti
2408 1432 2489 1461 cum

1446 1471 1662 1509 Sarraviano
1674 1500 1685 1517 ‚
1706 1472 1765 1510 cui
1784 1472 1823 1510 id
1841 1484 1908 1522 pro
1928 1471 2066 1510 diversa
2085 1470 2247 1509 lectione
2262 1470 2492 1520 adscriptum.
2536 1511 2539 1520 ,

1445 1522 1506 1559 alii
1528 1523 1636 1560 multi
1659 1535 1745 1561 cum
1767 1524 1886 1572 prima
1905 1523 2069 1563 editione
2084 1551 2095 1569 ‚
2122 1521 2247 1572 tepidos
2268 1520 2381 1572 finus.
2407 1522 2494 1566 Fast.

1447 1584 1502 1612 iv,
1531 1584 1617 1622 521.

1493 1638 1633 1685 Dixit,
1668 1650 1713 1680 ω’
1739 1649 1780 1677 ut
1809 1640 1984 1690 lacrymae
2016 1639 2148 1688 (neque
2179 1638 2273 1677 enim
2302 1639 2494 1688 lacrymare
2538 1664 2539 1667 =

1627 1690 1795 1737 deorum)

1551 1741 1693 1779 Decidit
1710 1742 1748 1779 in
1770 1743 1895 1793 tepidos
1915 1741 2034 1779 lucida
2050 1750 2154 1790 gutta
2163 1739 2278 1791 finus.

1445 1802 1529 1842 Art.
1549 1802 1639 1840 Am.
1656 1803 1718 1841 lib.
1743 1817 1789 1843 11.
1814 1807 1898 1855 360.

1497 1865 1646 1915 Hospitis
1661 1865 1704 1914 est
1725 1867 1833 1918 tepido
1854 1870 1947 1906 nobie
1969 1877 2098 1918 recepta
2109 1866 2203 1916 sinu,

1402 1980 1404 1982 Ι
1444 1929 1530 1968 Lib.
1551 1943 1614 1968 111.
1633 1932 1718 1969 622.
1741 1946 1785 1970 ex
1807 1934 2025 1971 auctoritate
2044 1933 2275 1971 vetustorum
2298 1932 2490 1980 codicumai

1495 1996 1596 2041 Qas
1616 2005 1708 2044 tegat
1730 1997 1767 2034 in
1792 1997 1901 2048 tepido
1916 1996 2032 2045 fascia
2053 1997 2128 2033 lata
2139 1994 2236 2046 fian.

1447 2056 1607 2105 Epistola
1629 2058 1834 2099 Briseidisi
1847 2061 1902 2099 16.

1502 2124 1546 2155 Te
1568 2128 1661 2156 tenet
1677 2120 1716 2157 in
1735 2122 1842 2171 tepido
1863 2122 1977 2161 mollis
1995 2121 2110 2160 amica
2121 2120 2218 2172 finit.

1450 2185 1609 2222 Martial.
1627 2186 1689 2224 lib.
1711 2200 1763 2224 1x.
1786 2188 1896 2237 Epist.
1918 2201 1995 2226 nx.

1501 2248 1547 2280 Et
1566 2244 1651 2281 latet
1668 2245 1706 2282 in
1726 2247 1834 2296 tepido
1848 2248 2006 2298 plurima
2027 2257 2150 2298 mappa
2159 2247 2254 2299 sinu.

1452 2306 1670 2355 Calpurnius
1692 2309 1830 2358 Ecloga
1854 2323 1888 2348 v.

1891 2376 2068 2421 Natosque
2089 2370 2216 2421 tepenti

1503 2425 1600 2456 Ferte
1610 2419 1694 2470 sinu
1712 2421 1888 2458 tremulos.
2477 2460 2479 2462 ,

1451 2469 1523 2508 Sed
1558 2472 1596 2508 &
1629 2472 1758 2522 tepidas
1789 2472 1964 2522 lacrymas
1998 2472 2097 2511 reeie
2135 2471 2208 2510 dici
2241 2483 2320 2510 non
2347 2470 2498 2510 inficior}

1454 2523 1769 2624 HonglMFtlgliilis]
1798 2576 1869 2613 Pro
1888 2575 1998 2612 flente
2017 2576 2056 2613 ὃς
2073 2574 2212 2612 moesta
2231 2575 2322 2623 poni
2341 2571 2495 2617 videtur,

1456 2623 1505 2660 ita
1519 2625 1652 2663 Horat.
1668 2626 1808 2664 1v.Od.
1824 2639 1856 2663 2.
1878 2625 1998 2662 Flebili
2010 2625 2150 2675 sponsae
2160 2626 2331 2674 juvenem
2350 2633 2498 2675 raptum9

1458 2675 1506 2711 Et
1528 2677 1577 2713 ita
1596 2675 1712 2725 poffet
1731 2678 1810 2726 capi
1832 2676 1942 2725 Epist.
1964 2689 2022 2713 xx.
2051 2677 2131 2714 106.

1512 2743 1617 2774 Nunc
1637 2752 1768 2790 quoque
1790 2737 1981 2787 Mygdonia
1994 2736 2121 2787 flebilis
2138 2746 2237 2774 extat
2255 2736 2374 2774 humo.

1455 2799 1575 2838 Aliter
1597 2801 1645 2839 est
1665 2802 1730 2851 qui
1752 2801 1880 2844 fletur;
1911 2807 1951 2837 ut
1973 2799 2074 2838 idem
2096 2800 2158 2838 111).
2183 2812 2215 2838 1.
2237 2799 2311 2838 Od.
2336 2811 2396 2850 34.

1511 2862 1644 2900 lvlultis
1671 2863 1728 2900 ille
1754 2862 1877 2912 flebilis
1903 2860 2036 2899 occidit.

1459 2925 1507 2962 Et
1528 2926 1661 2963 Noster
1681 2925 1792 2974 Epist.
1813 2937 1902 2961 xxxx.
1922 2924 1982 2970 48.
2001 2925 2038 2961 ὅ(
2060 2925 2152 2962 alibi.
2181 2923 2443 2963 Rumpimus
2474 2922 2475 2925 ’

1512 2987 1570 3021 70.
1599 2974 1812 3023 Cavenda]
1844 2975 2014 3012 Francius
2034 2976 2215 3020 malebat,
2245 2975 2402 3012 currenti.
2429 2972 2496 3011 Jmss

1452 3027 1609 3075 pediente
1626 3037 1721 3063 meta
1741 3026 1853 3062 etiam
1875 3026 2023 3074 plurimi
2041 3027 2162 3076 scripti
2187 3039 2273 3065 curn
2293 3027 2406 3076 prima
2423 3023 2497 3063 edi·

1459 3085 1574 3113 tione.

1509 3138 1567 3168 71.
1596 3133 1676 3163 Sera
1705 3136 1837 3164 tamen.
1859 3127 1873 3177 ]
1912 3127 2036 3166 Tarda
2065 3128 2109 3166 ad
2135 3127 2389 3178 loquendum,
2413 3125 2496 3175 quia

1454 3177 1590 3215 scilicet
1627 3178 1691 3215 diu
1729 3179 1854 3216 tacuit.
1898 3180 2077 3228 quaedam
2115 3188 2242 3217 tamen
2281 3176 2496 3225 exemplaria

1453 3227 1627 3277 scriptum
1658 3229 1816 3276 habent,
1837 3230 1960 3279 fheva.
1987 3243 2081 3280 quae
2109 3230 2219 3268 lecstio
2243 3229 2346 3266 valde
2361 3228 2497 3276 placet,

1454 3280 1540 3329 qui-,1
1578 3280 1770 3330 sequitur,
1805 3279 1969 3331 scindens
1996 3277 2151 3320 ¹im'mico
2194 3278 2496 3367 polliceMcrinem·

2369 3338 2498 3366 Aluus.
