2553 3676
172 150 274 258 8'25
535 191 683 248 AD
757 144 1222 244 L⁴1V1AM

1295 178 2008 243 AUGUSTAM.

462 281 570 337 Sed
595 280 828 355 rigidum
853 278 936 350 jus
964 273 1139 338 est‚&
1163 273 1471 329 inevitabile
1495 274 1700 330 mortis.

536 355 690 409 Stant
714 368 821 409 rata
837 391 852 415 ,
888 367 1000 405 non
1027 348 1132 404 ulla
1155 346 1237 403 fila
1266 347 1506 403 renenda
1532 366 1709 404 mann.

322 447 423 499 445
462 428 573 500 Ipse
601 428 697 482 tibi
723 423 932 480 emissus
957 419 1200 478 nebulofi
1225 420 1383 475 litore
1409 422 1649 487 Averni,

532 501 586 555 Si
611 502 794 563 liceat,
843 497 972 553 forti
995 494 1159 551 verba
1184 505 1269 546 tot
1293 509 1390 545 ore
1413 492 1580 573 sonet.

469 573 620 646 Quid
647 589 894 627 numeras
914 568 1115 624 annos?
1154 565 1266 619 vixi
1293 575 1554 619 maturior
1581 569 1745 622 annis,

542 645 680 700 Aeta
703 646 883 700 senem
909 642 1139 697 faciunt:
1178 635 1312 691 haec
1347 638 1681 692 numeranda
1707 639 1820 695 tibi.

472 719 578 774 His
604 736 796 774 aevum
821 716 925 771 fuit
950 709 1318 786 implendum,
1356 727 1470 766 non
1495 710 1743 793 segnibus
1769 714 1949 769 anni8.'

332 812 433 864 450

547 791 811 847 Hostibus
836 787 1048 842 eveniat
1073 787 1235 856 longa
1260 783 1469 839 seneffia
1493 801 1644 840 meis.
1710 794 1714 797 “

475 864 607 920 Hoc
633 863 771 916 atavi
795 876 1058 915 monuere
1083 860 1221 922 mei,
1258 858 1555 930 proavique
1579 858 1847 915 Nerones.

549 936 851 1006 Fregerunt
879 932 1039 987 ambo
1062 932 1267 987 Punica
1295 931 1429 985 bella
1454 931 1636 986 duces

472 1007 606 1065 Hoc
633 1008 829 1062 domus
855 1005 948 1061 ista
970 1005 1166 1068 docet,
1204 1022 1301 1077 per
1329 1017 1384 1059 te
1410 1022 1556 1068 mea,
1597 1004 1834 1061 Caesaris
1859 1007 1966 1062 alti.

549 1081 742 1137 Exitus
769 1079 886 1144 hie,
926 1092 1125 1144 mater,
1164 1077 1353 1134 debuit
1383 1076 1490 1133 effe
1515 1096 1682 1134 meus,

235 1272 319 1320 '444
347 1276 426 1309 Non
448 1268 523 1307 ulla
532 1267 601 1317 fila
620 1268 769 1307 tenenda
784 1267 931 1318 mama]
953 1268 1128 1307 Renenda.
1145 1281 1242 1320 quo-

188 1324 306 1362 modo
333 1324 370 1360 &
403 1321 592 1361 Salmasius
621 1321 667 1359 ad
685 1321 963 1368 Inscriptionem
987 1320 1152 1358 Herodis
1170 1320 1242 1359 At-

188 1375 251 1412 tici
271 1384 345 1411 tam
367 1374 450 1419 hic,
479 1384 591 1422 quam
622 1372 685 1410 lib.
705 1384 760 1410 vt.
780 1371 970 1410 Fastorum
993 1383 1078 1421 757.

240 1428 297 1461 At
317 1424 440 1461 Clotho
458 1421 677 1474 Lachesisque
697 1422 811 1460 doleat
824 1422 894 1471 sua
906 1422 975 1469 fila
992 1422 1115 1461 reneri.

190 1475 286 1525 apud
307 1476 461 1513 Statium
480 1482 607 1513 tamen
628 1475 666 1512 in
688 1474 793 1512 Silvis
810 1474 946 1513 lib.111.
964 1485 1092 1522 1.17z.

495 1532 689 1563 Parcarum
695 1524 762 1574 fila
781 1524 896 1563 tenebo
909 1553 920 1571 ,

251 1577 518 1626 Extendamque
535 1576 628 1613 colos.

194 1628 328 1677 Nili&
347 1628 420 1667 illic
440 1627 557 1664 renebo
575 1626 789 1676 legendum.
817 1627 1059 1670 ἀνακλωθῆνκι
1088 1627 1251 1666 Graecis.

192 1678 291 1727 apud
316 1679 551 1723 Lucianum,
592 1680 643 1716 τῑι
675 1680 740 1724 μὲν
773 1679 983 1724 πραγθέντοι
1012 1677 1090 1714 οῦδὲ
1119 1679 1250 1715 Kamai

195 1731 252 1765 ἔτι
277 1728 515 1766 ἀνακλώσειεν
536 1729 592 1766 ὤν.
619 1728 798 1766 revolvere
812 1728 880 1777 fila
901 1728 992 1767 dixit
1014 1730 1107 1767 Met.
1126 1729 1246 1767 lib.11.

196 1793 234 1817 v.
257 1780 340 1829 654.
366 1780 428 1818 ubi
454 1779 538 1817 vide
558 1791 654 1830 quae
674 1788 859 1818 notamus.
887 1780 1093 1818 Hmusius.

248 1842 331 1878 445.
362 1830 427 1880 Ipse
460 1829 524 1867 tibi
553 1830 685 1879 emissus
713 1830 910 1880 nebulosum
941 1830 1042 1868 littus
1063 1829 1248 1880 Averni.]

196 1881 394 1918 Mediceus
420 1882 458 1918 ὃ(
481 1881 708 1919 Combianus
728 1894 812 1920 cum
835 1883 952 1930 prima
981 1882 1168 1926 editione,
1195 1894 1253 1918 ne-

198 1930 306 1981 bulofi
323 1931 363 1968 in
384 1931 511 1968 littore.
535 1931 634 1969 reete
657 1931 683 1968 fi
702 1932 806 1970 tollas
841 1934 881 1969 τὸ
903 1933 964 1976 in,
1000 1932 1104 1983 quod
1133 1933 1256 1981 super-

197 1994 360 2019 vacuum
383 1983 443 2020 est.
478 1982 538 2020 vel
558 1982 665 2031 poffis
684 1984 792 2020 etiam
809 2012 818 2028 ,
848 1982 1000 2032 nebulofh
1017 1984 1115 2020 litore
1135 1987 1259 2020 Aver-

201 2033 251 2070 ni.
284 2033 400 2071 Ibem.
440 2033 623 2072 Roverius
655 2033 835 2080 volebat,
878 2037 1031 2084 emensus
1061 2034 1259 2082 nebulosum

201 2091 298 2121 lctus.

252 2135 338 2182 446.
369 2134 405 2170 Si
423 2133 563 2184 liceat.]
595 2133 647 2169 sic
666 2135 767 2172 liceat
790 2136 971 2174 editiones
992 2137 1144 2185 priores.

253 2185 339 2231 448.
366 2186 462 2221 Asta
473 2184 594 2232 finem
608 2185 792 2236 faciunt.]
825 2188 1001 2225 Martialis
1021 2201 1055 2225 x.
1081 2199 1140 2237 53.

254 2242 353 2272 Dum
374 2245 539 2273 numerat
554 2234 716 2285 palmas,
746 2238 890 2275 credidit
910 2237 966 2287 effe
976 2240 1109 2286 stenem.

205 2297 423 2326 beaussa.

256 2351 341 2387 450.
370 2343 486 2387 Longa
496 2335 635 2387 senefia
665 2338 1123 2390 metu.]{Scribe,h0stibus
1150 2339 1259 2386 meis,

209 2390 319 2428 ctiam
342 2389 525 2438 Scaligero
543 2389 579 2427 id
599 2389 790 2438 probante.
819 2390 866 2428 lic
885 2403 947 2427 111.
966 2391 1122 2429 Trist.v.
1136 2404 1168 2439 ς.

261 2446 303 2477 Ut
324 2439 426 2477 cecidi
447 2440 628 2490 cunb't'ique
650 2450 745 2478 metu
755 2442 878 2489 sugere
897 2441 1032 2479 ruinae.

209 2490 364 2541 quidam
385 2490 531 2528 codices
550 2491 708 2536 habent,
737 2505 852 2529 meam
864 2492 1019 2529 ruinam.
1049 2492 1265 2531 Hnmsms.

264 2554 346 2591 452.
374 2547 561 2590 fregerunt
587 2541 688 2579 ambo
716 2543 851 2580 Punica
882 2542 971 2579 bella
991 2542 1127 2592 duna]
1156 2543 1268 2581 Arbi-

212 2601 288 2629 tror
310 2592 509 2630 Claudium
539 2592 746 2632 Caudicem
775 2593 927 2642 intelligi
952 2622 963 2639 ,
1002 2595 1040 2631 δε
1068 2594 1268 2632 Claudium

216 2644 606 2693 Neronemzquorum
628 2646 693 2694 qui
716 2644 871 2683 Caudex
883 2645 1168 2694 cognominatus
1180 2646 1269 2691 fuit,

216 2693 355 2740 primus
377 2695 470 2732 freto
497 2693 600 2732 clafl'e
619 2695 773 2745 trajeeto
798 2724 806 2741 ‚
842 2696 990 2733 Poenos
1020 2696 1139 2733 Sicilia
1158 2708 1274 2744 expu-

215 2743 282 2788 lit,
311 2743 406 2780 bello
416 2744 556 2782 Punico
578 2746 713 2795 primo.
741 2746 848 2785 Alter
864 2754 990 2785 autem
1012 2745 1274 2784 advenientem

218 2805 265 2831 ex
287 2794 476 2841 {Hispania
505 2808 590 2833 cum
628 2798 835 2846 ingentibus
864 2798 979 2846 copiis
1012 2797 1274 2843 Asdrubalem,

218 2844 430 2893 priusquam
460 2845 634 2884 Annibali
663 2849 763 2886 fratri
781 2850 1069 2899 conjungeretur
1088 2876 1099 2893 ,
1127 2848 1275 2897 oppres-

224 2893 284 2932 sit:
313 2897 358 2933 de
378 2906 454 2944 quo
475 2896 513 2932 &
535 2896 665 2934 Livius
686 2901 859 2938 meminit
874 2900 1024 2946 libr.27.
1047 2908 1166 2937 cetera
1177 2899 1274 2948 apud

223 2946 446 2983 Suetonium
467 2945 552 2984 vide
573 2947 610 2984 in
634 2947 801 2987 Tiberio.
831 2952 1056 2988 MlcrLLUS.
1084 2957 1271 2998 fregerunt

224 2996 325 3033 ambo
346 2996 479 3033 Punica
500 2996 587 3033 bella
607 2997 706 3034 duces
718 3014 728 3042 ;
757 3001 869 3037 rarior
889 3002 1054 3046 locutio,
1091 3000 1137 3037 ad
1155 3012 1269 3049 quam

224 3047 470 3085 illustrandam
493 3047 693 3096 Stephanus
713 3049 870 3099 benigne
890 3052 1044 3088 Gorallo
1073 3050 1201 3088 locum
1222 3062 1269 3088 ex

226 3098 419 3135 Ciceronis
439 3099 609 3136 oratione
629 3098 675 3136 de
695 3100 842 3138 Provin.
875 3101 1023 3139 Consul.
1056 3112 1134 3149 cap.
1164 3113 1269 3139 xvxix

226 3148 469 3198 suppeditavit
485 3150 566 3193 ,cui
585 3149 678 3187 adde
699 3150 908 3189 Siliilocum
930 3152 991 3190 lib.
1009 3151 1221 3190 xv111.828.

283 3200 350 3236 Illa
372 3200 414 3250 est
435 3214 523 3250 quae
544 3200 710 3249 Thybrim
725 3229 735 3246 ,
761 3216 848 3251 quae
859 3204 966 3251 fregit
992 3202 1101 3252 Lydia
1121 3202 1222 3240 bella.

230 3249 361 3288 fateor
387 3260 513 3289 tamen
544 3263 677 3301 aquam
710 3254 801 3291 mihi
831 3254 978 3290 haerere
1006 3256 1041 3290 in
1071 3254 1276 3291 hocloco:

230 3312 307 3339 uon
328 3303 427 3341 enim
440 3330 450 3349 ,
480 3302 504 3341 si
526 3302 571 3342 de
592 3304 648 3340 M,
672 3305 784 3342 Livio
806 3304 1004 3343 Salinatore
1016 3304 1278 3345 &octauam

2235 1158 2352 1214 Nee

1296 1269 1452 1307 Nerone
1469 1267 1521 1307 'fit
1550 1268 1747 1318 capiendus
1777 1273 1920 1320 po'e'ta,
1958 1269 2072 1310 video
2092 1271 2182 1321 quid
2208 1271 2281 1309 huc
2303 1272 2358 1310 fa·'

1296 1321 1418 1364 ciant,
1445 1321 1510 1369 qui
1535 1320 1581 1358 ad
1599 1321 1829 1359 seneemtem
1852 1322 1965 1360 ambo
1987 1331 2357 1370 pervenerunt,cum

1297 1371 1454 1408 debeant
1486 1371 1547 1408 hic
1578 1373 1749 1421 exempla
1777 1374 1938 1422 proponi
1969 1385 2102 1411 eorum
2125 1402 2135 1418 ,
2181 1374 2244 1425 qui
2272 1374 2361 1412 aeris

1297 1422 1421 1466 senes,
1448 1420 1509 1459 sed
1529 1433 1625 1459 aevo
1645 1422 1773 1461 breves
1787 1452 1797 1469 ‚
1825 1432 1910 1462 ante
1932 1424 2032 1462 diem
2056 1425 2241 1463 obierunt.
2266 1425 2361 1463 zGo-

1300 1472 1404 1511 rallus
1417 1484 1508 1510 vero
1523 1484 1659 1521 ,quem
1680 1474 1801 1512 nullae
1819 1475 1975 1513 salebrae
1995 1483 2186 1513 morantur
2200 1503 2212 1521 ,
2239 1476 2300 1514 hic
2320 1477 2361 1514 in

1301 1524 1429 1563 locum
1463 1535 1709 1562 communem
1735 1525 1780 1563 de
1801 1526 2003 1564 Poetarum
2022 1526 2170 1572 labore,
2199 1527 2285 1576 qui,
2314 1527 2365 1565 ob

1302 1574 1556 1613 necessitatem
1588 1576 1723 1620 metri,
1760 1575 1926 1621 obscuri,
1964 1588 2036 1614 nec
2065 1578 2173 1626 plena
2193 1577 2364 1616 oratione

1306 1624 1378 1663 effe
1398 1625 1540 1670 solent,
1568 1627 1750 1671 excurrit,
1787 1627 1826 1664 &
1858 1639 1903 1664 ex
1927 1626 1988 1664 sua
2009 1636 2244 1675 paupertate,
2272 1627 2366 1666 alios

1305 1676 1522 1720 aestimans,
1550 1677 1746 1715 ridendum
1775 1677 1809 1715 se
1837 1677 1986 1715 eruditis
2004 1677 2164 1726 praebet.
2192 1677 2371 1716 Heinsius

1305 1728 1416 1766 etiam
1437 1727 1660 1777 accipiebat,
1686 1727 1787 1766 ambo
1807 1728 1948 1767 dierum
1965 1740 2033 1778 pro
2052 1727 2171 1767 ambos
2184 1758 2195 1775 ‚
2212 1737 2255 1768 ut
2273 1728 2373 1768 dicat

1306 1778 1399 1817 bella
1414 1779 1552 1818 Punica
1571 1780 1729 1818 exitium
1750 1778 1905 1818 attulisse
1926 1779 2079 1818 ducibus
2096 1807 2106 1825 ,
2136 1779 2241 1830 quod
2266 1779 2292 1818 fi
2322 1778 2372 1819 de

1308 1829 1452 1868 duobus
1471 1830 1702 1880 Scipionibus
1722 1838 1911 1880 ageretur,
1934 1830 2078 1869 redum
2101 1831 2209 1869 foret.
2229 1830 2372 1870 utVel-

1306 1881 1399 1930 leJ'us
1411 1881 1472 1920 lib.
1490 1894 1603 1930 11.90.
1616 1881 1701 1918 Illae
1710 1882 1912 1931 provinciae
1923 1881 2087 1932 Scipiones
2102 1882 2373 1932 consumserunt,

1310 1931 1375 1969 sed
1397 1943 1484 1970 cum
1507 1932 1552 1970 de
1575 1933 1780 1982 Majoribus
1803 1932 1913 1971 Drusi
1936 1942 2086 1983 agatur,
2111 1933 2204 1971 nihil
2223 1933 2371 1976 habeo,

1311 1982 1417 2032 quod
1446 1983 1535 2021 huic
1567 1983 1655 2021 loco
1685 1983 1893 2022 illustrando
1928 1984 2034 2022 valde
2055 1984 2280 2030 conveniat,
2307 1983 2376 2022 nisi

1313 2034 1501 2079 dicamus,
1528 2041 1656 2072 atavos
1689 2035 1728 2072 δε
1752 2046 1913 2083 proavos
1930 2036 2005 2073 hoc
2036 2033 2221 2073 monuisse
2254 2047 2375 2084 nepo-

1313 2094 1367 2123 tes
1382 2113 1392 2130 ,
1419 2085 1505 2122 licet
1530 2084 1595 2134 ipsi
1614 2097 1692 2123 non
1712 2086 1955 2124 occubuerint
1975 2086 2158 2136 juvenes,
2183 2098 2254 2124 nec
2273 2098 2375 2123 mor-

1314 2143 1394 2173 tem
1424 2134 1657 2179 invenerint,
1696 2148 1775 2174 non
1804 2145 1932 2175 tamen
1957 2137 2032 2175 hoc
2052 2135 2218 2175 accidisse
2241 2149 2373 2175 eorum

1314 2186 1482 2236 ignavia,
1521 2198 1607 2224 cum
1627 2186 1662 2224 se
1684 2187 1856 2226 omnibus
1879 2188 2047 2237 periculis
2067 2188 2286 2237 objecerint.
2325 2189 2376 2226 ita

1314 2245 1356 2276 ut
1377 2249 1461 2276 cum
1483 2237 1612 2276 Aenea
1629 2237 1752 2276 dicere
1773 2240 1986 2287 potuerint:
2008 2238 2327 2287 11.Aene'i'd.43z.

1755 2295 1827 2326 Nec
1847 2289 1918 2327 tela
1932 2318 1943 2334 ,
1963 2301 2024 2326 nec
2043 2289 2140 2332 ulla,

1370 2338 1536 2389 Vita-visse
1554 2338 1648 2376 vices
1668 2345 1840 2376 Danaum
1853 2367 1863 2383 ,
1892 2350 1936 2378 ev·
1944 2339 2072 2388 fifata
2092 2337 2272 2388 tulissent,

1370 2395 1415 2426 Ut
1438 2403 1605 2434 morerer,
1633 2389 1786 2438 meruiffe
1806 2402 1930 2426 manu.
1984 2388 2118 2426 BURM·
2194 2396 2198 2400 '

1372 2452 1457 2489 453.
1485 2447 1556 2477 Hoc
1579 2440 1699 2477 domus
1718 2440 1782 2486 ista
1803 2439 1927 2488 docet.]
1959 2439 2106 2477 Scilicet
2128 2439 2299 2480 Caesaris,
2325 2442 2376 2480 ita
2448 2444 2455 2451 '

1323 2492 1423 2528 enim
1450 2492 1621 2529 construo
1641 2504 1648 2527 :
1686 2490 1776 2527 Hoc
1808 2489 1943 2527 domus
1962 2489 2023 2527 ista
2047 2490 2207 2529 Caesaris
2229 2491 2291 2529 alti
2310 2492 2379 2530 do-

1324 2550 1405 2587 cet,
1439 2553 1522 2579 mea
1540 2542 1675 2579 scilicet
1699 2540 1816 2585 faeta,
1844 2552 1909 2589 per
1930 2548 1990 2586 te,
2017 2540 2093 2578 hoe
2111 2541 2160 2578 est
2175 2569 2187 2586 ,
2213 2541 2251 2579 in
2262 2554 2376 2592 quam

1323 2592 1398 2641 ipse
1417 2605 1571 2642 quoque
1590 2592 1717 2630 ascitus
1735 2592 1814 2631 sum
1838 2603 1903 2640 per
1926 2600 1985 2636 te,
2022 2590 2132 2629 dueta
2151 2604 2268 2630 uxore
2287 2593 2383 2639 scili-,

1329 2651 1386 2681 cet
1407 2645 1518 2682 altera
1541 2644 1792 2681 Antoniarum
1820 2654 1866 2680 ex
1895 2642 2069 2680 Antonio
2100 2643 2139 2679 &
2155 2643 2279 2681 sorore
2296 2643 2381 2682 Au-

1328 2694 1419 2743 gusti
1440 2695 1600 2732 O&avia
1619 2694 1764 2743 genita,
1791 2695 1830 2731 ὃς
1859 2693 2033 2731 cohaeres
2062 2694 2191 2731 ceteris
2222 2695 2379 2744 Augusti

1327 2745 1447 2783 liberis
1469 2746 1670 2783 institutus:
1701 2753 1740 2783 ut
1760 2744 1956 2782 Suetonius
1977 2745 2016 2781 in
2036 2743 2208 2783 Claudio.
2226 2745 2382 2784 Micrr..

1380 2809 1466 2845 455.
1494 2803 1566 2833 Nec
1596 2795 1729 2833 meritis
1756 2795 1944 2845 quicquam
1971 2793 2036 2831 illa
2060 2795 2200 2843 juvant
2222 2823 2234 2841 ,
2271 2798 2384 2846 magis

1329 2847 1433 2896 affuit
1459 2846 1531 2884 illis
1562 2853 1682 2884 Mater
1708 2845 1821 2884 honos.
1843 2846 1859 2895 ]
1906 2845 1965 2883 Sic
1993 2845 2146 2895 quidem
2183 2846 2315 2895 legitur
2340 2849 2382 2886 in

1330 2898 1502 2936 omnibus
1513 2897 1734 2935 editionibus
1751 2925 1761 2942 ,
1774 2909 1862 2947 quas
1876 2897 1967 2934 mihi
1987 2896 2113 2933 videre
2128 2899 2303 2945 contigit:
2318 2897 2382 2937 sed

1329 2957 1500 2997 corrupte
1515 2977 1525 2990 ,
1553 2957 1593 2987 ut
1621 2956 1725 2997 puto.
1753 2947 1942 2996 Quorsum
1965 2947 2064 2983 enim
2090 2948 2224 2984 referes
2245 2949 2381 2994 verba,

1326 2998 1390 3035 illa
1402 3001 1562 3048 juvant,
1602 3010 1718 3048 eaque
1739 2998 1902 3036 distindta
1932 3010 1951 3034 a
1971 2997 2135 3046 sequenti
2163 2997 2208 3035 ad
2238 3010 2385 3037 nomen

1327 3050 1437 3098 magis
1455 3060 1471 3088 3
1500 3052 1726 3099 Quanquam
1748 3049 1857 3097 igitur
1878 3050 1966 3086 certi
1984 3049 2074 3085 nihil
2096 3048 2239 3092 habeo,
2275 3049 2381 3099 quod

1325 3099 1451 3150 sequar
1480 3102 1554 3138 hoc
1581 3101 1668 3138 loco
1690 3127 1700 3144 ,
1746 3100 1958 3149 exponendi
1979 3107 2104 3137 tamen
2145 3099 2247 3137 causa
2271 3101 2378 3150 lego:

1383 3158 1453 3187 Nec
1474 3151 1606 3188 meritis
1625 3164 1824 3200 quenquam
1846 3150 1921 3187 ulla
1933 3151 2071 3199 J'uvant
2098 3150 2220 3198 magis.

1332 3204 1387 3240 Ut
1406 3203 1621 3239 adverbium
1645 3203 1753 3249 magis
1772 3202 1817 3239 ad
1834 3201 2088 3250 praecedentia
2109 3203 2284 3239 reseratur
2298 3230 2307 3247 ,
2321 3202 2381 3241 fit-

1332 3265 1404 3301 que
1425 3253 1559 3290 sensus:
1595 3253 1675 3290 Nec
1686 3253 1753 3289 ulla
1768 3281 1777 3297 ,
1806 3253 1879 3290 hoc
1892 3253 1939 3289 est
1952 3280 1962 3296 ,
1991 3263 2067 3289 non
2086 3252 2180 3289 ullae
2198 3264 2252 3290 res
2265 3254 2379 3301 magis

1326 3304 1459 3352 juvant
1479 3331 1490 3350 ,
1529 3305 1649 3344 virum
1685 3303 1819 3343 scilicet
1854 3304 1991 3353 gloriae
2020 3304 2058 3342 &
2093 3303 2379 3391 iininortfilitdatis

2275 3364 2297 3390 u
2325 3363 2383 3391 io-
