2553 3676
641 188 1299 252 HEROIDES.
1374 209 1484 250 ΕΡ,

360 285 439 340 At
460 283 644 339 melius
669 277 844 348 Virgo
869 274 1071 331 faviffet
1096 276 1315 347 virginis
1339 278 1514 340 annis;

429 357 582 426 Quos
605 367 796 404 vereor
819 366 1017 421 paucos
1040 367 1109 403 ne
1132 350 1260 403 velit
1286 349 1389 404 effe
1412 349 1560 406 mihi.
1770 416 1774 419 Α

356 428 611 494 Languor
636 421 807 485 enim,
844 420 1029 476 cauffis
1052 439 1164 477 non
1186 421 1589 494 adparentibUS‚
1625 423 1823 481 haeret.

426 496 673 567 Adjuvor
699 494 754 547 &
777 495 919 549 nulla
942 493 1066 549 feffa
1087 495 1354 550 medentis
1379 512 1498 568 ope.

248 587 309 640 15
347 569 524 641 Quam
548 568 644 622 tibi
671 585 814 621 nunc
842 569 1092 639 gracilem
1115 569 1207 624 vix
1232 568 1363 624 haec
1386 568 1703 632 rescribere,
1737 585 2005 647 quamque

421 641 618 695 Pallida
643 641 734 696 Vix
758 641 943 695 cubito
970 641 1210 696 membra
1236 642 1413 697 levare
1439 642 1623 714 putas?

348 713 481 769 Huc
508 714 670 768 timor
695 715 934 779 accedit,
972 732 1040 768 ne
1067 715 1215 787 quis,
1252 714 1348 768 nifi
1376 716 1585 770 conscia
1610 715 1821 779 nutrix,

423 786 699 859 Colloquii
724 787 878 841 nobis
902 787 1089 841 sentiat
1115 787 1217 841 effe
1242 788 1400 841 vices,

346 860 493 914 Ante
518 859 659 913 fores
685 857 833 913 sedet
859 859 1017 913 haec:
1059 860 1192 932 quid
1220 877 1480 933 agamque
1505 861 1814 932 rogantibus
1838 860 2013 924 intUS,

416 932 493 985 Ut
516 930 709 1003 poffim
735 945 855 986 tuto
879 932 1134 994 scribere,
1172 932 1420 997 Dormit,
1460 933 1547 987 ait.

345 1003 489 1061 Mox
510 1005 628 1067 ubi,
666 1005 853 1061 secreti
878 1006 1024 1077 longi
1050 1003 1219 1059 cauffa
1245 1006 1475 1077 optima,
1512 1006 1728 1062 somnus

417 1077 704 1132 Credibilis
730 1079 881 1133 tarda
906 1078 1095 1133 definit
1123 1077 1228 1132 effe
1253 1081 1432 1143 mora,

339 1151 567 1224 Jamque
590 1151 774 1205 venire
800 1151 977 1214 videt,
1015 1168 1149 1224 quos
1175 1168 1285 1205 non
1309 1152 1594 1207 admittere
1621 1151 1817 1208 durum
1843 1150 1948 1215 est;

415 1222 699 1285 Exscreat;
743 1224 798 1277 &
823 1222 943 1278 ficia
969 1223 1060 1277 dat
1088 1223 1219 1278 mihi
1246 1223 1386 1296 figna
1407 1227 1551 1279 nota.

232 1309 301 1364 25
343 1295 490 1351 Sicut
515 1314 686 1359 eram,
722 1314 1013 1368 properans
1036 1295 1198 1350 verba
1218 1297 1530 1369 imperfecta
1553 1297 1831 1371 relinquo:

416 1367 489 1424 Et
513 1369 712 1441 tegitur
739 1369 951 1442 trepido
977 1369 1129 1424 litera
1154 1382 1307 1425 cauta
1330 1370 1458 1427 smu.

1557 211 1693 253 XXI·

236 947 307 983 20

49 1554 118 1597 Tu
136 1556 220 1596 vide
235 1585 245 1601 ,
272 1567 366 1606 quae
393 1568 462 1595 nos
481 1557 527 1595 ad
547 1558 727 1607 Quinctil.
749 1571 811 1598 xv.
840 1559 949 1599 Decl.
969 1560 1003 1598 6.
1023 1561 1094 1598 no-‘

2 1605 3 1655 j
50 1610 221 1646 tavimus.
252 1608 513 1645 BURMANNUS.

107 1671 162 1696 11.
192 1658 374 1707 Virginis]
399 1659 500 1694 Male
522 1658 566 1695 de
586 1659 799 1707 Hippolyto
830 1661 925 1708 capit
947 1660 1096 1698 Douza.

49 1709 136 1758 quia
156 1709 300 1746 Nonius
317 1710 426 1745 eti-ani
445 1709 595 1756 virgines
611 1709 681 1746 dici
701 1721 831 1758 pueros
850 1710 1004 1748 investes
1023 1723 1095 1748 no-

48 1766 112 1797 tat.
143 1759 187 1796 ad
208 1759 318 1806 ipsam
341 1759 535 1807 Cydippen
554 1759 754 1797 referenda.

105 1821 161 1846 12.
189 1811 284 1856 Qos
312 1809 466 1856 venera]
497 1809 639 1845 Omnia
668 1811 828 1848 carmina
853 1823 948 1860 quae
978 1811 1022 1848 ab
1044 1823 1091 1850 eo

51 1856 130 1898 funt
146 1859 248 1896 versu
262 1887 271 1902 ,
300 1861 395 1907 Qos
417 1872 532 1894 vereor
555 1870 626 1898 (fc.
654 1872 731 1896 non
751 1861 922 1908 leguntur
939 1863 976 1899 in
997 1864 1092 1899 anti-

50 1911 129 1960 quis
147 1909 225 1948 ullis
240 1938 249 1953 ,
276 1922 369 1958 quae
388 1909 544 1946 viderim
557 1938 567 1953 ‚
590 1911 865 1958 exemplaribus.
893 1912 1028 1960 Neque
1049 1925 1092 1950 ea

49 1960 226 1999 Planudes
251 1961 425 1998 transfert.
456 1961 580 2009 Atque
611 1960 696 1998 ideo
730 1973 806 1998 non
839 1961 919 1999 sunt
948 1961 1092 2000 fOi‘taffe

49 2010 155 2059 ipfius
184 2011 326 2048 Ovidii.
364 2011 617 2048 Nmsszmus.
660 2011 818 2049 Codices
853 2024 984 2050 omncs
1014 2015 1093 2061 post

49 2061 150 2099 hunc
169 2062 312 2099 versum
335 2060 509 2098 deficiunt
522 2090 532 2106 ,
554 2070 694 2110 praeter
716 2063 969 2100 Sarravianum
984 2092 993 2106 ,
1007 2063 1094 2101 Me-

50 2111 221 2155 diceuni,
251 2113 289 2149 &
318 2124 432 2149 unum
455 2124 501 2148 ex
529 2113 617 2150 meis
637 2114 904 2158 recentiorem,
933 2126 1046 2163 quem
1071 2114 1092 2152 a

6 2205 8 2214 Ι
52 2162 156 2200 Luca
185 2163 469 2211 Langermanno
498 2162 639 2201 donum
668 2164 789 2201 habui.
822 2164 1094 2203 Arondelianus

51 2224 202 2262 quoque
230 2214 388 2262 reliquos
415 2214 521 2262 hujus
550 2214 730 2262 Epistolae
757 2215 876 2252 versus
897 2216 1028 2264 majori
1048 2228 1093 2254 ex

51 2271 150 2312 parte
173 2264 210 2300 in
229 2264 364 2301 calcem
386 2263 584 2302 voluminis
604 2265 682 2313 post
704 2265 867 2314 Sapphus
892 2267 1092 2315 Epistolam

55 2314 239 2363 rejecerat.
268 2315 478 2351 HEthms.

109 2375 162 2412 17.
190 2371 292 2401 Nunc
313 2366 446 2413 timon]
471 2367 602 2404 Malim
623 2373 719 2410 Huc3
740 2375 779 2405 ut
795 2367 855 2405 lib.
875 2380 938 2406 111.
956 2367 1091 2408 Amor.

53 2413 154 2464 Eleg.
175 2429 261 2452 vm.
286 2422 359 2452 Huc
372 2417 483 2465 pudor
501 2416 636 2465 accessit.
666 2419 877 2456 HerNsxus.

109 2478 167 2522 19.⁴
192 2466 289 2514 Qid
313 2480 480 2517 agamque
507 2467 704 2515 rogantibus
719 2469 846 2518 tmen]
877 2470 954 2507 Hic
973 2470 1092 2509 versus
1157 2499 1161 2503 -

10 2516 12 2591 l
54 2527 242 2565 praeeipue
266 2530 310 2554 ex
331 2519 372 2555 iis
392 2530 482 2555 unus
497 2518 565 2563 est,
586 2518 682 2555 unde
703 2520 905 2568 colligitur,
925 2521 993 2557 hos
1015 2533 1092 2558 non

54 2564 124 2604 effe
135 2568 268 2605 Poetae
287 2569 452 2617 proprios
474 2581 515 2606 ac
537 2569 704 2613 vac'ovg.
726 2571 859 2619 Neque
879 2571 985 2607 enim'
999 2572 1094 2609 hanc

55 2615 205 2673 figuram
235 2619 330 2668 apud
362 2620 542 2657 Ovidium
574 2620 678 2657 facile
709 2621 792 2657 alibi
822 2622 986 2669 reperias.
1033 2622 1094 2659 Est

2061 1436 2198 1494 Inde

1200 1557 1322 1610 ⁷Atque
1339 1557 1443 1595 obiter
1463 1557 1567 1607 leget,
1595 1568 1660 1595 aut
1669 1556 1796 1607 scribet
1810 1585 1820 1602 ‚
1847 1556 1906 1594 vel
1926 1553 2071 1594 dormiet
2091 1553 2201 1594 intus.

1150 1610 1284 1647 Noster
1302 1611 1340 1646 in
1359 1611 1559 1647 Amoribus
1579 1610 1640 1646 lib.
1659 1622 1725 1646 111.
1744 1610 1845 1657 Eleg.
1870 1620 1922 1646 ιν.

1204 1659 1375 1696 omnibus
1393 1658 1533 1708 exclufis
1555 1659 1651 1696 intus
1669 1659 1808 1696 adulter
1829 1658 1906 1698 erit.

1150 1710 1200 1748 Et
1225 1723 1256 1747 1.
1278 1710 1388 1747 Trist.
1409 1711 1510 1758 Eleg.
1530 1722 1593 1746 111.

1201 1766 1393 1808 Formaque
1413 1774 1481 1797 non
1499 1760 1615 1796 tacitis
1623 1759 1762 1807 funeris
1779 1758 1876 1796 intus
1893 1767 1980 1795 erat.

1150 1810 1361 1848 HEiNsms.
1406 1812 1468 1849 De
1511 1811 1657 1848 feminis
1689 1818 1772 1847 ante
1807 1810 1904 1847 fores
1937 1805 2198 1845 excubantibus

1148 1870 1301 1909 egerunt
1331 1861 1464 1899 Merill.
1495 1862 1592 1899 notis
1620 1860 1666 1898 ad
1692 1860 1846 1898 Paffion.
1875 1860 1905 1905 J.
1939 1858 2080 1896 Christi.
2105 1859 2138 1899 §.
2162 1870 2197 1894 2.

1149 1912 1268 1949 Gebh.
1286 1911 1332 1950 ad
1351 1914 1516 1962 Propert.
1538 1924 1582 1950 11.
1603 1923 1660 1949 vr.
1681 1922 1738 1960 31.
1766 1912 1804 1948 δε
1828 1910 2017 1948 Alme-lov,
2036 1910 2074 1946 in
2095 1909 2200 1945 Con-

1141 1962 1332 2011 jef'taneis.
1360 1964 1455 2001 male
1485 1963 1621 2001 Douza
1651 1963 1689 1999 δε
1720 1962 1780 1999 alii
1810 1961 1971 2009 capiebat
2001 1958 2199 2008 rogantibus

1148 2013 1259 2058 inter,
1287 2026 1353 2062 pro
1375 2013 1692 2062 interrogantibus.
1719 2020 1815 2050 certa
1837 2011 1979 2049 Heinfii
2003 2011 2050 2048 est
2070 2022 2199 2048 einen-

1148 2063 1263 2100 datio.
1289 2064 1362 2102 vid.
1384 2066 1422 2102 ὃς
1440 2065 1564 2112 Eurip.
1583 2063 1688 2101 Med.
1712 2075 1793 2113 133.
1822 2062 2085 2099 BURMANNUS.

1200 2126 1261 2152 21.
1288 2121 1375 2151 Mox
1395 2114 1454 2151 ubi
1466 2114 1588 2164 secreti
1604 2113 1734 2163 longe]
1766 2113 1869 2162 Longi
1896 2110 2090 2150 Μεάἰςὲυε
2110 2122 2196 2149 cum

1149 2164 1258 2212 prisca
1282 2165 1469 2208 editione;
1495 2165 1601 2202 bene.
1630 2165 1842 2201 HEstrus.

1201 2227 1259 2262 23.
1288 2215 1448 2265 Jamque
1478 2214 1635 2264 venire.]
1665 2220 1824 2265 Cumque
1851 2214 2012 2264 conjecit
2046 2213 2196 2250 Grono-

1148 2265 1240 2303 vius.
1269 2266 1481 2304 Hmusrus.

1201 2328 1220 2352 2
1234 2329 1259 2363 3.
1289 2318 1384 2364 Qos
1401 2331 1469 2354 non
1487 2316 1673 2354 admittere
1693 2317 1823 2353 durum
1844 2315 1925 2366 est.]
1956 2314 2058 2352 Cave
2076 2322 2195 2350 tutum

1148 2366 1191 2414 est
1212 2379 1378 2416 reponas.
1407 2368 1578 2406 Tibullus
1600 2381 1628 2405 1.
1652 2368 1754 2416 Eleg.
1777 2369 1812 2404 6.

1200 2417 1266 2453 Illa
1280 2419 1418 2468 quidem
1432 2430 1508 2454 tam
1521 2418 1635 2456 multa
1649 2428 1769 2467 negat:
1783 2417 1844 2466 sed
1858 2416 1985 2452 credere
1996 2414 2125 2451 durum
2140 2412 2198 2462 est.

1251 2469 1305 2505 Sic
1324 2470 1431 2506 etiam
1455 2470 1495 2505 de
1514 2483 1568 2506 me
1580 2478 1742 2517 pernegat
1762 2468 1866 2516 usque
1887 2466 1975 2503 viro.

1148 2519 1360 2557 Hfirusms.
1390 2521 1556 2566 Juvenal.
1579 2520 1648 2555 Sat.
1670 2530 1723 2554 vr.
1745 2518 1806 2563 98.

1198 2570 1232 2605 Si
1248 2570 1370 2619 jubeat
1391 2570 1515 2618 conjux
1528 2596 1538 2613 ‚
1566 2568 1694 2604 durum
1716 2567 1758 2613 est
1776 2565 1988 2614 conscendere
2006 2577 2150 2604 navem.

1151 2620 1240 2657 Ter.
1267 2621 1415 2658 Phorm.
1440 2633 1484 2656 11.
1508 2632 1537 2656 1.
1556 2618 1589 2656 8.
1611 2618 1703 2654 Illud
1721 2618 1860 2655 durum.
1888 2618 1927 2654 P.
1948 2630 2000 2665 ego
2017 2616 2194 2665 expediam

56 2678 152 2706 enim
173 2669 380 2717 Rogantibus
400 2670 748 2719 inter‚ditsuim,pro
765 2671 1091 2721 interrogantibus3
1141 2669 1226 2720 fine.
1252 2671 1301 2709 ita
1317 2671 1407 2707 dura
1429 2670 1539 2718 cauffa
1562 2670 1694 2706 Horat.
1722 2681 1750 2706 1.
1773 2669 1843 2705 Sat.
1863 2680 1918 2705 10.
1941 2668 1999 2704 26.
2020 2667 2059 2704 δέ
2080 2667 2195 2705 Livio

12 2721 13 2754 l
53 2719 156 2766 quod
175 2720 270 2758 haud
291 2722 387 2761 scio,
407 2734 451 2758 an
478 2722 574 2770 apud
593 2723 709 2760 ullum
729 2723 839 2760 aliurn
861 2724 1017 2761 Po'e'tam
1037 2736 1094 2761 re·
1151 2734 1256 2759 xxvr.
1278 2733 1336 2771 33.
1366 2724 1405 2759 δε
1433 2722 1552 2758 durior
1570 2719 1678 2769 cauffiz
1703 2718 1856 2766 Quinit.
1879 2730 1932 2756 xv.
1963 2731 1994 2756 1.
2022 2718 2060 2755 &
2088 2717 2196 2754 durae

56 2769 189 2823 perias:
218 2771 352 2810 nedum
374 2772 470 2820 apud
489 2773 693 2817 Ovidium,
721 2774 782 2822 qui
806 2774 939 2823 ubique
954 2775 1094 2812 oratio-

57 2830 96 2855 ni
117 2820 293 2866 aequabili
313 2834 355 2859 ac
374 2825 499 2870 planae
519 2824 662 2861 studuit.
692 2824 762 2861 Sed
780 2834 905 2862 tamen
926 2825 1002 2862 fieri
1023 2836 1092 2872 po-

59 2868 125 2905 test
140 2896 149 2911 ‚
177 2877 216 2905 ut
238 2871 296 2906 vel
314 2872 476 2911 insititius
494 2875 611 2911 versus
629 2876 689 2912 liic
708 2875 807 2912 idem
830 2875 869 2912 fit
885 2903 894 2917 ‚
924 2876 983 2913 vel
1006 2876 1091 2914 alias

14 2923 15 2928 ’
61 2928 260 2967 corruptus
288 2921 504 2972 Poteratque
527 2926 627 2963 nulio
650 2926 897 2963 incommodo
920 2927 1013 2975 legi:

357 2974 453 3019 §Quid
474 2989 639 3027 agamque
659 2976 856 3025 rogantibus
869 3005 878 3022 ,
897 2977 988 3025 ipsa,

109 3027 153 3057 Ut
167 3019 278 3070 poffim
302 3030 374 3056 tuto
389 3023 529 3069 Jcribere
543 3053 566 3069 ‚‚
579 3027 725 3072 dormit,
754 3028 818 3065 ait.

16 3065 17 3084 ¹
63 3071 141 3109 Nifi
158 3071 259 3120 quod
277 3072 381 3108 nobis
402 3074 490 3109 nihil
512 3076 727 3120 immutare,
753 3079 855 3128 quod
874 3079 917 3117 ab
942 3079 1017 3117 aliis
1039 3080 1096 3117 in-

61 3122 198 3160 raecum
217 3121 388 3158 hactenus
411 3124 840 3168 manserit,con‘litutum
862 3131 921 3168 est.
941 3131 1096 3168 Micrr..

63 3171 184 3210 Scribo
198 3174 326 3217 ‚imam
353 3173 558 3210 Columella
577 3176 803 3217 Praefatione
821 3182 888 3218 Rei
914 3181 1095 3226 Rusticae,

65 3225 179 3273 Neque
198 3224 287 3260 enim
311 3236 444 3271 roganti
464 3224 548 3273 quid
567 3236 691 3272 agatur
708 3229 801 3267 intus
814 3259 823 3275 ,
843 3232 940 3279 servi
966 3233 1096 3282 respon-

65 3271 140 3318 dere
158 3274 358 3324 dignantur:
380 3276 463 3322 juv.
482 3278 552 3314 sat.
580 3287 660 3314 111.

1142 2782 1260 2822 partes
1281 2774 1372 2811 Ter.
1394 2773 1487 2810 Eun.
1507 2785 1539 2808 ι.

1566 2784 1598 2820 3.
1628 2771 1891 2807 ssunumuus.

1199 2836 1256 2869 24.
1286 2824 1381 2860 Fitta
1401 2823 1463 2859 [lat
1485 2822 1572 2859 milti
1584 2820 1683 2871 figna
1702 2819 1821 2870 nota]
1851 2819 1983 2857 Malim
2011 2821 2122 2865 tetta,
2153 2826 2195 2857 ut

1147 2873 1306 2922 Epistola
1326 2887 1424 2912 xvir.
1443 2874 1502 2911 81.

1589 2922 1731 2972 Qoties
1752 2935 1804 2971 ego
1821 2924 1909 2958 tetta
1931 2920 2055 2958 notavi

1201 2975 1303 3024 Signa
1316 2975 1494 3025 supercilio
1509 2984 1613 3024 paene
1633 2974 1788 3024 loquente
1806 2973 1910 3009 dari!

1150 3027 1318 3063 Furti-uas
1346 3036 1444 3063 notas
1473 3026 1564 3064 dixit
1589 3026 1721 3063 Amor.
1748 3025 1809 3063 lib.
1834 3036 1862 3061 1.
1881 3024 1935 3060 El.
1957 3034 2009 3060 lv.
2031 3021 2192 3068 Propert.

1151 3090 1212 3115 111.
1234 3078 1336 3127 Eleg.
1358 3089 1392 3124 7.
1935 3123 1940 3129 ι
1982 3122 1988 3128 ,

1204 3131 1303 3165 Tetra
1317 3128 1507 3178 superciliis
1519 3126 1553 3178 st
1572 3127 1710 3176 quando
1732 3125 1838 3163 verba
1856 3133 2014 3161 rem-tm.

1152 3180 1361 3216 Haustus.
1381 3180 1505 3223 Forte,
1520 3179 1612 3216 dieta
1634 3190 1729 3221 nota,
1743 3190 1837 3226 quac
1861 3178 1952 3212 inter
1966 3183 2032 3227 nos
2050 3181 2190 3226 conve-

1152 3231 1216 3267 nit.
1245 3230 1316 3266 vid.
1336 3230 1381 3267 ad
1405 3242 1456 3267 ιν.
1487 3231 1642 3268 Metam.
1663 3242 1722 3277 95.
1750 3230 1787 3264 &
1811 3227 1909 3273 supra
1929 3222 1973 3259 ad
1993 3221 2100 3270 hpist.
2119 3234 2192 3260 xil.

1156 3292 1236 3329 194.
1263 3280 1521 3318 Bumiwus.

1629 3329 1666 3373 Q
1685 3337 1709 3374 q
1743 3337 1764 3363 2
2055 3333 2115 3370 ις.
2143 3320 2194 3369 δι’-
