2553 3676
352 216 450 277 360
840 193 902 251 P.
978 185 1390 249 ov1D11

1461 185 1988 245 NASONIS

529 301 598 358 45
636 281 753 343 Has
775 297 1021 357 quoque,
1057 295 1187 352 quas
1207 275 1399 332 frontis
1421 291 1574 349 rugas
1600 276 1657 331 in
1679 278 1883 334 vertice
1906 284 2116 354 portas‚'

716 354 956 410 Excute:
997 352 1067 407 de
1095 352 1238 424 rugis
1261 350 1483 405 crimina
1505 350 1672 404 multa
1695 351 1906 409 cadent.

632 429 910 499 Penelope
937 425 1195 497 juvenum
1216 424 1355 478 vires
1378 422 1614 478 tentabat
1638 423 1695 476 in
1720 442 1873 479 arcu:

720 501 836 572 Qui
857 500 989 554 latus
1015 510 1262 570 argueret
1276 536 1292 560 ‚
1329 512 1557 550 corneus
1581 511 1733 548 arcus
1756 510 1884 553 erat.

639 573 870 629 Labitur
887 571 1135 634 occulte,
1173 569 1411 637 fallitque
1436 564 1681 620 volubilis
1705 581 1871 622 aetas:

534 665 605 719 50

715 645 791 700 Ut
818 647 959 700 celer
983 640 1216 698 admiffis
1240 637 1432 691 labitur
1458 636 1625 692 amnis
1646 640 1810 710 aquis,

647 721 791 774 Aera
815 720 987 773 nitent
1011 715 1135 769 usu:
1175 709 1330 765 vestis
1352 709 1494 764 bona
1517 710 1726 783 quaerit
1749 710 1961 767 haberi:

724 791 1028 845 Canescunt
1055 784 1199 857 turpi
1224 782 1362 838 tecta
1382 782 1561 837 relicta
1589 782 1700 837 fitu.

656 863 876 925 Forma,
915 858 1011 913 nifi
1033 857 1307 920 admittam,
1344 857 1490 911 nullo
1515 869 1804 912 exercente
1828 855 2077 913 senescit:

721 935 839 989 Nec
865 931 982 986 satis
1004 928 1228 987 effectus
1251 947 1386 985 unus
1413 929 1469 985 &
1493 930 1624 985 alter
1648 928 1867 987 habent.
1943 980 1945 982 .

411 1150 472 1200 33·ss
507 1154 580 1187 Has
611 1158 741 1197 quoque
773 1144 904 1197 φατι]
951 1145 1145 1196 Nusquam
1179 1144 1292 1183 aliter.
1330 1155 1401 1194 ego

361 1202 461 1241 aliud
481 1201 542 1238 hic
569 1198 745 1237 desidero.
773 1197 1023 1235 quomus.
1055 1198 1145 1235 Non
1163 1196 1296 1243 frontis
1323 1198 1404 1232 ver-

357 1253 427 1293 tice
456 1248 738 1289 construendum
760 1275 770 1292 ‚
808 1256 849 1286 ut
876 1248 1164 1287 commentator
1191 1248 1308 1285 facit:
1343 1245 1405 1284 sed

353 1302 488 1349 frontis
517 1313 627 1349 rugas.
662 1308 703 1337 ut
731 1298 802 1336 fit:
841 1298 917 1336 Has
944 1311 1096 1348 quoque
1124 1309 1226 1346 rugas
1253 1298 1404 1341 frontis,

361 1364 451 1401 quas
478 1360 597 1400 portas
616 1379 625 1395 ,
653 1350 789 1387 vertice
819 1358 951 1387 excute
973 1378 983 1394 ‚
1013 1351 1084 1386 &c.
1114 1348 1253 1386 [illudit
1279 1356 1406 1385 autem

363 1402 410 1440 ad
430 1402 596 1439 severum
614 1400 758 1439 vultum
778 1400 920 1449 puellae
933 1428 942 1445 ‚
963 1400 1155 1438 aversantis
1176 1398 1271 1436 dicta
1289 1399 1407 1439 lenae.

364 1452 590 1490 Micrttus.
624 1451 711 1498 Jure
739 1452 777 1488 in
812 1451 886 1488 hoc
920 1451 1008 1490 loco
1042 1450 1155 1488 haesit
1190 1449 1406 1498 Naugerius.

366 1504 468 1540 ulcus
490 1503 590 1539 enim
609 1499 743 1539 subeffe
767 1510 906 1539 certum
926 1502 985 1539 est.
1015 1502 1052 1539 ὃς
1071 1501 1209 1538 Marius
1226 1511 1292 1548 pro
1303 1501 1407 1547 fron-

365 1553 413 1590 tis
433 1580 443 1596 ‚
470 1553 593 1590 mallet
621 1551 697 1601 nasi
722 1552 855 1590 exstare
883 1553 921 1590 in
949 1552 1056 1590 MSS.
1084 1551 1212 1588 dubito
1239 1562 1331 1588 vero
1360 1562 1408 1587 an

366 1603 500 1640 Latine
518 1603 681 1648 dicatur,
708 1614 862 1639 excutere
882 1616 983 1652 rugas
1003 1602 1135 1650 frontis
1150 1630 1159 1645 ,
1185 1613 1252 1650 pro
1273 1601 1409 1638 diffun-

362 1653 453 1690 dere
483 1654 647 1697 vukum,
678 1654 716 1690 &
741 1666 762 1691 a
790 1654 921 1691 tetrico
947 1653 994 1691 ad
1012 1652 1184 1690 blandum
1203 1651 1407 1689 transferre.

363 1703 501 1753 Quid?
529 1703 555 1740 si
577 1704 733 1741 minima
753 1705 960 1742 mutatione
978 1704 1164 1753 legamus3

420 1760 496 1790 Has
513 1767 644 1803 quoque
655 1783 665 1799 ‚
685 1767 773 1804 quae
780 1755 912 1801 frontis
929 1767 1030 1803 rugas
1051 1754 1089 1790 in
1106 1753 1234 1790 vertice
1244 1762 1390 1803 portant
1401 1781 1412 1798 ,

473 1809 615 1841 Excute.
643 1805 683 1840 de
703 1805 793 1854 rugis
813 1805 962 1842 crimina
983 1804 1099 1841 multa
1120 1804 1253 1841 cadent.

371 1853 463 1891 Hoc
485 1854 596 1892 sensu.
624 1856 806 1893 Examina
826 1856 961 1905 quaeso
981 1856 1043 1895 has
1066 1856 1209 1892 tetricas
1229 1856 1267 1891 &
1287 1853 1415 1902 rugosa

367 1905 494 1945 fronte
523 1914 706 1944 matronas
729 1934 739 1951 ,
783 1918 877 1956 quae
907 1907 1103 1945 castitatem
1124 1905 1205 1943 ficta
1226 1905 1417 1942 severitate

368 1966 459 2003 prae
485 1955 519 1993 se
549 1957 669 1993 ferunt
688 1985 697 2000 ‚
735 1956 874 1994 videbis
907 1969 953 1994 ex
983 1957 1050 1994 illis
1081 1956 1160 2005 ipsis
1189 1956 1285 2005 rugis
1307 1984 1318 2000 ‚
1356 1955 1419 1992 sub

373 2005 504 2054 quibus
522 2017 621 2043 nunc
638 2007 774 2051 latent,
785 2007 930 2056 prodire
949 2008 1101 2044 crimina
1119 2007 1233 2045 inulta
1248 2015 1421 2044 :excutere

373 2057 477 2093 enim
499 2055 547 2093 est
561 2059 785 2096 examinare.
813 2065 852 2095 ut
872 2071 918 2096 ir.
942 2060 1022 2095 Art.
1043 2059 1127 2103 627.

429 2106 559 2143 Scilicet
578 2108 729 2144 excuties
746 2121 859 2144 omnes
877 2108 1082 2157 ubicumque
1095 2107 1240 2157 puellas.

375 2155 466 2196 Vid.
486 2157 530 2195 ad
553 2158 699 2194 Petron.
722 2170 800 2207 cap.
823 2170 1012 2196 Lxxxvm.
1037 2160 1075 2196 ὃς
1104 2159 1197 2196 lusus
1229 2157 1277 2195 est
1296 2158 1335 2195 in
1354 2157 1421 2195 du-

375 2207 464 2255 plici
485 2207 748 2256 fignificatione
772 2210 870 2246 verbi
897 2220 1060 2245 excutere.
1088 2208 1134 2244 sic
1157 2209 1255 2244 enim
1281 2208 1421 2244 excuti-

374 2268 460 2295 mus
480 2258 517 2294 δε
540 2267 745 2302 matronas,
775 2260 812 2295 &
834 2259 920 2306 ipsas
940 2271 1043 2307 rugas
1064 2258 1191 2295 frontis
1210 2285 1219 2301 ,
1246 2266 1286 2295 ut
1304 2257 1417 2294 vestes

379 2308 586 2345 excutimus
608 2337 618 2352 ‚
655 2321 700 2345 ne
731 2310 766 2346 in
797 2310 891 2357 rugis
918 2309 1006 2358 quid
1034 2309 1190 2357 pulveris
1218 2316 1280 2345 aut
1306 2307 1418 2345 sord-is

377 2357 549 2403 haereat,
576 2358 637 2397 sed
655 2359 741 2396 inde
760 2359 873 2396 cadat.
897 2371 928 2396 1.
948 2360 1029 2396 Art.
1054 2372 1132 2404 1ςο.

686 2416 727 2445 In
741 2410 911 2458 gremium
927 2409 1047 2458 pulvis
1055 2408 1089 2458 fi
1098 2410 1190 2455 fhrte
1203 2407 1336 2457 puellae

430 2459 608 2496 Deciderit
621 2488 631 2504 ,
659 2459 776 2508 digitis
796 2461 1019 2496 excutiendus
1039 2460 1115 2496 erit.

378 2509 481 2551 ,vide
517 2510 561 2548 ad
599 2511 775 2547 eumdem
817 2511 965 2548 Petron.
1003 2522 1080 2558 cap.
1122 2521 1286 2548 cxxviii.
1326 2509 1425 2547 recte

382 2560 494 2597 etiam
523 2561 697 2609 Micyllus
718 2561 850 2607 frontis
876 2574 1001 2609 rugas,
1029 2572 1106 2597 non
1127 2561 1259 2607 frontis
1276 2560 1425 2604 vertice,

384 2609 454 2647 esse
476 2611 694 2659 capiendum
710 2639 720 2654 ‚
749 2619 855 2649 notat
884 2623 914 2648 1.
936 2611 1032 2648 Artis
1052 2622 1135 2656 240.

437 2668 526 2697 Tum
549 2661 664 2707 dolor,
692 2673 735 2700 (φ
754 2675 855 2698 curae
868 2689 878 2706 ,
904 2674 1056 2712 rugaque
1064 2660 1194 2708 frontis
1213 2659 1301 2698 abit.

386 2722 450 2746 111.
470 2712 579 2749 Trist.
600 2724 671 2749 vri.
693 2723 747 2760 34.

439 2766 599 2809 Rugaque
618 2763 655 2798 in
675 2763 826 2812 antiqua
837 2763 955 2810 fronte
967 2762 1086 2811 finilis
1104 2762 1181 2799 erit.

386 2810 435 2846 Et
462 2810 559 2848 hunc
589 2822 678 2859 puto
709 2812 779 2850 effe
806 2814 945 2851 Poetae
970 2813 1123 2851 sensum.
1150 2824 1236 2850 nam
1254 2811 1430 2861 lenajam

387 2869 578 2907 praecepta
600 2862 658 2899 sua
685 2864 861 2911 exemplis
881 2865 1081 2913 Penelopes
1098 2892 1107 2908 ,
1135 2863 1342 2900 castissimae
1367 2863 1433 2900 sci-

384 2910 474 2952 ¹licet
504 2911 697 2949 Matronae
716 2941 726 2957 ,
753 2914 943 2952 illustrabit.
972 2916 1009 2952 in
1039 2913 1333 2952 Francofurtenfi
1359 2921 1434 2951 erat

389 2972 565 3009 quoque.
590 2970 649 3009 pro
671 2963 762 3009 rugis
781 2964 928 2999 crimina
951 2966 1065 3001 multa
1083 2965 1216 3001 cadent.
1243 2964 1375 3001 ΒΗΜΛ.

441 3022 499 3058 49.
530 3012 676 3046 Labitur
699 3013 846 3056 occulte,
870 3014 1036 3064 fallitque
1062 3015 1219 3050 volatilis
1239 3025 1358 3057 aetas,
1386 3018 1433 3050 Et

392 3059 474 3096 celer
495 3059 645 3107 admiffis
672 3061 803 3097 labitur
829 3076 943 3098 annus
965 3064 1101 3114 equis.]
1141 3066 1248 3099 Hanc
1276 3063 1432 3101 eandem

391 3110 607 3148 sententiam
631 3113 795 3159 cxprcssit
818 3121 986 3150 extremo
1007 3114 1066 3150 lib.
1091 3125 1142 3148 vi.
1164 3112 1252 3148 Fast.
1273 3124 1355 3157 771.

446 3166 606 3209 Tempora
628 3161 815 3202 labuntur,
845 3163 1026 3212 tacitisque
1037 3162 1241 3210 senescimus
1259 3162 1383 3205 annis,

495 3212 802 3261 Etfugiuntsreno
822 3226 889 3248 non
906 3222 1097 3249 remorante
1115 3212 1195 3250 dies.
1216 3212 1434 3250 Cmmmus.

396 3261 437 3301 ln
468 3262 589 3313 Regio
621 3264 659 3301 &
686 3262 826 3307 duobus
855 3264 955 3310 aliis,
983 3262 1155 3301 volubilis.
1184 3274 1277 3312 quae
1305 3262 1435 3303 eadem

2365 997 2494 1058 Cer-'

1457 1141 1641 1181 diversitas
1658 1140 1867 1181 observatur
1884 1141 1947 1181 lib.
1966 1153 2001 1179 x.
2026 1140 2185 1178 Metam.
2206 1149 2291 1189 519.
2317 1137 2381 1177 ubi
2400 1140 2496 1184 idem

1458 1193 1578 1232 versus
1597 1206 1617 1231 a
1630 1193 1767 1231 Nostro
1784 1195 1949 1231 refertur.
1970 1203 2093 1241 neque
2112 1192 2208 1229 forte
2231 1190 2339 1228 male.
2364 1199 2407 1230 ut
2425 1205 2499 1233 tna-
2542 1221 2543 1225 ,

1459 1253 1545 1282 neat
1572 1246 1609 1283 in
1640 1245 1919 1293 comparatione
1949 1242 1993 1280 ab
2021 1254 2117 1291 aqua
2144 1242 2183 1280 &
2207 1241 2384 1287 flumine,
2412 1255 2501 1293 quae
2542 1259 2543 1271 ¹

1462 1295 1646 1333 familiaris
1669 1295 1804 1333 Nostro
1826 1296 1864 1332 &
1892 1295 1968 1332 aliis
1989 1322 2000 1338 ‚
2037 1301 2079 1330 ut
2099 1292 2144 1330 ab
2166 1292 2324 1330 Heinsio
2352 1293 2501 1334 aiddu&

1463 1346 1632 1395 exempla
1669 1345 1836 1395 probant.
1877 1346 1914 1382 ὅ(
1952 1345 2025 1382 hoc
2062 1344 2174 1381 etiam
2214 1344 2370 1382 verbum
2409 1343 2503 1392 labi,

1463 1396 1567 1485 {uos}
1589 1396 1635 1435 de
1659 1408 1754 1446 aqua
1772 1396 1918 1445 proprie
1938 1394 2232 1440 .dicitur,docet.
2256 1393 2307 1434 fic
2326 1395 2457 1434 Horat.
2474 1407 2504 1436 1.

1524 1460 1533 1484 i
1566 1476 1573 1483 .
1598 1460 1653 1485 11.
1680 1459 1740 1494 42.

1497 1459 1668 1545 pRusticus
1685 1499 1852 1549 exspec‘lat
1870 1493 1956 1536 dum
1976 1496 2110 1547 defluat
2126 1498 2263 1541 amnis3
2293 1506 2333 1534 at
2349 1495 2409 1534 ille

1516 1548 1662 1587 Labitur
1675 1578 1686 1595 ‚
1713 1560 1757 1589 ω’
1773 1549 1910 1586 labetur
1925 1549 1965 1585 in
1984 1562 2082 1586 omne
2102 1548 2266 1585 volubilis
2283 1550 2430 1586 aevum.v
2528 1592 2531 1594 ,
2550 1581 2551 1584 ,

1464 1599 1513 1636 Et
1532 1600 1582 1637 ita
1599 1613 1711 1650 aquas
1727 1599 1896 1636 volubiles
1921 1599 2022 1636 idem
2053 1599 2202 1636 Flaccus
2223 1611 2276 1635 xv.
2296 1598 2373 1636 Od.
2395 1611 2425 1636 1.
2446 1598 2506 1646 46:
2550 1623 2553 1646 ,1

1466 1648 1540 1687 vid.
1561 1650 1643 1687 infr.
1663 1650 1710 1688 ad
1723 1650 1786 1687 lib.
1805 1662 1851 1686 11.
1870 1649 1973 1698 Eleg.
1990 1661 2069 1686 xvi.
2088 1661 2124 1698 9.
2143 1649 2182 1687 &
2199 1650 2248 1687 ita
2263 1647 2336 1685 labi
2353 1649 2392 1686 &
2409 1648 2507 1686 volvi
2542 1667 2545 1677 .

1466 1699 1513 1737 de
1539 1708 1657 1738 aetate
1685 1713 1706 1738 a
1734 1699 1852 1737 scribis
1878 1706 2085 1748 permutata
2115 1697 2218 1737 fuiffe
2240 1728 2253 1745 ,
2293 1707 2438 1749 apparet
2465 1711 2509 1737 ex

1468 1763 1533 1788 111.
1553 1750 1635 1789 Art.
1653 1751 1713 1799 65.
1740 1750 2004 1788 BuRMANNus.

1523 1813 1582 1849 50.
1606 1805 1654 1838 Et
1681 1800 1765 1838 celer
1792 1799 1943 1851 admiffis
1960 1800 2093 1837 labitur
2112 1812 2227 1838 annus
2244 1799 2374 1851 equis]
2404 1799 2513 1848 Opti-j

1470 1862 1533 1889 me
1557 1851 1676 1890 codex
1699 1852 1949 1889 Sars-avianus:
2503 1860 2506 1861 ’

1523 1907 1568 1938 Ut
1587 1901 1670 1938 celer
1689 1900 1839 1949 admissis
1860 1900 1993 1938 labitur
2011 1901 2129 1939 amnis
2146 1902 2260 1952 aquia

1474 1951 1558 1990 Lib.
1583 1964 1664 1989 111.
1683 1952 1783 1989 Artis
1804 1952 1930 1989 Amat.
1952 1952 2012 1990 62.

1527 2002 1653 2038 Ludite
1665 2019 1675 2037 .-
1705 2012 1788 2038 eunt
1809 2002 1895 2038 anm·
1912 2016 2004 2039 more
2011 2001 2158 2052 fluentis
2174 2015 2297 2053 aquae.

1475 2052 1560 2090 Lib.
1580 2065 1640 2090 xv.
1662 2053 1820 2090 Metam.
1844 2065 1925 2101 179.

1529 2103 1603 2154 Ipsa
1624 2117 1754 2153 quoque
1771 2101 1895 2150 assiduo
1916 2102 2086 2140 labuntur
2103 2112 2254 2153 tempora
2272 2106 2394 2148 motu}

1531 2158 1722 2202 Nontsecus
1739 2152 1939 2204 acflumen.
2552 2182 2553 2187 ,

1479 2203 1656 2253 Admiffas
1683 2217 1794 2255 aquas
1818 2216 1885 2254 pro
1915 2205 2030 2244 citatis
2058 2217 2211 2256 quoque
2234 2205 2335 2243 dixit.
2361 2201 2516 2252 Epistola
2550 2238 2553 2253 ,

1479 2255 1655 2303 Phyllidis
1680 2267 1759 2301 114.
2550 2258 2553 2269 ¹

1540 2310 1587 2341 Et
1600 2304 1699 2354 sacer
1714 2305 1876 2354 admissas
1892 2306 1997 2354 exigit
2016 2305 2146 2343 Hebrus
2163 2318 2285 2357 aquas.
2311 2305 2514 2343 Hfimsxus.
2551 2322 2553 2341 ι

1528 2368 1585 2404 5¹·
1622 2362 1720 2393 Aera
1748 2358 1862 2393 nitent
1887 2357 1961 2405 usu.
1984 2356 1999 2405 ]
2038 2358 2144 2394 Haec
2172 2366 2331 2406 quatuor
2360 2356 2515 2394 carmina

1478 2405 1621 2443 nullum
1646 2407 1782 2445 habent
1807 2406 1977 2444 ordinem
2004 2408 2042 2444 in
2070 2407 2171 2444 sensu
2193 2407 2344 2456 dignum
2366 2405 2514 2444 Nasonis

1479 2457 1644 2503 ingenio.
1681 2458 1784 2495 Hinc
1814 2470 1885 2506 ego
1919 2457 2025 2494 facile
2062 2457 2276 2495 crediderim
2312 2455 2515 2505 transpofita

1481 2505 1564 2543 effe.
1584 2509 1647 2557 qui
1668 2519 1766 2545 error
1783 2507 1857 2545 late
1876 2508 2055 2545 increbuit
2080 2508 2118 2544 in
2147 2508 2382 2557 antiquorum
2404 2506 2514 2544 libris:

1481 2557 1744 2605 saepenumero
1777 2558 1877 2595 enim
1907 2558 2097 2603 videmus,
2126 2559 2286 2595 carmina
2315 2569 2408 2607 quae
2426 2555 2516 2605 sequi

1485 2607 1619 2646 debent
1640 2638 1651 2654 ,
1686 2610 1913 2646 librariorum
1948 2608 2085 2646 inscitia
2124 2606 2192 2645 effe
2226 2607 2436 2656 praeposita.
2477 2603 2516 2643 Id

1485 2659 1692 2706 praesertim
1714 2661 1751 2698 in
1774 2660 1952 2698 Lucretio
1974 2659 2258 2708 deprehenditur
2273 2686 2282 2702 ,
2310 2658 2336 2695 fi
2359 2658 2450 2695 bene
2465 2656 2515 2704 ip·-

1486 2708 1554 2745 1ius
1572 2711 1652 2747 libri
1673 2711 1912 2748 excutiantur.
1941 2710 2030 2747 Hoc
2045 2710 2155 2757 igitur
2173 2708 2302 2746 ordine
2321 2708 2365 2746 ab
2382 2705 2516 2746 ovidio

1486 2759 1610 2798 reneka
1626 2761 1717 2798 haec
1738 2762 1898 2799 carmina
1916 2759 2196 2797 existimaverim
2213 2772 2220 2795 :

1537 2817 1661 2848 Forma
1675 2840 1684 2856 ‚
1714 2810 1778 2860 nist
1795 2810 1964 2848 admittas
1977 2838 1987 2853 ‚
2015 2809 2110 2846 nullo
2127 2819 2297 2847 exercente
2309 2807 2473 2860 senescit:

1590 2862 1785 2910 Canescunt
1803 2861 1894 2910 turpi
1915 2862 2002 2896 recia
2020 2860 2139 2896 reliffla
2150 2858 2234 2908 sttu.

1540 2917 1637 2950 Aera
1658 2914 1771 2949 nitent
1790 2911 1872 2960 usu,
1899 2910 1999 2957 vestis
2019 2909 2105 2946 bona
2127 2911 2263 2959 quaerit
2285 2909 2427 2947 haberi:

1593 2970 1663 2999 Nec
1676 2963 1765 3011 stitis
1786 2959 1919 3010 effec‘lus
1936 2974 2026 2996 unus
2043 2973 2085 2999 <9⁴
2103 2961 2192 2997 alter
2209 2960 2351 2997 habent.

1491 3014 1617 3051 Sensus
1637 3021 1761 3050 autem
1783 3013 1859 3049 erit.
1889 3012 2048 3048 formam
2072 3009 2142 3048 esse
2159 3011 2399 3048 exercendam
2412 3007 2522 3054 ,mul-

1488 3071 1545 3100 tos
1564 3063 1793 3100 admittendo
1816 3070 1996 3098 amatores
2011 3090 2021 3106 ‚
2050 3063 2088 3099 &
2116 3062 2334 3111 frequenter.
2365 3061 2459 3098 Nam
2483 3058 2520 3096 &-

1489 3125 1569 3149 aera
1590 3114 1652 3149 usu
1669 3111 1869 3159 splendent.
1897 3112 2015 3149 Aliter
2036 3111 2215 3150 senescere
2230 3140 2240 3155 ,
2270 3113 2307 3148 ὅ(
2326 3110 2521 3158 turpiorem

1489 3161 1566 3199 fieri
1590 3176 1598 3199 :
1636 3162 1736 3199 sicuti
1768 3163 1877 3199 etiam
1907 3163 2012 3201 aedes
2034 3163 2150 3211 ipsae,
2178 3162 2326 3211 quando
2345 3161 2388 3198 ab
2405 3158 2524 3197 homi·

1489 3213 1592 3250 nibus
1615 3224 1691 3249 non
1709 3213 1934 3258 habitantur,
1964 3213 2058 3251 carie
2077 3214 2115 3250 ὅτ
2136 3213 2292 3261 pedore,
2316 3223 2357 3249 ac
2376 3210 2441 3247 situ
2454 3235 2465 3252 ,
2485 3208 2522 3244 &

1490 3274 1703 3303 aranearum
1721 3264 1799 3302 telis
1826 3262 1962 3304 obsitae
1982 3262 2201 3313 turpescunt.
2221 3263 2328 3302 Dom.
2349 3261 2526 3347 ΜΑῗέἑί
