2553 3676
728 183 1388 245 HEROIDES.

1463 205 1495 241 E
1532 209 1576 243 P.
1650 191 1746 249 vr.

400 288 648 344 Devovet
678 276 946 337 absente33
989 274 1368 348 fimulacraque
1394 293 1548 330 cerea
1573 278 1717 349 figit,

469 355 541 410 Et
563 350 813 405 miserum
838 363 1024 403 tenues
1060 348 1115 401 in
1136 347 1288 418 jecur
1313 362 1470 420 urget
1495 368 1633 404 acus,

396 428 467 483 Et
491 442 625 497 quae
649 422 929 477 nescierim
955 421 1155 475 melius

1195 421 1331 474 male
1359 423 1633 493 quaeritur
1656 423 1857 490 herbis,

467 496 718 551 Moribus
744 495 799 549 &
825 494 996 550 forma
1021 493 1413 558 conciliandUS‚
1451 512 1615 549 amor.

286 585 350 646 '95
387 568 548 625 Hanc
574 581 728 640 potes
753 566 1031 640 ampleffi?
1072 567 1410 640 thalamoque
1434 567 1644 622 felicius
1669 570 1724 624 in
1747 588 1859 626 uno

468 641 769 714 Impavidus
796 641 1013 705 somno,
1047 639 1206 694 nocie
1231 639 1442 704 filente‚
1479 640 1616 695 frui?

101 845 242 888 niensis.
260 849 440 897 Curtaque
458 843 651 894 suspicatur
663 843 906 882 Dostiffimus
927 841 1142 880 Gronovius

103 897 425 936 Observationibus
461 895 713 936 Ecclefiasticis
751 907 828 945 cap.
867 908 900 944 ς.
934 894 1142 943 Propertius

98 950 160 990 hb.
181 961 235 988 11.
257 948 313 986 El.
330 961 418 987 xm.

124 1056 125 1059 Ἴ
145 1015 226 1049 Aut
247 1023 324 1048 mea
340 1009 426 1062 quid
437 1018 601 1060 poterunt
619 1007 683 1059 offiz
704 1008 844 1047 minuta
867 1008 972 1061 loqui.

98 1074 267 1122 Coei-‘aque
283 1084 474 1122 perperam
496 1070 745 1128 Dorleantius.
772 1069 818 1108 ad
841 1069 967 1108 Tacit.
996 1079 1054 1107 11.
1082 1079 1141 1125 an.

95 1121 688 1214 &11331115efferffln1&liquando
719 1120 858 1174 ustaeque
885 1129 927 1160 ut
951 1119 1048 1170 apud
1070 1119 1142 1159 Ti-

145 1239 249 1286 Qae
264 1237 353 1288 legat
371 1238 408 1276 in
429 1237 568 1288 maestos
586 1236 651 1288 offa
663 1235 798 1289 perusta
810 1234 921 1287 finus.

101 1301 276 1341 Lucanus
295 1303 358 1341 lib.
377 1315 438 1341 vr.
459 1315 544 1353 1533.

147 1360 336 1391 Fumantes
344 1355 521 1403 juvenum
547 1353 672 1392 cineres
684 1382 696 1401 ,
722 1353 951 1404 ardentiaque
972 1351 1036 1402 offa

149 1409 180 1440 E
198 1404 318 1442 mediis
334 1404 425 1453 rapit
443 1404 507 1441 illa
524 1406 622 1454 rogis.

96 1454 142 1493 In
166 1464 326 1494 mortem
347 1455 456 1493 Drufi
477 1467 559 1505 434.
589 1455 698 1493 Iliaca
724 1454 890 1504 ambustis
916 1453 1030 1502 ollibus
1049 1465 1144 1491 arva

90 1505 229 1556 premit.
256 1512 424 1557 Duraque
451 1507 539 1544 alter
569 1507 820 1545 Mentelianus
846 1518 914 1556 pro
935 1506 1073 1545 diversa
1091 1506 1144 1544 le-

99 1556 235 1595 ‹stione-
262 1557 287 1595 fi
307 1558 397 1607 quid
421 1558 640 1596 mutandum
655 1586 666 1602 ‚
692 1558 808 1596 scribo
821 1586 831 1602 ‚
859 1562 1039 1606 Erutaque
1056 1558 1074 1593 e
1093 1566 1144 1592 te-

92 1608 195 1657 pidis.
222 1608 282 1645 vel
299 1610 507 1658 funciaque.
534 1608 595 1645 sed
614 1609 666 1644 nil
684 1608 917 1645 mutandum.
937 1608 1011 1644 vid.
1033 1608 1145 1643 Rem.

99 1661 189 1695 Am.
223 1670 302 1695 112.
328 1658 536 1695 Herusxus.
572 1658 676 1695 Nihil
704 1657 879 1706 equidem
910 1656 1145 1693 mutandum.

99 1718 177 1745 non
206 1708 305 1746 enirn
338 1709 465 1746 omnia
491 1705 587 1752 ossa,
612 1708 700 1746 licet
728 1708 895 1750 minuta,
922 1707 1025 1744 utilia
1043 1714 1145 1744 erant

101 1758 251 1806 magicis
270 1758 422 1803 artibus,
435 1758 494 1795 sed
514 1759 708 1806 praecipue
728 1758 851 1795 calvae
871 1758 909 1794 &
927 1756 1146 1805 praesegmi-

38 1821 40 1823 ’
97 1818 146 1845 na
167 1808 373 1857 quaedam,
401 1816 442 1845 ut
460 1809 540 1857 jam
562 1809 788 1845 Hubertinus
805 1807 909 1845 vidit.
938 1808 977 1844 &
1005 1808 1144 1844 Reine-

100 1857 169 1896 fius
188 1859 297 1907 Epist.
317 1871 401 1895 xxx.
423 1858 471 1895 ad
492 1859 698 1895 Daumium
720 1858 815 1894 hanc
833 1858 1037 1894 lectionem
1058 1858 1147 1895 reti-

97 1909 259 1947 nendam
284 1907 353 1946 effe
382 1908 416 1946 se
441 1906 645 1957 persuasisse
673 1908 873 1945 Gronovio
900 1907 1031 1945 scribit.
1057 1908 1144 1946 vide

101 1960 147 1998 de
171 1961 247 1998 hoc
269 1961 464 2010 Magarum
489 1959 653 1997 instituto
676 1957 858 1996 Lindenb.
883 1957 928 1996 ad
950 1958 1144 1995 Ammian.

99 2011 162 2049 lib.
191 2023 274 2049 xrx.
300 2012 337 2049 in
364 2010 449 2048 fine.
476 2009 603 2059 colligit
623 2020 713 2047 vero
741 2021 822 2048 non
845 2009 894 2047 est
911 2008 1146 2047 movendum

109 2061 241 2099 Horat.
266 2073 294 2100 1.
315 2063 385 2099 Sar.
404 2073 496 2099 vm.
517 2073 574 2098 22.

156 2112 258 2160 Qin
274 2110 336 2161 offa
357 2112 492 2160 legant,
520 2110 707 2163 herbasque
724 2121 889 2149 nocentes.
966 2110 1097 2148 BURM.

155 2174 217 2211 91.
242 2162 502 2213 Simulacraque
528 2176 620 2199 cerea
641 2162 791 2213 fingit.]
829 2164 1036 2200 Puteaneus
1056 2160 1151 2209 figit.

103 2214 267 2261 optime,
294 2222 334 2251 ut
360 2213 405 2251 de
432 2213 676 2251 defixionibus
703 2214 853 2262 magicis
875 2220 1013 2262 agatur.
1039 2211 1147 2250 Vidit

103 2263 141 2301 id
156 2265 233 2314 Jam
251 2264 450 2303 Salmasius.
478 2265 616 2302 Seneca
635 2265 800 2302 Hercule
821 2265 989 2302 Oetaeo:

387 2322 479 2361 Hoc,
505 2315 643 2365 inquit,
671 2328 792 2363 rnagae

155 2364 284 2403 Dixere
299 2379 449 2403 amorem
463 2365 547 2415 poffe
566 2365 663 2415 defigi
683 2365 789 2404 malo.

103 2415 217 2456 Paulo
246 2418 348 2455 aliter
380 2417 518 2455 Perfius
564 2417 635 2454 Sat.
666 2429 702 2454 v.
745 2416 799 2453 16.
835 2422 983 2465 Ingenuo
1012 2414 1147 2465 culpam

106 2467 239 2516 defigere
260 2468 360 2511 ludo,
388 2475 564 2516 tanquam
585 2467 715 2504 aculeo
735 2475 884 2516 tangere
905 2467 1074 2516 Satyricis
1092 2479 1150 2503 re-

104 2519 411 2567 prehenfionibus.
434 2519 471 2555 T
476 2518 592 2555 ertull.
612 2517 658 2555 de
681 2517 844 2566 Speuac.
862 2529 892 2555 c.
916 2529 973 2554 11.
1002 2517 1058 2553 Vis
1086 2516 1146 2552 ho-

107 2569 286 2607 micidium
301 2571 391 2617 ferro
403 2598 412 2614 ‚
426 2582 556 2605 veneno
568 2596 577 2613 ‚
595 2568 736 2617 magicis
756 2566 982 2616 defixionibus
996 2594 1005 2611 ,
1020 2566 1147 2616 perfici.

107 2618 161 2656 Ita
188 2621 288 2658 enirn
310 2621 409 2658 malo
425 2649 434 2665 ,
462 2631 575 2669 quam
601 2617 897 2662 devinetionibus,
925 2617 1028 2667 quod
1047 2629 1147 2655 nunc

106 2668 401 2720 legitur.Apulej.
414 2673 451 2708 in
470 2671 662 2707 Herbario.
680 2671 715 2706 Si
727 2670 804 2720 quis
813 2669 957 2704 devotus
970 2667 1147 2714 defixusve

103 2721 234 2766 fuerit,
254 2720 303 2772 fic
320 2736 397 2759 eum
417 2720 570 2770 refhlves.
597 2720 708 2769 Figere
731 2719 889 2758 carmina
910 2719 1032 2756 Valer.
1052 2719 1147 2760 Flac.

111 2769 173 2807 hb.
192 2783 263 2808 vn.
280 2773 363 2822 463.
382 2772 427 2810 de
450 2771 607 2809 Medea:

165 2823 333 2859 Carmina
371 2836 463 2860 nunc
499 2832 585 2860 totos
622 2821 742 2860 volvit
772 2821 919 2871 figitque
952 2829 1014 2871 per
1051 2830 1150 2858 artus

168 2873 366 2919 Aesonidae.

114 2919 191 2957 Ubi
221 2933 406 2970 perperam
425 2923 538 2973 firlvit
563 2935 664 2963 nunc
690 2923 864 2973 scriptum
893 2930 993 2962 extat
1014 2934 1036 2961 a
1055 2922 1151 2960 mala

115 2983 253 3009 manu:

169 3020 319 3057 Iolciacis
335 3023 492 3060 animum
508 3025 642 3074 defigere
660 3024 763 3064 votis.

117 3071 162 3110 In
181 3073 257 3109 Ciri
275 3072 484 3127 Virgiliana.
509 3075 644 3114 Plinius
657 3105 667 3120 ,
682 3077 744 3114 lib.
767 3088 907 3114 xxvm.
926 3088 956 3114 c.
975 3089 1020 3115 11.
1041 3075 1153 3124 Defigi

118 3123 204 3159 diris
226 3122 477 3172 precationibus
499 3137 592 3160 nemo
616 3139 683 3162 non
700 3128 836 3165 metuit.
864 3128 1001 3165 Seneca
1019 3126 1079 3165 lib.
1099 3139 1151 3164 vr.

121 3172 167 3211 de
185 3172 397 3216 Beneficiis,
427 3185 504 3221 cap.
523 3187 634 3212 xxxv.
655 3179 831 3215 Execraris
847 3179 940 3216 enim
957 3178 1082 3223 illum,
1110 3188 1155 3217 <9⁹

120 3233 219 3273 caput
237 3223 402 3272 sancium
425 3223 488 3260 tibi
508 3223 585 3259 dira
605 3224 836 3273 imprecatione
857 3229 980 3278 defigis}
1006 3229 1153 3267 Plenius

119 3274 210 3324 quid
226 3274 287 3314 hic
306 3275 420 3322 velit,
439 3273 595 3324 explicat
612 3274 743 3314 Noster
762 3277 894 3317 Amor.
915 3292 978 3320 111.
996 3280 1055 3320 El.
1072 3291 1128 3319 vx.

2093 719 2245 778 Scili-

1252 846 1385 892 Sagave
1394 842 1540 893 punicea
1563 840 1684 890 defixit
1702 840 1845 879 nomina
1863 843 1960 886 cera,⁴

1303 898 1350 930 Et
1369 895 1533 944 miserum
1551 903 1667 930 tenues
1685 893 1724 930 in
1734 895 1832 943 jecur
1851 893 1917 944 egit
1935 903 2028 930 acus.

1199 942 1277 980 Ubi
1297 943 1409 993 plura:
1437 945 1648 982 Hnmsxus.

1247 1006 1307 1044 93.
1336 1000 1382 1032 Et
1400 1008 1487 1046 quae
1507 994 1713 1044 nescierim]
1742 995 1855 1033 Varia
1872 993 1985 1032 leffio
2006 993 2055 1031 est
2070 993 2247 1039 ‚scriben2

1195 1045 1291 1083 tibus
1319 1047 1419 1090 aliiS,
1447 1058 1491 1086 ω’
1519 1059 1606 1096 quae
1632 1045 1830 1095 nescierim.-
1861 1044 2026 1082 meliusne
2052 1058 2111 1094 age
2142 1060 2245 1095 quae-
2280 1046 2285 1049 ’

1197 1097 1290 1133 ritur
1321 1097 1432 1134 herbis
1453 1106 1469 1135 ‚²
1497 1098 1568 1134 &c
1599 1109 1663 1145 per
1690 1097 2034 1146 interrogationem.
2060 1097 2137 1134 aliis
2157 1125 2167 1141 ‚
2203 1108 2248 1136 ω’

1197 1160 1284 1198 quae
1308 1148 1504 1197 nescierim:
1532 1147 1658 1185 melius
1680 1161 1776 1197 mage
1792 1147 1974 1198 quaeritur
1993 1146 2116 1185 herbis.
2143 1155 2184 1184 ut
2203 1147 2247 1186 fit

1199 1211 1295 1247 mage
1312 1199 1452 1238 clicstum
1468 1211 1535 1249 pro
1558 1199 1669 1248 magis
1683 1227 1693 1244 ,
1713 1198 1903 1248 meliusque
1920 1197 2136 1235 adverbium
2158 1209 2245 1236 cum

1199 1249 1434 1287 conciliandus
1463 1250 1699 1288 construatur.
1726 1249 1787 1287 sed
1813 1261 1882 1286 nos
1909 1247 2087 1286 Aldinam
2114 1248 2247 1286 leuio-

1196 1311 1284 1338 nem
1315 1301 1427 1339 secuti
1454 1301 1599 1346 sumus,
1629 1313 1723 1350 quae
1754 1302 1793 1338 &
1815 1299 2013 1347 simplicior
2034 1300 2073 1336 ὅτ.
2090 1299 2246 1347 planior.

1196 1358 1237 1388 ut
1257 1350 1298 1388 fit
1313 1350 1443 1389 sensus.
1466 1352 1504 1388 δε
1522 1363 1616 1401 quae
1641 1363 1711 1400 ego
1731 1350 1861 1388 melius
1878 1350 1952 1387 five
1973 1349 2106 1387 reinus
2127 1350 2246 1387 nesci-

1198 1401 1301 1440 erim.
1329 1402 1426 1440 male
1454 1402 1556 1440 enim
1576 1403 1762 1451 quaeritur
1780 1401 1899 1438 herbis
1920 1412 2050 1444 amor,
2078 1401 2142 1448 qui
2162 1412 2250 1437 mo-

1198 1453 1292 1490 ribus
1309 1454 1348 1491 &
1365 1454 1486 1492 forma
1502 1453 1751 1491 conciliandus
1769 1460 1856 1490 erat.
1874 1452 2098 1488 Mrcrrrus.
2115 1450 2247 1499 Scripti

1198 1504 1363 1554 plerique
1382 1516 1467 1543 curn
1487 1505 1678 1542 Puteaneo
1699 1516 1807 1552 mage.
1832 1513 2037 1551 perperam.
2065 1509 2249 1550 quatuor,

1199 1559 1247 1591 Et
1275 1555 1366 1606 quod
1393 1554 1577 1604 nescierim.
1607 1552 1896 1604 Cantabrigenfis
1916 1565 2002 1603 quas
2021 1564 2090 1602 pro
2108 1551 2250 1590 diversa

1198 1606 1373 1644 lectione.
1401 1606 1590 1644 Emendat

1251 1663 1319 1702 Et,
1348 1669 1435 1706 quas
1451 1656 1625 1706 nescierim
1645 1654 1789 1700 melius,
1816 1653 1909 1692 male
1924 1653 2106 1704 quaeritur
2122 1651 2254 1691 berbin

1199 1706 1296 1745 Vel:

1251 1763 1299 1793 Et
1318 1771 1406 1807 quae
1424 1757 1577 1807 nescierit
1594 1756 1717 1795 melius
1732 1768 1846 1804 maga.
1975 1755 2188 1791 Hfixnsms.

1251 1808 1312 1857 96.
1347 1809 1444 1845 Frui.
1465 1808 1480 1858 ]
1522 1809 1611 1846 Non
1643 1807 1782 1844 damno
1818 1806 1915 1843 hanc
1937 1803 2155 1841 leffionem.
2189 1802 2251 1841 sed

1200 1860 1323 1897 nescio
1350 1870 1397 1896 an
1424 1871 1503 1897 non
1528 1858 1730 1908 elegantior
1756 1855 1797 1894 fit
1816 1854 2091 1904 Argentinenfis
2114 1853 2250 1891 codicis

1198 1910 1310 1948 leffio
1322 1910 1445 1959 premi.
1471 1909 1508 1948 id
1528 1909 1577 1947 est
1594 1918 1672 1947 tam
1697 1907 1767 1945 alte
1790 1908 1830 1945 ὃς
1849 1906 1972 1944 secure
1992 1905 2154 1943 dormire
2169 1932 2179 1949 ,
2207 1916 2250 1942 ac

1200 1960 1227 1998 fi
1245 1962 1388 1999 nullum
1417 1961 1482 2000 tibi
1521 1959 1727 2009 periculum
1756 1970 1777 1995 a
1804 1969 1911 2006 maga
1937 1957 1996 1994 illa
2024 1957 2251 1994 immineret.

1201 2011 1405 2059 profundus
1434 2014 1535 2049 enim
1565 2011 1715 2049 somnus
1744 2010 1861 2057 arguit
1888 2005 2004 2044 abesse
2027 2018 2184 2045 omnem
2204 2007 2250 2045 ti-

1205 2073 1352 2099 morem
1375 2063 1413 2099 &
1434 2061 1731 2100 sollicitudinem.
1750 2058 1881 2107 Virgil.
1903 2058 2022 2095 Culic.
2046 2069 2129 2106 159.

1256 2118 1374 2148 Securo
1388 2111 1506 2162 preffirs
1515 2113 1635 2161 fhmno
1654 2110 1894 2148 mandaverat
1909 2118 2020 2146 artus.

1204 2162 1340 2202 Noster
1359 2162 1427 2211 Ep.
1447 2176 1482 2200 x.
1507 2175 1590 2212 109.

1255 2213 1419 2251 Crudeles
1426 2212 1543 2262 fhmni
1556 2242 1566 2257 ,
1595 2212 1655 2262 qui
1673 2225 1726 2249 nze
1742 2209 1895 2257 tenuistis
1911 2209 2057 2247 inertem
2070 2219 2086 2249 ἒ

1301 2270 1358 2301 At
1371 2263 1478 2313 finnel
1493 2263 1637 2301 aeternei
1657 2265 1750 2299 nocie
1764 2261 1951 2311 premenda
1963 2261 2036 2308 fui.

1202 2327 1266 2354 111.
1288 2316 1369 2353 Art.
1389 2316 1515 2352 Amat.
1533 2316 1616 2362 647.

1255 2372 1344 2403 Sunt
1359 2379 1488 2416 quoque
1501 2380 1587 2416 quae
1598 2364 1741 2411 faciant
1753 2363 1839 2401 altos
1851 2361 2082 2401 medicamina
2094 2360 2247 2410 somno&

1309 2417 1472 2465 Vietaque
1488 2416 1638 2453 Lethaea
1657 2415 1794 2452 lumina
1813 2416 1905 2450 noete
1915 2421 2090 2462 premant.

1203 2469 1241 2505 V
1245 2468 1328 2506 aler.
1358 2468 1462 2505 Max.
1494 2480 1524 2505 1.
1552 2479 1637 2504 vrr.
1672 2468 1705 2503 6.
1743 2472 1864 2501 Somno
1883 2463 2008 2512 preffits
2027 2462 2077 2498 Ti.
2098 2461 2249 2498 Gracchi

1194 2519 1325 2566 fratris
1342 2517 1481 2565 effigiem
1501 2518 1607 2554 vidit.
1637 2517 1683 2553 Et
1701 2517 1737 2552 in
1762 2517 1968 2561 fragmento
1991 2513 2107 2549 Servii
2130 2513 2251 2560 Sulpi·

1203 2571 1250 2607 cii
1279 2568 1376 2617 apud
1405 2568 1585 2615 Quinclil.
1617 2578 1667 2602 iv.
1705 2577 1740 2601 2.
1779 2565 1834 2600 Ex
1864 2564 2012 2612 oprimis
2039 2562 2247 2600 codicibus:

1204 2625 1368 2656 Somnone
1385 2628 1417 2654 te
1437 2617 1643 2666 languidam
1658 2645 1666 2658 ‚
1678 2629 1725 2651 an
1738 2627 1800 2663 gra
1809 2614 1843 2649 vi
1860 2613 2011 2661 lethargo
2023 2622 2143 2662 putem
2158 2613 2250 2663 pres-

1193 2672 1304 2719 sum?
1333 2669 1504 2707 Similiter
1526 2668 1675 2719 quidam
1701 2665 1846 2703 codices
1868 2665 1927 2701 lib.
1947 2675 2026 2700 x1v.
2047 2664 2142 2700 Met.
2164 2675 2249 2711 779.

1202 2722 1358 2765 habent,
1380 2728 1514 2768 corpora
1526 2718 1631 2769 preffa
1642 2717 1774 2766 sopore,
1793 2714 1897 2764 quod
1913 2723 2039 2752 tamen
2059 2714 2109 2751 ibi
2127 2714 2250 2751 minus

1205 2770 1466 2809 commodum.
1498 2771 1627 2807 Livius
1655 2780 1727 2804 vir.
1766 2778 1824 2815 35.
1861 2765 1966 2814 §Quod
1997 2774 2128 2814 tempus
2158 2777 2250 2800 mor-

1205 2823 1293 2859 tales
1311 2822 1432 2871 somno
1460 2819 1617 2868 altiffimo
1639 2817 1776 2867 premit.
1806 2818 1844 2854 δί
1865 2817 1914 2854 ita
1934 2816 2060 2865 paffim
2084 2816 2249 2858 Poetae,

1206 2873 1355 2923 quando
1386 2880 1448 2909 aut
1478 2870 1524 2908 de
1554 2870 1671 2907 nimio
1698 2869 1789 2905 vino
1812 2895 1822 2912 ,
1869 2876 1931 2904 aut
1961 2867 2072 2904 etiam
2104 2874 2249 2908 morte,

1206 2925 1271 2974 qui
1299 2923 1448 2960 somnus
1475 2929 1669 2971 perpetuus
1695 2947 1705 2964 ‚
1749 2919 1963 2968 loquuntur.
1997 2918 2161 2966 Propert.
2191 2927 2252 2960 Μ,

1207 2986 1278 3012 xxx.
1302 2986 1361 3019 42.

1258 3029 1305 3061 Et
1318 3021 1416 3074 preffi
1430 3022 1540 3060 multo
1560 3020 1714 3060 membra
1724 3021 1837 3072 jacere
1857 3033 1960 3058 mero,

1208 3076 1342 3115 Horat.
1363 3088 1394 3113 1.
1412 3074 1487 3112 Od.
1509 3087 1543 3120 4.

1503 3126 1596 3171 Jam
1615 3134 1647 3161 te
1658 3132 1790 3174 premet
1809 3135 1877 3159 nox
1890 3149 1901 3166 ‚

1261 3176 1479 3227 Fabulaeque
1495 3189 1625 3213 manes.
2186 3218 2193 3225 ·

1210 3230 1258 3268 Et
1286 3230 1373 3267 hinc
1403 3239 1558 3277 quoque
1585 3225 1710 3274 paffim
1738 3237 1864 3273 graves
1890 3222 2021 3277 somno
2040 3246 2050 3262 ,
2088 3218 2127 3255 δε
2156 3228 2250 3257 vino

1209 3280 1438 3328 βεβαρημένοι
1459 3278 1606 3317 Graecis
1628 3277 1810 3315 dicuntur.
1828 3275 1947 3311 Lucas
1967 3272 2175 3320 huang.1x.
2190 3281 2251 3318 32.

2209 3322 2255 3364 ὃς
