2553 3676
271 382 381 490 P⁰
513 370 1125 491 OVIDII

1259 368 2046 492 NASONIS

106 661 2222 846 HALIEUTICON,

475 990 1843 1075 FRAGMENTUM„

1010 1272 1040 1296 ἃ·
1112 1272 1139 1295 *K-

1214 1273 1241 1296 *
1309 1276 1340 1305 ηε

390 1416 709 1554 ACcepit
734 1416 964 1470 mundus
989 1417 1189 1488 legem:
1218 1415 1370 1470 dedit
1393 1432 1534 1470 arma
1557 1433 1652 1488 per
1676 1432 1886 1479 omnes,

519 1488 928 1560 Admonuitque
950 1488 1040 1543 sui.
1065 1489 1260 1543 vitulus
1286 1488 1355 1542 fic
1379 1505 1609 1560 namque
1637 1489 1903 1551 minatur,

153 1688 188 1726 Si
209 1689 283 1726 hoc
303 1691 439 1736 poema
453 1717 463 1733 ‚
478 1687 580 1738 quod
592 1687 808 1725 Halieuticon
830 1686 1000 1736 inscripsit
1021 1688 1057 1725 O
1073 1701 1139 1726 vr-

99 1749 131 1775 *n
146 1751 160 1774 1
174 1752 198 1775 υ
213 1753 253 1783 s,
293 1738 338 1776 ad
357 1751 424 1776 nos
445 1741 626 1788 integrum
654 1738 893 1787 pervenisset,
920 1750 1035 1776 nemo
1056 1739 1139 1777 sane

102 1786 188 1826 effet
208 1801 252 1826 ex
271 1789 441 1826 omnibus
457 1789 690 1826 honestarum
707 1790 840 1826 artium
859 1787 1140 1838 profefforibus,

101 1839 190 1887 quin
216 1851 259 1875 ex
283 1851 329 1876 eo
351 1839 513 1877 summos
542 1839 676 1876 fructus
704 1839 845 1876 summa
869 1851 953 1876 cum
971 1839 1140 1887 volupta-

98 1895 138 1924 te
168 1889 383 1937 perciperet.
435 1890 527 1934 Sed,
553 1888 702 1938 quando
731 1901 853 1938 neque
882 1888 957 1937 spes
986 1889 1057 1926 ulla
1091 1889 1140 1927 est

98 1938 181 1975 fore
203 1947 241 1976 ut
258 1940 472 1987 reperiatur,
500 1951 621 1988 neque
641 1939 732 1976 ullus
750 1939 862 1976 hodie
875 1966 886 1983 ,
914 1938 1016 1988 quod
1035 1941 1139 1988 equi-

99 1987 186 2025 dem
206 1989 313 2035 sciam
329 2017 340 2034 ‚
366 1990 476 2027 exstat
495 1990 584 2027 liber
601 1990 746 2038 scriptus
760 2017 770 2032 ‚
799 1990 899 2037 cujus
921 2000 992 2037 ope
1009 2017 1016 2029 ,
1044 2001 1138 2037 quae

99 2039 283 2082 maxima,
320 2051 362 2076 ac
387 2040 585 2088 turpiffima
618 2040 652 2076 ei
681 2039 817 2076 inflicta
843 2039 922 2076 sunt
943 2067 954 2083 ‚
990 2039 1139 2077 vulnera

98 2087 208 2125 sanari
227 2089 382 2136 poffint,
410 2089 564 2128 dandam
586 2087 655 2126 effe
676 2101 826 2137 operam
849 2089 994 2133 censui,
1021 2097 1083 2132 ut,
1112 2089 1138 2127 fi

97 2138 191 2185 quid
222 2139 368 2183 auxilii,
406 2140 507 2188 quod
536 2140 773 2188 perexiguum
806 2139 911 2188 plane
932 2139 1006 2182 est,
1032 2138 1139 2178 indu-

98 2187 180 2224 stria
199 2200 282 2225 mea
304 2189 442 2226 adferre
465 2190 592 2238 poffit,
620 2191 811 2237 experirer.
865 2189 999 2226 Evolvi
1015 2190 1138 2238 itaque

101 2248 187 2281 eos,
215 2239 277 2287 qui
298 2251 488 2287 penes-me
510 2240 611 2283 sunt,
640 2239 803 2277 austores
817 2267 827 2281 ‚
854 2240 918 2287 qui
934 2239 978 2277 de
990 2240 1138 2286 piscibus

98 2288 234 2336 aliquid
255 2289 380 2327 litteris
400 2289 639 2334 mandarunt,
668 2290 707 2326 ὃ(
724 2289 977 2327 eruditissimos
988 2291 1023 2326 in
1036 2290 1137 2327 Urbe

96 2339 200 2374 viros
230 2341 413 2384 conveni,
450 2352 541 2389 quos
573 2351 700 2388 rogare
729 2351 807 2378 non
836 2339 973 2383 destiti,
1011 2348 1050 2376 ut
1072 2340 1138 2377 hac

104 2388 143 2423 in
164 2399 200 2423 re
224 2390 335 2432 mihi,
363 2390 486 2438 quoad
509 2389 672 2438 poffent,
699 2390 836 2427 auxilio
858 2388 988 2426 essent:
1016 2388 1035 2426 ὰ
1056 2392 1138 2438 qui-

103 2436 168 2474 bus
198 2438 286 2486 quid
314 2441 516 2486 acceperim
532 2467 542 2482 ,
579 2448 620 2476 ut
643 2440 849 2476 illustrarem
864 2467 874 2481 ,
901 2439 967 2476 suis
985 2440 1074 2476 locis
1094 2439 1139 2476 fi-

101 2486 293 2534 gnificabo.
323 2490 535 2525 Cmrauus.
562 2488 651 2525 Hoc
671 2489 901 2535 poematium
935 2500 1018 2525 cum
1042 2490 1138 2526 Ovi-

102 2537 253 2575 dranum
277 2536 345 2575 effe
364 2539 509 2576 testetur
527 2538 662 2575 Plinius
675 2565 685 2581 ,
702 2538 813 2587 idque
835 2539 911 2585 plus
932 2550 1008 2575 uno
1025 2538 1111 2576 loco
1126 2567 1137 2583 ,

102 2597 181 2624 non
200 2588 247 2625 est
265 2589 367 2636 quod
390 2589 434 2626 de
463 2588 611 2625 audore
629 2588 853 2625 dubitemus:
891 2587 949 2624 sed
976 2588 1135 2626 lacerum

104 2636 152 2673 ad
172 2649 237 2675 nos
259 2640 424 2686 pervenit
442 2667 451 2682 ,
479 2651 548 2675 nec
568 2638 604 2675 id
622 2639 658 2675 in
679 2638 751 2675 fine
773 2646 914 2675 tantum
930 2665 939 2681 ,
975 2650 1058 2675 cum
1083 2640 1137 2686 ip-

102 2685 182 2723 sum
205 2699 353 2737 quoque
381 2690 525 2726 initium
556 2688 784 2725 desideretur.
837 2689 990 2736 Reliqua
1020 2688 1139 2726 adhoc

103 2736 210 2773 valde
240 2737 359 2776 luxata
387 2751 428 2775 ac
457 2738 609 2776 foedum
639 2739 675 2775 in
695 2738 849 2775 modum
880 2739 1019 2775 turbata
1048 2738 1140 2776 sunt.

103 2787 204 2823 Nam
226 2787 290 2824 nifi
304 2789 438 2836 justum
457 2790 529 2826 hoc
550 2790 618 2826 fuit
637 2793 773 2835 poema
786 2816 796 2831 ,
810 2789 1056 2836 inopportune
1078 2790 1141 2825 ad-

101 2836 261 2874 modum
292 2838 513 2884 (dicendum
543 2840 669 2885 enim)
698 2838 859 2875 inseritur
888 2838 1052 2886 digreffio
1082 2838 1139 2875 illa

105 2886 151 2924 de
181 2886 491 2935 quadrupedibus,
526 2888 590 2924 nisi
619 2889 657 2925 &
686 2889 743 2925 illa
764 2900 807 2925 ex
836 2888 908 2925 alio
931 2900 1041 2935 opere
1066 2889 1139 2926 huc

103 2936 242 2984 irrepsit
260 2964 270 2979 ,
296 2947 357 2974 aut
377 2939 451 2985 post
473 2938 626 2975 Naronis
644 2947 804 2975 mortem
817 2966 826 2982 ‚
851 2950 943 2987 quae
957 2939 993 2974 in
1005 2938 1138 2975 scriniis

106 2988 184 3035 ejus
215 2987 362 3023 inventa
390 2996 510 3031 erant,
543 2989 670 3036 aliquis
699 2989 842 3026 turbato
866 2989 994 3024 ordine
1014 2989 1139 3036 vulga-

103 3046 171 3073 vit.
225 3038 398 3073 Ceterum
421 3038 671 3084 Hieronymus
690 3039 873 3076 Columna
895 3038 1139 3075 Commenta-

104 3087 164 3123 riis
184 3086 228 3123 ad
245 3086 354 3123 Ennii
375 3086 562 3134 Phagetica
578 3087 651 3123 hoc
669 3088 906 3125 Halieuncon
921 3088 1141 3125 Ovidiilon-

108 3147 152 3184 ge
172 3136 308 3173 auctius
324 3138 360 3172 in
383 3137 502 3173 lucem
527 3137 685 3184 profert,
714 3138 929 3186 descriptum
954 3151 999 3175 ex
1022 3148 1139 3175 veter-

109 3186 205 3222 rimo
219 3213 229 3228 ‚
256 3195 296 3223 ut
316 3187 387 3230 ait,
415 3186 543 3223 codice
563 3185 582 3222 {1
605 3186 1028 3236 SertorioQuadrimano
1042 3216 1051 3231 ,
1080 3190 1139 3225 cui

107 3235 147 3274 id
176 3245 365 3284 acceptum
395 3237 516 3275 refert.
549 3236 638 3287 ,Sed
663 3236 801 3275 nollem
833 3239 887 3276 vir
908 3248 1025 3277 cetera
1045 3240 1139 3276 naris

2117 1560 2231 1635 Qui

2147 1688 2230 1727 Effe

1193 1742 1294 1777 enim
1317 1740 1360 1777 ab
1378 1740 1532 1777 homine
1546 1739 1738 1776 mediocris
1758 1740 1894 1787 ingenii
1914 1737 2069 1776 conficta
2086 1739 2228 1786 liquido

1192 1798 1365 1838 apparet,
1402 1801 1471 1826 nec
1500 1790 1645 1836 linguae
1665 1790 1818 1826 Latinae
1836 1789 1914 1826 satis
1933 1790 2061 1836 perito.
2112 1790 2228 1827 Porro

1193 1840 1370 1890 quicquid
1398 1840 1434 1876 in
1467 1839 1676 1877 recensione
1699 1839 1806 1887 hujus
1831 1839 2024 1888 fragmenti
2047 1839 2231 1887 castigavi·²

1193 1901 1274 1927 mus
1290 1918 1300 1933 ,
1327 1889 1363 1927 id
1392 1889 1512 1927 codici
1542 1890 1726 1926 Thuaneo
1746 1896 1830 1925 ante
1846 1888 2089 1938 septingentos
2114 1901 2230 1926 annos

1192 1940 1322 1988 scripto
1349 1939 1498 1977 debetur
1508 1953 1518 1981 ;
1558 1951 1604 1976 ne
1633 1939 1670 1975 in
1691 1938 1855 1987 singulis,
1883 1938 2087 1986 praesertim
2110 1939 2230 1977 levio-

1193 1991 1287 2028 ribus
1302 2018 1313 2034 ,
1342 1990 1402 2027 diu
1424 1989 1464 2027 sit
1485 1988 1708 2026 haerendum
1721 2000 1805 2026 cum
1827 1988 1949 2026 taedio
1966 1988 2228 2027 lectorisidem

1193 2049 1296 2078 vetus
1317 2040 1458 2084 codex,
1486 2039 1702 2076 Iucrprr
1732 2039 1924 2075 OVIDII
1952 2050 2141 2075 VERSUS
2173 2052 2225 2077 ni!

1192 2090 1218 2127 Ρ
1233 2104 1245 2127 1
1260 2105 1274 2127 s
1288 2103 1310 2128 c
1327 2104 1339 2126 1
1352 2103 1374 2126 B
1386 2104 1411 2126 0
1424 2104 1439 2126 s
1479 2101 1499 2125 E
1513 2102 1535 2125 T
1576 2089 1603 2125 F
1615 2101 1635 2125 E
1651 2103 1674 2125 R
1689 2102 1700 2125 1
1717 2102 1744 2126 s.
1772 2088 1902 2126 Codex
1918 2089 2121 2126 chartaceus
2137 2090 2229 2126 Ani-

1193 2140 1376 2177 brosianus
1402 2140 1556 2177 inscribit
1586 2140 1623 2175 H
1638 2153 1659 2175 A
1673 2151 1691 2175 L
1705 2152 1719 2175 1
1733 2151 1752 2176 E
1766 2153 1789 2175 υ
1804 2152 1825 2176 T
1837 2151 1851 2174 1
1867 2151 1888 2175 c
1903 2152 1925 2174 o
1941 2152 1964 2175 N
1994 2150 2077 2175 cum
2099 2139 2227 2186 vulga-

1193 2191 1248 2228 tis.
1287 2192 1493 2227 Hnmsms.
1531 2189 1719 2226 lllustravit
1739 2189 1813 2226 hoc
1833 2193 1967 2236 po‘e'ma
1990 2188 2140 2225 Scholiis
2160 2189 2228 2226 suis

1194 2241 1384 2279 Conradus
1405 2240 1582 2278 Gesnerus
1604 2240 1640 2276 in
1660 2239 1785 2277 libellis
1804 2239 1913 2276 tribus
1936 2239 2040 2275 novis
2061 2238 2225 2275 dePisci·

1192 2291 1256 2328 bus
1277 2293 1314 2328 ὃς
1336 2290 1549 2338 aquatilibus
1579 2289 1710 2337 Tiguri
1745 2290 1782 2326 in
1807 2290 1839 2326 8,
1868 2301 1978 2337 quem
2004 2288 2133 2325 librum
2154 2288 2228 2336 ipse

1192 2350 1300 2378 vocat
1311 2339 1632 2389 Progymnasmata
1641 2341 1677 2376 in
1688 2339 1873 2376 historiam
1884 2338 2106 2387 aquaticum,
2117 2350 2230 2387 quarn

1191 2392 1312 2438 postea
1333 2392 1463 2439 majori
1486 2389 1585 2426 mole
1605 2389 1729 2426 edidit.
1757 2388 1903 2426 Deinde
1925 2390 2031 2434 Janus
2047 2388 2226 2426 Vlitiusin

1191 2442 1403 2478 venatione
1434 2441 1673 2487 Novantiqua
1696 2438 1870 2475 recensuit
1891 2466 1901 2481 ‚
1946 2450 2104 2486 quorum
2129 2439 2230 2475 viro-

1191 2503 1273 2529 rum
1297 2491 1441 2528 Scholia
1452 2490 1575 2526 nostris
1586 2489 1828 2536 adjunximus.
1844 2489 2006 2525 Primum
2021 2500 2110 2524 vero
2121 2486 2228 2525 fuisse

1190 2542 1342 2577 Paulum
1362 2540 1574 2576 Manutium
1591 2565 1599 2580 ‚
1628 2538 1713 2574 Aldi
1731 2538 1777 2575 fil.
1799 2539 1862 2586 qui
1887 2538 1921 2575 in
1949 2538 2069 2575 lucem
2091 2537 2203 2575 edidit
2213 2564 2229 2581 .,

1192 2591 1370 2627 Gesnerus
1412 2590 1449 2625 in
1494 2588 1719 2636 praefatione
1765 2588 1875 2625 docet
1897 2616 1907 2631 ‚
1944 2587 2094 2624 attulisse
2137 2598 2227 2625 vero

1191 2640 1342 2677 Actium
1371 2639 1571 2688 Syncerum
1604 2639 1860 2675 Sannazarium
1891 2650 1936 2675 ex
1970 2639 2093 2675 Galliis
2114 2647 2229 2675 mann

1192 2690 1377 2738 scriptum.

1250 2752 1278 2776 r.
1307 2739 1446 2787 Accepit
1462 2739 1613 2776 mundus
1630 2737 1731 2786 legem
1742 2737 1838 2787 ενα]
1868 2738 1987 2776 Multa
2003 2738 2110 2786 hujus
2130 2739 2229 2786 prin-

1194 2790 1277 2837 cipii
1299 2791 1458 2826 carmina
1482 2801 1552 2826 una
1572 2801 1655 2826 cum
1676 2788 1965 2837 ingeniofiffimis
1979 2815 1989 2830 ‚
2018 2798 2126 2836 atque
2147 2800 2228 2824 eru-

1195 2840 1372 2877 ditissimis
1397 2841 1479 2876 viris
1508 2840 1616 2876 Petro
1647 2840 1835 2876 Ciaccono
1861 2866 1870 2882 ,
1900 2840 1945 2875 -&
1971 2839 2027 2874 M.
2056 2838 2225 2875 Antonio

1194 2890 1369 2933 Mureto,
1399 2889 1529 2926 Ovidii
1547 2901 1623 2926 non
1643 2887 1712 2925 effe
1730 2889 1873 2927 censeo.
1906 2889 2073 2925 CloFAN.
2110 2887 2227 2923 Swar-

1192 2940 1378 2977 tiuslib.1.
1396 2939 1564 2976 Analect.
1584 2951 1660 2987 cap.
1675 2939 1803 2987 §.legit
1818 2951 1943 2986 ‚regem
1963 2939 2107 2984 :inepte
2121 2936 2226 2979 ‚licet

1193 2990 1471 3037 approbatorem
1509 2990 1703 3037 reppererit
1745 2989 1951 3037 magistrum
1998 2987 2097 3023 suum
2144 2985 2229 3021 Bar-

1193 3041 1311 3076 thium
1330 3040 1391 3076 lib.
1415 3039 1680 3076 xtiv.Advers.
1704 3052 1717 3076 1
1730 3051 1759 3076 1.
1788 3045 1856 3075 Lex
1869 3038 1915 3075 est
1937 3037 2096 3074 conflans
2116 3034 2174 3070 ille
2188 3035 2228 3070 &

1192 3098 1386 3138 perpetuus
1403 3098 1550 3126 naturae
1573 3089 1665 3127 ordo
1681 3116 1690 3132 ‚
1710 3098 1827 3138 'quem
1848 3088 2105 3140 omnino-eata
2124 3083 2227 3138 sequi

1194 3139 1338 3176 debent.
1364 3151 1457 3187 quae
1470 3140 1553 3186 jura
1576 3167 1585 3183 ‚
1612 3139 1750 3184 fhedera
1768 3137 1890 3175 mnndi
1908 3136 2031 3184 pastun
2063 3146 2082 3172 a
2106 3135 2231 3172 Poetis

1194 3188 1372 3226 dicuntur.
1399 3188 1446 3225 fic
1465 3189 1585 3225 Valer.
1604 3189 1720 3225 Flacc.
1747 3202 1780 3224 1.μ
1797 3197 1880 3234 213.

1244 3244 1360 3287 Legem
1390 3238 1565 3285 defendere
1584 3238 1706 3275 cunni.

1643 3287 1670 3323 F
1681 3287 1699 3322 f
1704 3286 1721 3322 f
1728 3286 1771 3323 ff

1194 1689 1387 1728 emunctae
1417 1687 1530 1738 passus
1563 1687 1648 1726 esset
1677 1688 1738 1726 fibi
1765 1690 1891 1727 fucum
1920 1688 1980 1726 hic
2006 1688 2094 1727 fieri.

2171 3282 2234 3323 Ad
