2553 3676
255 175 320 229 28
766 165 1315 226 P.OVIDII

1388 165 1924 225 NASONIS

550 265 663 320 Stat
690 283 824 319 nece
850 277 1055 320 matura
1080 273 1329 315 tenerum
1352 259 1570 332 pensare
1596 261 1893 332 pudorem:

621 337 676 391 In
704 339 850 392 necis
875 336 1105 391 eleclum
1128 351 1285 406 parva
1309 332 1487 387 futura
1512 351 1662 387 mora
1687 334 1776 390 est.

412 427 506 477 155
545 409 835 465 Inicribere
862 427 987 463 mco
1012 406 1179 461 cauiia
1206 404 1464 459 invidiosa
1488 405 1757 476 sepulcro:

623 484 738 536 Aut
761 485 896 545 hoc,
933 493 1020 535 aut
1048 479 1196 534 fimili
1221 478 1456 532 carmine
1481 491 1640 532 notus
1665 481 1782 534 eris.

550 554 793 626 Phyllida
817 553 1186 624 Demophoon
1210 552 1319 604 leto
1346 549 1525 613 dedit,
1572 550 1762 623 hospes
1786 567 2079 611 amantem:

623 627 714 682 llle
738 628 859 682 neci
885 625 1110 683 caussam
1134 621 1405 697 praebuit,
1445 622 1528 677 illa
1552 641 1784 680 manumo

260 850 346 877 runt
371 838 410 876 in
440 849 471 875 te
503 839 627 892 virque
647 851 810 893 paterque
841 855 946 879 meus.
975 840 1037 880 ubi
1068 840 1178 889 plura.
1208 835 1312 876 Nota

259 893 346 929 illu:
389 891 505 927 Matri
535 892 633 942 longa
660 894 772 930 decem
810 893 969 930 tulerunt
996 892 1142 940 fastidia
1174 888 1314 937 menses,

259 942 375 991 probe
398 943 509 980 etiam
532 952 673 981 veteres
693 944 864 982 nonnulli
891 943 1086 994 implicuiffe
1111 941 1215 986 libet,
1244 951 1311 988 pro

253 994 368 1042 juvat
388 1021 398 1037 ‚
437 993 540 1042 quod
560 995 639 1043 jain
668 994 915 1044 praecesserat.
942 994 1008 1033 nifi
1031 995 1112 1044 quis
1134 993 1206 1029 illic
1231 991 1314 1027 libet

261 1055 348 1081 cum
381 1056 459 1081 uno
489 1045 754 1084 Ambrofianae
777 1046 1026 1085 Bibliothecae
1047 1044 1179 1094 reponi
1197 1043 1314 1080 malit.

261 1095 476 1132 Hmnsms.

319 1155 398 1194 143.
427 1147 615 1196 Matura]
646 1148 737 1185 Hoc
757 1148 845 1186 loco
868 1147 916 1185 est
945 1147 1068 1185 festina
1085 1175 1094 1190 ,
1122 1154 1163 1183 ut
1186 1144 1314 1183 Senec.

264 1196 405 1244 Oedip.
426 1208 484 1245 73.
507 1204 657 1234 Matura
669 1198 804 1247 poscens
817 1199 903 1245 fata
923 1225 933 1242 ‚
966 1197 1112 1234 Troad.
1135 1197 1222 1233 600.
1253 1202 1315 1233 Me

254 1247 341 1294 sata
361 1258 500 1284 maturo
519 1248 615 1285 exitu
630 1248 804 1298 facilique
813 1248 973 1297 fhlvant.
1001 1248 1210 1285 Hnmsms.

320 1309 400 1347 143.
429 1304 595 1335 Tenerum
618 1299 759 1348 pensare
779 1298 993 1349 pudorem.]
1031 1297 1202 1349 Miserum
1233 1297 1316 1337 libri

264 1347 355 1387 duo.
382 1356 423 1386 ut
441 1350 535 1387 Met.
555 1350 616 1387 lib.
637 1364 672 1387 x.
690 1349 774 1387 Fab.
798 1351 996 1400 Myrrhae:

505 1401 690 1456 miseroque
699 1401 827 1451 pudori

371 1456 479 1488 Parce
494 1462 562 1491 att.

265 1500 336 1550 Ep.
368 1513 424 1540 1x.

265 1603 305 1639 V
317 1552 506 1642 GlQidFTili
518 1554 645 1593 notitia
663 1555 707 1604 est
724 1555 842 1606 misero
859 1555 1010 1608 quaesita
1024 1555 1176 1607 pudori?

308 1616 326 1641 a
344 1616 393 1641 er.
455 1617 511 1644 ac.
532 1620 604 1644 vu.

320 1668 586 1720 Flagranteffiue
598 1683 703 1720 genas
719 1671 839 1717 vidit,
864 1670 1095 1722 miserumque
1101 1669 1282 1721 pudorem.

266 1718 481 1757 HEmsIUS.

325 1782 401 1816 144.
430 1777 472 1806 In
489 1770 578 1807 necis
593 1771 740 1821 cletta]
771 1773 1017 1810 Scriverianus
1030 1801 1040 1817 ,
1068 1771 1294 1821 Argentinus
1307 1797 1318 1813 ‚

267 1819 583 1858 Francofurtenfis
596 1849 606 1866 ,
635 1823 673 1859 ὃς
691 1821 866 1860 undecim
885 1824 944 1873 alii
966 1824 1110 1871 scripti,
1139 1833 1224 1859 cum
1241 1820 1319 1857 edi-

266 1872 373 1909 tione
391 1872 542 1921 antiqua
558 1873 704 1910 Veneta
720 1901 730 1917 ‚
758 1873 893 1911 liabent
919 1873 1071 1911 electum.
1100 1872 1203 1922 quod
1223 1871 1320 1909 mul-

266 1930 309 1960 to
342 1922 541 1971 elegantius
573 1924 665 1961 mihi
690 1924 836 1973 vulgata
871 1924 1034 1962 lectione
1073 1931 1233 1973 apparet.
1269 1924 1320 1959 ita

267 1973 374 2021 supra
403 1986 438 2010 v.
466 1986 526 2020 44.
554 1980 596 2010 In
618 1984 766 2024 poenam
793 1989 860 2012 non
870 1975 962 2024 fictis
979 1989 1071 2013 unus
1091 1975 1168 2012 eris.
1188 1975 1226 2012 δί
1250 1973 1321 2022 Ep.

271 2036 390 2062 xvm.
413 2026 497 2062 216.
519 2036 563 2062 ex
585 2025 690 2063 bonis
713 2026 923 2064 codicibus:

375 2094 509 2126 Lumen
525 2089 564 2126 in
578 2090 774 2140 adspefflum
794 2101 834 2127 tu
850 2090 948 2128 modo
958 2090 1090 2140 semper
1106 2088 1205 2128 habe.

270 2153 371 2192 Flor.
409 2166 466 2192 11.
503 2156 537 2192 6.
592 2162 633 2192 In
663 2155 812 2204 caufflzm
852 2155 932 2193 belli
961 2155 1075 2193 deleta
1110 2153 1320 2204 sagunthus.

270 2205 320 2244 Et
343 2206 479 2243 centies
498 2205 594 2243 alibi.
615 2207 875 2244 Burmannus.

328 2268 407 2304 145.
438 2256 660 2308 Inscribere]
691 2258 824 2295 Malim
853 2256 1063 2305 inscribenda
1085 2283 1095 2299 ‚
1134 2264 1176 2294 ut
1206 2258 1322 2305 aptius

272 2318 360 2345 cum
394 2306 627 2356 sequentibus
669 2309 902 2346 cohaereant.
939 2308 1152 2345 Hermum.
1186 2307 1248 2346 sed
1284 2309 1323 2346 in

273 2366 508 2407 pentametro
529 2357 646 2407 posset
664 2359 757 2408 legi,
785 2369 892 2408 atque
910 2357 992 2402 hoc,
1019 2369 1084 2394 aut
1095 2356 1220 2407 fimili.

333 2421 415 2454 145.
452 2409 674 2459 Sepulchra]
713 2410 812 2447 Cum
846 2410 942 2447 l’aris
974 2409 1019 2447 ad
1048 2410 1235 2447 Helenam
1268 2422 1324 2448 ra-

275 2458 453 2508 piendam
496 2460 782 2507 proficisceretur
835 2461 887 2497 in.
919 2461 1114 2498 Graeciam
1144 2489 1154 2505 ‚
1211 2462 1324 2511 Phyl-

276 2510 357 2549 ndis
384 2510 614 2558 sepulchrum
644 2512 681 2549 in
710 2511 879 2549 Threicii
905 2511 1041 2560 Pangei
1063 2514 1327 2560 promontorio

279 2560 434 2650 {naban
491 2562 635 2602 Auctor
674 2562 857 2602 Coluthus
888 2562 935 2601 de
975 2564 1100 2612 Raptu
1147 2563 1329 2603 Helenae.

317 2623 505 2651 munus,

2199 651 2330 754 E'P
2369 698 2417 754 I·-

1424 837 1506 884 148.
1537 836 1599 875 Ille
1614 837 1702 875 necis
1724 837 1894 889 causam]
1921 837 2005 876 Neci
2024 837 2163 886 causam
2181 839 2312 877 rectius
2329 838 2416 876 scri-2

1367 887 1473 926 betur
1496 918 1507 934 ,
1547 890 1727 939 quicquid
1753 891 1988 929 membranae
2017 890 2159 929 nostrae
2192 888 2419 928 dissentiunt0

1368 938 1416 977 fic
1441 952 1471 978 1.
1491 941 1580 978 Fast.
1603 941 1689 987 674.

1471 990 1712 1041 Haecpraebet
1730 992 1879 1042 cauffam
1888 991 2073 1042 frugibus,
2099 991 2163 1029 illa
2181 992 2305 1030 locum.

1369 1041 1570 1092 Vulgatam
1587 1050 1714 1081 tamen
1734 1052 1884 1082 tuentur
1902 1045 1986 1082 loca
2005 1057 2069 1082 111.
2092 1045 2172 1081 Art.
2193 1044 2283 1081 Am.
2303 1054 2366 1090 40.

1775 1100 1906 1131 Tamen
1925 1094 2034 1144 hospes
2051 1105 2095 1134 (θ’
2113 1093 2225 1143 ensem

1420 1143 1606 1190 Praebuit,
1634 1153 1678 1185 &¹
1697 1145 1844 1196 caussam
1863 1146 2005 1190 mortis,
2033 1145 2160 1194 Elissa,
2188 1156 2282 1184 tuae.

1369 1195 1418 1234 Et
1441 1196 1510 1245 Ep.
1530 1207 1584 1234 vx.
1607 1209 1691 1246 195.

1421 1246 1589 1284 Praebuit
1605 1253 1744 1285 Aeneas
1764 1259 1808 1288 εγ
1826 1246 1976 1297 caufflzm
1994 1245 2115 1284 mortis
2133 1256 2177 1286 ω’
2193 1246 2317 1296 ensem.

1371 1297 1420 1336 Et
1445 1310 1475 1335 1.
1499 1298 1580 1336 Art.
1605 1300 1693 1337 Am.
1713 1310 1796 1346 714.

1420 1354 1481 1385 Da
1500 1348 1649 1399 cauffam
1667 1350 1744 1386 voti
1761 1348 2037 1400 principiumque
2058 1347 2124 1385 tu‘i.
2176 1349 2394 1388 Hemswsss

1370 1398 1455 1448 Ego
1481 1401 1635 1449 praetuli
1669 1400 1764 1444 neci;
1785 1402 1872 1450 quia
1900 1400 1990 1436 necis
2010 1411 2095 1437 cum
2122 1412 2233 1436 manu
2262 1402 2422 1440 construi

1370 1450 1435 1487 vix
1464 1451 1583 1499 potest
1602 1479 1613 1496 ‚
1645 1450 1734 1490 licet
1758 1463 1844 1491 cum
1875 1450 1986 1500 caussa
2013 1448 2128 1498 poffet
2150 1478 2161 1494 ‚
2195 1451 2256 1488 sed
2282 1452 2421 1501 saepius

1374 1501 1487 1539 etiam
1507 1502 1640 1541 Noster
1658 1502 1779 1540 mortis
1800 1500 1947 1551 caussam
1969 1501 2192 1550 dixit.Epist.
2205 1514 2423 1541 xv111.2oo.

1376 1563 1408 1589 1.
1427 1553 1537 1608 lffont.
1560 1565 1616 1593 11.
1646 1565 1703 1601 17.
1732 1555 1771 1592 δε
1800 1547 1896 1593 alibi.
1922 1551 1986 1590 ubi
2012 1560 2139 1590 tamen
2168 1552 2276 1590 MSS.
2307 1554 2422 1592 ctiam

1371 1612 1527 1643 variant.

1429 1653 1508 1699 148.
1535 1654 1610 1702 {osa
1639 1653 1791 1704 manu]
1827 1653 1982 1692 Plurimi
2011 1652 2131 1702 scripti
2158 1652 2232 1691 illa.
2263 1653 2301 1691 &
2329 1652 2422 1692 solet

1375 1703 1510 1741 Noster
1539 1704 1585 1741 de
1604 1703 1748 1743 duobus
1767 1715 1877 1754 agens
1898 1704 1973 1741 hoc
1992 1715 2203 1753 pronomen
2221 1704 2429 1754 geminaret.

1374 1753 1487 1801 Epist.
1503 1753 1682 1802 sequenti.
1704 1755 1766 1791 28.

1435 1802 1537 1891 A1lle
1547 1804 1663 1852 gradu
1675 1804 1809 1854 propior
1819 1802 2025 1853 sanguinis,
2052 1802 2111 1839 ille
2129 1815 2248 1842 comes.

1377 1865 1409 1893 1.
1475 1865 1527 1891 m.
1554 1854 1589 1891 8.

1477 1909 1524 1941 Et
1531 1903 1677 1952 faciant
1692 1904 1780 1941 udas
1797 1903 1862 1941 illa
1881 1901 1938 1941 vel
1956 1902 2021 1941 illa
2036 1917 2154 1954 genas.

1379 1968 1411 1995 1.
1432 1956 1567 1994 Amor.
1590 1967 1643 1992 1x.
1665 1967 1700 2004 9.

1478 2006 1539 2043 Ille
1548 2009 1642 2054 fores
1660 2005 1834 2043 Dominae
1840 2005 1966 2054 servat
1980 2034 1991 2051 ‚
2018 2015 2058 2042 at
2076 2004 2135 2043 ille
2150 2006 2272 2046 Ducit,

1379 2070 1409 2097 1.
1429 2056 1539 2096 Trist.
1558 2071 1611 2094 1x.
1635 2069 1692 2105 50.
1711 2069 1757 2093 ex
1776 2057 1886 2105 MSS.

1482 2108 1547 2145 Illa
1554 2108 1636 2157 suos
1652 2107 1802 2154 haheat,
1831 2121 1890 2145 net
1908 2106 2026 2144 minus
2044 2105 2109 2144 illa
2119 2108 2211 2158 ficos.

1379 2173 1414 2199 v.
1431 2159 1521 2197 Fast.
1547 2159 1630 2197 188.

1478 2209 1656 2247 Convenit
1671 2208 1711 2246 in
1728 2208 1847 2247 laudes
1862 2208 1921 2246 ille
1937 2209 1996 2246 vel
2013 2208 2072 2246 ille
2088 2220 2181 2248 tuas.

1379 2261 1433 2300 Ita
1453 2261 1545 2299 olim
1569 2260 1657 2298 editi
1677 2262 1716 2298 &
1741 2260 1861 2310 scripti
1880 2260 2043 2309 plurimi.
2061 2260 2109 2298 fic
2127 2261 2224 2310 apud
2242 2265 2426 2313 Quinctil.

1377 2313 1441 2351 lib.
1466 2325 1479 2350 1
1493 2325 1523 2349 1.
1540 2312 1601 2359 48.
1621 2323 1666 2349 ex
1684 2312 1790 2350 MSS.
1810 2310 1970 2360 Jfhcrates
1987 2312 2027 2348 de
2045 2311 2175 2361 Ephoro
2195 2324 2301 2365 atque
2321 2317 2426 2355 Theo-

1371 2361 1549 2414 pompofic
1571 2362 1774 2412 judicabat,
1801 2372 1842 2399 ut
1867 2362 1971 2399 alteri
1991 2363 2130 2409 frenis,
2156 2363 2260 2402 alteri
2279 2367 2428 2405 calcari-

1379 2415 1440 2451 bus
1467 2423 1545 2463 opus
1570 2413 1627 2463 effe
1652 2413 1801 2457 diceret,
1827 2423 1892 2449 aut
1910 2413 1947 2450 in
1967 2412 2028 2450 illo
2046 2414 2255 2453 tarditatem
2269 2446 2279 2462 ,
2307 2429 2372 2455 aut
2387 2420 2427 2456 in

1377 2466 1436 2502 illo
1448 2474 1534 2514 pene
1544 2465 1723 2514 praecipiti
1739 2464 2000 2501 concitationem
2016 2464 2265 2514 adjuvandam
2281 2469 2430 2507 docendo

1379 2516 1596 2564 existimavit
1613 2525 1629 2553 ,³
1675 2516 1713 2553 ὅ(
1748 2516 1809 2553 lib.
1845 2528 1897 2552 xi.
1936 2527 1972 2565 3.
2008 2515 2054 2553 de
2091 2516 2347 2559 Demosthene
2384 2523 2426 2559 ὃς

1381 2568 1586 2611 Aeschine,
1614 2580 1720 2616 neque
1743 2566 1802 2603 ille
1815 2575 1875 2616 per
1896 2575 2159 2616 propugnatores
2170 2569 2315 2617 juravit
2328 2600 2340 2618 ‚
2366 2584 2427 2610 mc

1381 2620 1439 2660 ille
1458 2617 1588 2657 Thebas
1605 2617 1756 2670 deflevit.
1775 2619 1825 2657 ita
1842 2617 1947 2657 MSS„
1975 2618 2236 2660 ssuumxnus.
