2553 3676
773 204 1939 267 P.oV1D11NASONts

599 295 815 353 Parcite
841 314 1132 370 paucarum
1158 295 1466 353 diffundere
1495 298 1703 354 crimen
1729 300 1784 354 in
1808 318 2012 356 omneS.

497 389 561 425 10

675 368 958 441 Specletur
985 371 1189 425 meritis
1214 389 1462 444 quaeque
1492 373 1667 443 puella
1688 373 1804 427 suiS.

602 443 658 499 Si
682 444 859 497 minoi·
885 443 1106 498 Atrides
1134 442 1420 507 Helenen,
1461 444 1806 520 Helenesque
1830 447 2070 503 sororem

674 518 806 588 Quo
832 533 1040 589 premat
1054 517 1275 571 Atrides
1300 517 1526 570 crimine
1551 518 1717 590 major
1743 519 1933 584 habetff,

608 588 664 644 Si
688 592 886 645 icelere
912 590 1166 646 Oeclides
1191 588 1542 643 Talaionidae
1568 588 1852 663 Eriphyles

681 662 852 719 Vivus
894 663 949 717 ἃ
977 665 1032 718 in
1058 664 1190 717 vivis
1213 662 1280 715 ad
1308 662 1470 734 Styga
1496 662 1641 716 venit
1666 681 1694 716 e
1737 665 1847 727 υἷες

496 755 558 807 15
594 735 688 791 Est
711 738 794 809 pia
821 738 1124 806 Penelope,
1163 735 1334 789 lustris
1360 748 1572 789 errante
1599 734 1709 789 duo
1751 755 1839 799 υς,

676 809 750 864 Et
774 809 1007 863 totidem
1031 807 1199 862 lustris
1219 808 1360 862 bella
1382 822 1606 879 gerente
1629 808 1763 863 viro,

599 883 831 954 Respice
857 881 1230 954 Phyllaciden:
1275 882 1330 935 δε
1355 899 1492 954 quae
1520 899 1703 936 comes
1727 881 1819 937 iffe
1843 883 2038 940 marito

680 956 906 1017 Fertur3
951 956 1003 1008 δε
1029 969 1152 1010 ante
1179 973 1345 1009 annos
1368 954 1675 1010 occubuiffe
1700 956 1836 1011 suos.

608 1031 737 1087 Fata
761 1028 1112 1084 Pheretiadae
1138 1029 1336 1100 conjux
1361 1028 1618 1100 Pagasaea
1643 1028 1902 1085 redemit:

491 1121 562 1158 20

673 1103 893 1177 Proque
916 1102 992 1157 sui
1017 1102 1092 1156 est
1115 1121 1253 1157 uxor
1279 1102 1468 1156 funere
1492 1102 1592 1156 lata
1619 1102 1735 1156 viri.

601 1178 813 1248 Accipe
837 1194 953 1239 me,
989 1174 1274 1247 Capaneu;
1317 1177 1525 1230 cineres
1550 1175 1920 1243 miscebimur,
1945 1178 2121 1253 inquit

677 1249 877 1325 Iphias,
915 1250 971 1304 in
994 1248 1203 1305 medios
1228 1249 1547 1322 desiluitque
1574 1267 1752 1323 rogOS.

309 1439 386 1478 Sed
413 1439 450 1478 δί
473 1449 584 1490 rapax
604 1439 703 1491 lupus
720 1440 857 1479 Nostro
879 1439 1059 1479 Trist.1v.
1077 1440 1133 1479 El.
1153 1453 1181 1478 5.
1210 1441 1359 1479 Heius.

309 1492 387 1530 vid.
409 1492 454 1529 ad
478 1492 585 1541 Epist.
607 1505 639 1529 x.
660 1494 721 1540 96.
750 1493 855 1529 credis
886 1492 977 1528 ovile
998 1492 1200 1530 Bernensis.

357 1555 393 1592 9.
420 1542 659 1593 Diffundere]
689 1544 881 1593 Dispergere
901 1555 992 1581 unus
1017 1543 1169 1581 Heinsii.

363 1605 419 1642 13.
448 1594 693 1644 salaminiam]
725 1595 951 1631 Talaionirlae
968 1593 1196 1633 scribendum
1221 1595 1295 1641 est,
1321 1604 1363 1634 ut

307 1644 436 1682 docuit
469 1646 639 1683 Gronov.
670 1645 714 1684 ad
746 1647 832 1684 Stat.
864 1659 910 1683 11.
940 1646 1062 1683 Theb.
1089 1659 1167 1691 141.
1196 1647 1258 1685 ubi
1293 1653 1362 1683 Ta-

303 1695 472 1732 laionides
489 1696 661 1734 Adrastus
679 1697 821 1736 dicitur.
849 1697 1025 1747 Eriphyle
1038 1709 1128 1735 vero
1143 1727 1152 1742 ,
1181 1697 1253 1736 filia
1276 1699 1356 1736 Ta-

310 1747 384 1788 lai,
413 1747 546 1784 Biantis
570 1747 661 1791 filii,
699 1749 737 1785 &
770 1748 911 1787 Adrasti
940 1748 1053 1786 soror.
1083 1749 1179 1787 male
1210 1750 1356 1787 Merula

310 1796 466 1834 Talaona
488 1808 596 1836 vocat
610 1828 619 1843 ‚
636 1800 673 1836 &
694 1798 897 1838 Talaconem
921 1800 1259 1850 Crispinusmulto
1286 1802 1358 1839 im·

310 1849 473 1897 peritius.
526 1850 793 1889 BURMANNUS.

364 1912 419 1946 14.
449 1900 556 1937 Vivus
583 1914 626 1941 ξφ
659 1903 695 1938 in
727 1902 868 1953 vivis.]
898 1903 1080 1954 Expressit
1109 1904 1172 1942 hic
1202 1903 1364 1943 Ovidius

307 1948 513 1999 Euripiden
533 1953 570 1989 in
587 1953 814 2001 supplicibus.
833 1967 919 2004 925.

359 2003 435 2038 Κειῖ
457 2007 522 2048 μὲν
547 2005 606 2039 τὸν
628 2001 811 2049 Οἰκλέους
834 2008 880 2051 γὲ
901 2009 1038 2052 γεναῖον
1059 2008 1181 2054 τόκον,

360 2055 441 2088 Θεοῖ
463 2052 573 2100 ζῶντ’
592 2054 870 2101 ἀνειρπεὶσαντες
889 2057 940 2101 εἷς
959 2063 1099 2106 μυχοῦς
1121 2061 1285 2106 χθονοῦς,’

361 2103 492 2147 Aia-054·
515 2106 736 2150 τεθρίπποις,
759 2107 964 2154 {unweilo-tu
987 2110 1167 2158 ἐμφανῶς.

307 2151 367 2191 Ut
387 2154 435 2191 ibi
457 2164 586 2194 notare
606 2170 682 2195 non
696 2160 855 2208 neglexit
869 2161 1054 2201 Earnesius
1070 2191 1079 2206 ‚
1099 2165 1193 2201 &ex
1204 2162 1364 2201 Pindaro

308 2205 500 2244 defluxisse
522 2207 565 2245 ad
586 2209 787 2258 Euripiden
809 2214 968 2251 monuit.
1022 2215 1289 2252 Rumpimus.

367 2270 424 2306 15.
453 2258 509 2305 Est
524 2258 621 2310 pia.]
654 2265 707 2296 At
728 2262 784 2310 pia
804 2262 879 2300 duo
897 2263 991 2303 libri.
1007 2265 1057 2311 cist
1073 2275 1156 2303 tres.

365 2320 421 2355 17.
452 2310 581 2358 Respice
603 2310 839 2359 Phylaciden,
868 2327 912 2354 (φ
933 2330 1020 2365 quae
1042 2330 1147 2354 comes
1164 2316 1218 2366 isse
1239 2317 1368 2354 marito

308 2365 457 2405 Fertur,
486 2373 530 2401 <9⁴
547 2372 629 2398 ante
648 2376 756 2401 annos
779 2365 958 2414 occubuiffe
973 2367 1093 2416 suess}
1124 2368 1271 2406 Merula
1301 2381 1369 2406 va-

307 2411 363 2450 rie
384 2414 539 2460 exponit
557 2414 656 2451 hunc
683 2414 833 2461 locuni,
869 2419 946 2466 poli
977 2419 1224 2457 Laodamiam
1253 2420 1364 2457 etiam

308 2463 471 2500 Didonis
500 2464 686 2502 historiam
722 2467 796 2505 huc
832 2470 1136 2508 accommodans.
1187 2470 1257 2508 Sed
1295 2482 1366 2519 ego

309 2513 524 2562 simpliciter
547 2515 592 2553 de
613 2516 812 2555 Protesilao
831 2520 869 2557 ὃς
900 2520 1106 2559 Laodamia
1139 2533 1257 2559 uxore
1289 2522 1366 2570 ejus

311 2572 435 2602 totum
468 2566 647 2605 distichon
681 2571 825 2619 accipio
845 2599 855 2613 ‚
899 2580 940 2609 ut
964 2571 1006 2609 sit
1034 2573 1128 2610 ordo
1158 2574 1197 2610 &
1225 2573 1363 2610 sensus:

311 2615 467 2664 Respice
485 2618 722 2668 Phylaciden]
737 2650 746 2663 ,
777 2621 812 2659 id
835 2621 883 2658 est
903 2623 1140 2661 Protesilaum
1165 2652 1176 2668 ,
1216 2625 1254 2661 ὃς
1283 2636 1363 2661 eam

310 2666 467 2723 scilicet,
494 2681 592 2718 quae
624 2670 757 2709 dicitur
781 2685 907 2711 comes
941 2672 1002 2711 iffe
1035 2676 1190 2718 marito,
1220 2676 1257 2713 δε
1281 2684 1366 2713 ante

312 2716 521 2772 legitimum
556 2730 702 2770 tempus
732 2733 880 2762 mortua
908 2724 1004 2769 esse,
1031 2727 1106 2763 hoc
1139 2726 1187 2763 est
1218 2727 1368 2765 Laoda-

314 2779 449 2825 miam3
502 2772 605 2810 Hace
631 2775 731 2811 enim
762 2773 782 2812 {i
817 2776 1033 2825 quibusdam
1053 2776 1203 2814 traditur
1223 2806 1232 2822 ‚
1279 2790 1363 2816 cum

312 2818 531 2876 Protelilaiiis
554 2834 809 2863 comme-atum
834 2828 878 2863 ab
898 2828 1021 2866 inferis
1032 2828 1207 2866 redeundi
1217 2827 1262 2866 ad
1273 2841 1367 2866 uxo-

311 2881 393 2907 rem
417 2883 453 2907 in
476 2883 592 2909 unum
615 2874 714 2912 diem
743 2877 987 2925 impetrasset,
1017 2880 1215 2917 abeuntem
1245 2881 1367 2918 virum

310 2922 504 2971 prosecuta
525 2921 594 2977 esse
610 2951 619 2966 ,
648 2927 839 2976 vitamque
860 2941 944 2967 cum
966 2939 1088 2969 morte
1102 2959 1111 2974 ,
1124 2932 1218 2968 illius
1234 2932 1343 2980 gratia
1357 2961 1368 2977 ‚

313 2973 571 3011 commutasse
603 2976 717 3025 Cujus
740 2980 790 3015 rci
809 2982 846 3015 ὃς
862 2981 1047 3019 Lucianus
1061 2983 1281 3020 meminitin
1294 2983 1370 3020 dia-

313 3023 408 3073 logis
429 3025 662 3071 Inferorum,
691 3030 729 3064 &
760 3030 930 3077 l-Iigyntis
952 3033 986 3068 in
1018 3033 1156 3069 fabulis.
1211 3033 1281 3070 Sed
1309 3034 1370 3071 liic

314 3084 442 3113 tamen
466 3078 635 3115 nonnihil
657 3079 790 3121 variat,
820 3081 907 3118 illud
929 3081 1063 3119 addens
1079 3111 1087 3125 ‚
1120 3084 1366 3121 Laodamiam

314 3138 403 3164 cum
434 3127 652 3166 desiderium
676 3130 741 3167 viri
763 3131 920 3168 tolerare
940 3144 1017 3170 non
1038 3132 1176 3181 posset,
1206 3134 1367 3182 effigiem

314 3177 505 3216 Protesilai
535 3191 678 3217 acreani
710 3180 830 3219 feciffc
846 3210 855 3225 ,
884 3195 925 3220 ac
946 3184 983 3220 in
1004 3184 1168 3221 thalamo
1189 3184 1366 3233 politam,

317 3228 551 3267 simulatione
571 3231 751 3269 sacrorum
775 3233 896 3270 colere
923 3233 1094 3283 cocpill'c.
1135 3235 1251 3284 Quod
1281 3248 1367 3274 cum

314 3288 418 3326 pater
451 3281 668 3326 rescivisset,
691 3282 824 3331 juffiss'e
851 3285 949 3322 illam
980 3287 1016 3323 in
1048 3298 1174 3335 pyram
1208 3288 1370 3336 conjici,

312 3330 354 3374 βπ
376 3332 557 3373 comburi.
606 3334 854 3375 Laodamiam
872 3346 997 3376 autem
1021 3337 1157 3376 doloris
1175 3339 1374 3387 impatien.

2365 1327 2472 1401 Ipsa

1410 1446 1514 1483 tem,
1557 1440 1594 1477 in
1613 1440 1770 1480 eandem
1799 1453 1930 1492 pyram
1956 1442 1993 1480 se
2022 1440 2219 1491 conjecifl‘e
2242 1471 2254 1488 ,
2284 1452 2397 1494 atque
2423 1446 2473 1485 ita

1414 1491 1485 1528 viri
1508 1500 1669 1530 mortem
1691 1493 1940 1531 consecutam.
1977 1493 2207 1531 Micrttus.

1472 1554 1532 1579 20.
1562 1548 1694 1595 Proque
1720 1544 1828 1595 sui.]
1881 1545 2037 1583 Variant
2068 1545 2274 1583 admodum
2314 1547 2476 1588 codices.

1417 1593 1570 1644 quidam
1587 1622 1596 1637 ‚
1619 1606 1745 1645 proque
1762 1595 1840 1632 viro
1858 1595 1901 1643 est
1923 1609 2010 1632 uxor
2019 1597 2147 1643 funere
2168 1596 2244 1633 lata
2273 1597 2357 1635 viri.
2387 1599 2446 1638 alii
2461 1629 2472 1644 ‚
2550 1608 2552 1610 '

1410 1654 1540 1696 proque
1560 1645 1638 1682 viro
1658 1647 1701 1694 est
1717 1660 1803 1683 uxor
1815 1648 1942 1694 funere
1962 1646 2055 1682 laeta
2077 1647 2165 1683 mori
2186 1647 2246 1684 vel
2263 1648 2355 1696 paffiz
2375 1652 2477 1690 mori.

1412 1706 1540 1746 proque
1569 1697 1647 1733 viro
1675 1697 1718 1744 est
1741 1699 1964 1744 uxorfunere
1986 1696 2072 1733 ἰεέῖα
2095 1698 2194 1734 mori.
2219 1698 2388 1737 Bernens.
2415 1701 2477 1740 sed

1411 1748 1588 1786 omnium
1610 1750 1773 1786 maxime
1785 1748 1916 1786 arridet
1929 1748 2100 1786 Francos.
2119 1748 2256 1787 codicis
2272 1749 2400 1788 lectio:

1469 1806 1602 1851 Proque
1616 1802 1679 1849 suo
1700 1800 1742 1847 est
1761 1813 1848 1836 uxor
1859 1803 1992 1847 funera
2007 1799 2100 1848 paffiz
2122 1799 2211 1836 viro.
2256 1801 2388 1839 BURM.

1471 1864 1531 1889 21.
1560 1851 1700 1888 Cineres
1718 1850 1934 1900 miscebimus
1953 1850 2112 1901 inqua]
2142 1851 2292 1898 Scribo,
2319 1851 2474 1902 miscebi2

1419 1916 1512 1941 mur.
1544 1902 1587 1940 In
1609 1904 1756 1940 obitum
1780 1902 1887 1940 Drusi
1913 1902 1995 1950 163.

1474 1953 1640 2004 Miscebor
1660 1953 1831 2005 cinerique
1850 1953 1935 1990 cinis
1952 1963 2059 2003 atque
2076 1952 2194 2002 offibus
2217 1954 2292 2004 offiz.

1420 2005 1631 2054 Propertius
1652 2005 1745 2043 libro
1768 2017 1831 2042 111.
1850 2005 1952 2053 Eleg.
1973 2017 2027 2042 iv.

1471 2058 1583 2094 Viezor
1603 2070 1681 2093 cum
1702 2057 1807 2094 vidis
1824 2056 1960 2107 pariter
1980 2055 2177 2106 miscebitur
2205 2056 2350 2105 uminis.>

1421 2108 1645 2146 Anacreon:

1476 2156 1610 2205 Ὀλῖγκ
1630 2160 1670 2196 δὲ
1688 2159 1874 2202 amaseae

1476 2212 1577 2254 Κόνις
1600 2212 1708 2252 ὂςέων
1730 2211 1915 2248 λυθέντων

1426 2262 1470 2301 In
1491 2264 1607 2301 veteri
1627 2263 1928 2312 Epigrammate:

1713 2311 1767 2351 'Eu
1789 2310 1820 2350 δ’
1835 2311 2023 2359 Ἀχέροντι

1475 2361 1591 2408 Ὀς-έει
1613 2366 1675 2401 nx}
1695 2364 1824 2405 snagin
1846 2367 1993 2409 πάρθενε
2016 2366 2209 2409 κεισόμεθσε.
2238 2368 2454 2411 Hfimsxuisi

1475 2429 1534 2454 22.
1565 2416 1718 2466 Jphias.]
1748 2416 1846 2454 Vide
1869 2417 2022 2454 Observ.
2044 2418 2081 2455 in
2102 2418 2162 2456 lib.
2184 2431 2219 2456 v.
2242 2420 2351 2459 Trist.
2384 2424 2478 2473 eleg.

1423 2469 1565 2507 ultima.
1595 2469 1812 2506 Cxofauus.
1841 2468 1914 2506 vid.
1934 2468 1979 2505 ad
2002 2469 2151 2517 Epiced.
2172 2470 2292 2509 Drusi.
2316 2484 2400 2521 321.

1474 2533 1534 2566 24.
1563 2526 1634 2556 Nec
1653 2520 1807 2562 mirum,
1827 2518 1948 2569 populo
1961 2518 1997 2568 fi
2008 2520 2120 2569 placet
2137 2521 2208 2570 ipsa
2218 2521 2312 2572 sum]
2343 2525 2476 2563 Non&

1420 2571 1485 2608 illa
1503 2572 1624 2620 scripti
1642 2584 1728 2609 cum
1750 2572 1868 2620 prima
1885 2570 2064 2609 editione.
2093 2574 2131 2608 ὅ(
2150 2572 2315 2621 sequenti
2348 2575 2449 2613 versu
2463 2603 2475 2620 ‚

1424 2629 1497 2659 Nec
1523 2634 1655 2660 tamen.
1682 2623 1894 2660 HEiNsms-
1922 2622 2013 2660 Vid.
2040 2622 2085 2660 ad
2119 2623 2229 2672 Epist.
2261 2637 2338 2662 xvi.
2367 2638 2424 2671 24.
2444 2624 2481 2674 fi
2511 2656 2515 2660 .

1414 2675 1523 2721 favet
1544 2674 1632 2712 editi
1651 2675 1744 2712 olim
1764 2675 1802 2711 ὃς
1823 2674 1941 2722 scripti
1966 2674 2142 2722 Naugerii
2162 2703 2173 2719 ,
2212 2676 2251 2712 ἃ
2283 2675 2360 2713 duo
2391 2677 2477 2723 alii,

1423 2726 1463 2762 &
1482 2726 1613 2774 probat
1634 2726 1887 2763 Bersinannus.

1472 2789 1534 2825 25.
1562 2784 1637 2813 Hae
1656 2787 1784 2813 mentes
1806 2775 1917 2823 nostra
1930 2775 2117 2824 poscuntur
2139 2775 2183 2811 ab
2201 2776 2316 2827 arte.]
2346 2777 2388 2816 In
2410 2791 2479 2818 un-

1424 2827 1546 2865 decim
1574 2828 1672 2866 libris
1700 2836 1796 2871 erat,
1822 2827 2012 2877 pascuntur
2022 2842 2033 2870 ;
2073 2828 2111 2865 in
2138 2839 2242 2872 uno,
2272 2829 2477 2878 nafimztur.

1424 2879 1529 2928 quod
1550 2892 1627 2917 non
1649 2880 1832 2928 ineptum.
1859 2887 1899 2915 ut
1919 2877 1960 2915 sit
1980 2878 2096 2916 sensus
2114 2907 2123 2923 ‚
2160 2879 2250 2917 illud
2279 2881 2473 2920 confilium

1425 2930 1613 2968 moriendi
1640 2943 1707 2979 pro
1736 2931 1841 2973 viris,
1883 2941 1961 2966 non
1990 2941 2036 2966 cx
2059 2930 2178 2967 nostra
2198 2940 2273 2968 arte
2295 2932 2354 2969 vel
2374 2945 2476 2981 prae·

1425 2984 1537 3030 ceptis
1549 2983 1664 3019 oritur
1677 2993 1775 3019 :non
1789 2982 1889 3018 enim
1903 2989 1977 3018 tam
1991 2981 2141 3029 grandia
2151 2982 2256 3019 trado
2268 2993 2475 3033 praecepta,

1424 3032 1483 3069 sed
1512 3042 1553 3070 ut
1581 3032 1654 3070 fine
1682 3033 1746 3069 suo
1766 3034 1803 3069 δ(
1826 3030 1943 3068 inodo
1962 3043 2085 3068 amare
2105 3031 2251 3070 discant.
2290 3033 2342 3071 Ita
2375 3035 2471 3072 Suet.

1426 3084 1542 3130 Calig.
1570 3095 1623 3130 15.
1642 3083 1737 3119 Unde
1754 3081 1995 3131 percuffiiribus
2010 3093 2136 3119 natum
2155 3081 2341 3133 confilium.
2355 3086 2473 3124 Cicer.

1423 3145 1519 3169 xvii.
1543 3133 1588 3170 ad
1606 3133 1736 3170 Famil.
1757 3146 1813 3170 22.
1844 3144 1883 3169 ut
1901 3133 1990 3170 mihi
2005 3137 2167 3183 nascatur
2189 3134 2351 3184 Epistolae
2368 3149 2472 3185 argu-

1423 3195 1592 3221 mentum.
1622 3186 1660 3222 δε
1683 3185 1946 3229 itancscio,aii
1968 3185 2136 3230 nasce-ndu
2158 3195 2273 3234 caepta
2300 3187 2394 3235 apud
2418 3187 2470 3224 Si-

1424 3235 1513 3272 lium
1535 3236 1594 3273 lib.
1626 3248 1680 3272 xv.
1705 3248 1784 3282 724.
1822 3236 1927 3273 facile
1950 3236 2131 3284 repudiari
2153 3236 2318 3274 debcant.
2348 3238 2405 3275 Sic
2431 3238 2470 3274 δε

1420 3286 1561 3336 pasci&
1576 3287 1670 3334 nasci
1689 3299 1758 3324 con
1767 3287 1970 3324 funduntur
1979 3288 2075 3335 apud
2088 3288 2235 3325 Nemes.
2247 3288 2323 3325 Ecl.
2338 3301 2364 3325 1.
2377 3300 2435 3336 75.

1477 3343 1642 3390 Namque
1658 3339 1753 3389 prius
1766 3337 1887 3378 Siculis
1903 3338 2035 3376 Phocae
2052 3339 2235 3389 nascentur
2254 3339 2293 3376 in
2316 3339 2467 3426 arwssb·

2456 3398 2470 3424 ι
