2553 3676
219 256 247 300 4
680 215 1832 282 noviniiNAsonis

507 319 745 394 Quando
770 337 873 391 ego
896 335 1007 372 non
1030 315 1186 369 timui
1212 312 1454 385 graviora
1476 313 1710 385 pericula
1732 311 1900 368 veris?

578 393 691 447 Res
718 391 792 444 est
815 389 1023 446 solliciti
1045 387 1200 459 plena
1223 386 1430 439 timoris
1454 404 1619 440 amor.

507 466 567 521 In
591 478 644 519 te
669 463 936 534 fingebam
959 461 1226 514 violentos
1250 457 1428 512 Troas
1451 457 1649 512 ituros:

583 537 821 592 Nomine
846 536 902 588 in
925 531 1208 588 Hectoreo
1231 529 1423 602 pallida
1444 529 1652 603 semper
1675 549 1835 586 eram.

408 633 426 666 1
443 632 467 679 ς
520 612 642 666 Sive
677 609 794 681 quis
818 605 1174 661 Antilochum
1198 601 1438 656 narrabat
1462 601 1525 655 ab
1551 601 1797 660 Heffiiore
1819 599 2019 659 viflum
2035 622 2058 664 3-

583 681 905 737 Antilochus
929 678 1092 733 nosti·i
1117 674 1284 729 caussa
1311 674 1517 728 timoris
1542 685 1680 729 erat:

517 757 640 811 Sive
667 751 1061 808 Menoetiaden
1085 748 1215 803 falsis
1240 746 1488 801 cecidisse
1511 745 1604 800 sub
1630 747 1815 807 a1·mis;

587 826 807 882 Flebam
830 822 1065 880 successu
1089 820 1236 894 posse
1261 837 1443 874 carere
1471 818 1640 872 dolos,

517 900 783 970 Sanguine
809 898 1160 969 Tlepolemus
1186 893 1414 966 Lyciam
1438 891 1764 963 tepefecerat
1789 888 2015 952 hastam3

406 995 477 1029 20

278 1179 313 1215 9.
329 1162 457 1201 Fallere
467 1162 628 1201 noc‘lemfl
641 1162 790 1200 Eodem
810 1160 928 1199 modo
940 1161 977 1199 in
991 1157 1145 1209 epist.ad
1154 1158 1278 1196 Lean—

230 1217 336 1255 drum
355 1216 451 1253 dicet
473 1209 787 1262 dectpere‘noffem:

281 1281 334 1317 Sic
355 1279 412 1316 ubi
431 1279 581 1328 deceptae
593 1287 676 1327 pars
695 1276 738 1325 est
756 1275 846 1314 mihi
863 1275 1027 1314 maxima
1042 1274 1149 1312 noctis

333 1332 428 1367 Acta
445 1358 454 1374 ,
467 1328 565 1378 subit
576 1328 709 1374 furtim
730 1327 867 1364 lumina
878 1326 1073 1376 feffafhpor.
1103 1326 1274 1363 CiorAN.

233 1376 235 1379 ’
283 1392 338 1431 15.
358 1380 438 1416 Sive
450 1380 527 1431 quis
547 1378 815 1428 Antilochum]
830 1377 947 1414 Recte
959 1377 1105 1415 excusat
1115 1377 1274 1414 Penelo-

227 1444 303 1483 pen
331 1430 531 1469 Parrhasius
557 1458 567 1474 ‚
595 1428 768 1479 recteque
791 1429 840 1466 ita
861 1428 1061 1477 legendum
1083 1427 1276 1465 contendit

228 1492 358 1521 contra
370 1482 542 1519 Politiani
554 1481 786 1529 opinionem.
799 1479 885 1517 Fuit
895 1488 1019 1516 autem
1035 1491 1073 1516 re
1093 1491 1178 1516 vera
1192 1479 1272 1515 An·

229 1534 389 1572 tilochus
411 1532 573 1569 Nestoris
592 1530 684 1568 filius
703 1529 723 1567 a
745 1531 957 1567 Memnone
968 1529 1274 1567 occisusAiiROi·

231 1587 284 1633 Q.
304 1586 501 1632 Smyrneus
522 1583 582 1620 lib.
601 1595 648 1619 11.
669 1581 983 1627 πκροιλειπομένων
1009 1581 1181 1618 Homeri.
1210 1580 1272 1617 De

230 1636 307 1675 hoc
335 1643 461 1671 autem
488 1633 695 1670 Antilocho
718 1631 767 1671 fic
780 1631 1068 1681 Tryphiodorus
1087 1631 1132 1669 de
1145 1630 1275 1668 1111611-

234 1685 356 1724 cidio:

287 1743 500 1797 Ἀντιλόχῳ
520 1744 551 1784 δ’
572 1747 635 1787 ἐπῖ
665 1747 771 1786 παιδὶ
790 1748 899 1795 γέρων
916 1747 1068 1794 ὠδύρετο
1089 1745 1253 1792 Neo-vij

235 1813 338 1851 (Σ1ο1Ε
346 1813 658 1851 anusl'olitianus
670 1813 707 1850 in
720 1813 963 1850 Miscellaneis
973 1812 1031 1859 76.
1042 1812 1141 1848 hunc
1150 1811 1277 1847 locum

232 1864 488 1912 itainterpolat
502 1891 512 1908 ‚
532 1871 573 1900 ut
593 1862 689 1900 dicat
704 1891 714 1907 ‚
730 1863 930 1912 legendum
954 1861 1253 1911 Amphimachum
1268 1887 1278 1903 ,

235 1927 304 1964 pro
317 1913 517 1951 Antilocho.
541 1913 844 1964 Amphimachum
856 1914 955 1951 enim
974 1913 1017 1950 ab
1039 1912 1206 1949 Hefftore
1224 1913 1281 1949 vi-

236 1966 338 2003 «stum
355 1993 364 2009 ‚
377 1977 419 2002 ac
430 1965 571 2002 caesum
587 1992 597 2007 ‚
610 1966 653 2002 ab
665 1966 840 2002 Homero
850 1964 942 2002 tradi
954 1963 1087 2001 iliados
1101 1975 1156 2012 13.
1170 1962 1282 1999 Anti-

235 2016 371 2053 lochum
396 2024 521 2053 autem
550 2016 712 2053 Nestoris
732 2028 754 2052 a
783 2017 994 2053 Memnone
1021 2014 1204 2054 occisum,
1241 2019 1282 2050 ut

235 2069 314 2116 Qu.
343 2066 495 2104 Calaber
512 2067 621 2104 refert
646 2067 708 2104 lib.
735 2079 780 2104 11.
809 2065 879 2103 Sed
901 2078 972 2114 ego
993 2077 1077 2102 cum
1096 2062 1280 2101 Parrhasio

235 2117 353 2155 sentio
367 2146 377 2161 ‚
405 2118 468 2167 qui
488 2117 608 2154 censet
628 2118 702 2154 hoc
721 2116 890 2154 muliebri
911 2117 1049 2153 decoro
1068 2115 1216 2157 datum,
1239 2122 1282 2151 ut

235 2169 427 2216 Penelope
443 2168 599 2217 fingatur
618 2167 639 2205 ὲ.
661 2179 746 2205 vera
763 2167 910 2204 historia
929 2168 1158 2216 aliquantum
1178 2164 1281 2202 aber-

238 2231 316 2257 rare
335 2247 344 2262 ,
373 2221 409 2256 &
431 2231 499 2267 pro
520 2220 729 2255 Memnone
752 2217 959 2255 Hetfiorcm
981 2227 1143 2254 narrare:
1175 2227 1286 2264 quus‘

237 2282 381 2307 nomen
401 2269 617 2313 illi-notius,
644 2281 757 2318 quam
783 2269 1001 2306 Memnonis
1033 2265 1156 2311 fuisse,
1185 2267 1283 2304 veri.-v

238 2320 356 2358 simile
383 2319 436 2357 sit.
475 2320 565 2357 Sunt
588 2328 711 2357 autem
743 2320 806 2362 &‚
835 2319 899 2368 qui
927 2317 1178 2354 Archilochum
1214 2329 1281 2366 pro

238 2369 429 2409 Antilocho
447 2379 648 2419 reponant,
677 2382 722 2407 ex
754 2371 896 2407 Daretis
917 2370 1110 2407 autoritate
1136 2368 1284 2406 scilicet.

238 2421 313 2460 Sed
342 2420 448 2459 facile
477 2421 525 2458 est
553 2420 652 2458 aliud.
675 2433 816 2458 nomen
845 2433 912 2469 pro
940 2421 1012 2457 alio
1033 2419 1228 2468 affingere,
1257 2419 1283 2456 si

239 2474 321 2522 quis
351 2471 371 2509 a
398 2472 536 2509 vetusta
562 2471 724 2509 leelione
754 2472 817 2509 fibi
842 2470 985 2509 temere
1022 2470 1282 2508 discedendum

243 2523 437 2561 existimet.
455 2521 571 2571 Quod
591 2530 721 2560 autem<
739 2523 840 2571 supra
861 2522 953 2559 dixit
974 2522 1161 2570 Penelope
1175 2550 1186 2566 ‚
1208 2521 1284 2557 Fle-

241 2574 322 2611 bam
342 2572 487 2622 succeffu
512 2571 597 2623 posse
622 2586 732 2610 carcre
748 2573 858 2609 dolos.-
895 2573 1112 2621 generaliter
1129 2572 1281 2621 quidem

242 2625 333 2662 dixit
346 2624 413 2669 ,ad
432 2625 589 2661 Patrocli
610 2624 731 2662 casum
749 2624 1135 2672 respiciensPrivatim
1157 2632 1283 2660 tamen

242 2677 281 2712 &
302 2675 346 2712 ad
374 2674 508 2723 Ulyssis
528 2674 668 2712 astutias
688 2677 726 2712 ὅ(
744 2676 972 2712 vaframenta
992 2673 1107 2711 allusit
1122 2701 1131 2717 ,
1167 2675 1285 2712 vereri

241 2727 277 2762 se
298 2726 478 2769 iimitem,
506 2738 553 2762 ne
576 2725 667 2763 illius
690 2737 842 2775 quoque
867 2725 943 2762 doli
962 2726 1000 2762 &
1033 2724 1179 2761 astutiae
1207 2737 1285 2761 non

237 2776 382 2825 semper
409 2775 560 2813 eosdem
586 2775 760 2814 successus
793 2776 962 2814 habeant.
1007 2777 1182 2814 Micrtt.
1218 2776 1291 2812 Po-

240 2827 386 2865 litianus
423 2827 461 2863 in
497 2825 754 2865 Miscellaneis
782 2825 1084 2877 Amphimachum
1120 2827 1284 2874 reponit:

242 2876 348 2926 quod
382 2876 628 2914 Antilochum
658 2876 678 2914 Ξι
718 2879 929 2915 Memnone
967 2877 1127 2914 occisum
1151 2905 1160 2921 ,
1207 2889 1284 2914 non

245 2928 290 2964 ab
320 2928 486 2965 Hectore
508 2956 518 2973 ‚
552 2936 629 2965 tam
662 2929 853 2966 Homerus
874 2957 883 2973 ,
929 2939 1040 2978 quam
1080 2929 1129 2976 Q.
1179 2928 1284 2965 Cala-

246 2979 309 3015 ber
324 3006 333 3022 ,
370 2978 501 3027 Dictys
527 2978 707 3016 Cretensis
727 3008 738 3024 ,
766 2979 938 3016 Pindarus
961 3007 971 3022 ,
1006 2980 1113 3028 l'yth.
1135 2977 1208 3016 Od„
1231 2991 1283 3015 vt.

248 3029 307 3066 alii
336 3028 519 3066 testentur.
575 3030 615 3066 In
645 3031 823 3067 contraria
851 3031 918 3068 ivit
949 3030 1065 3076 janus.
1085 3029 1299 3067 Parrhasius

249 3078 452 3127 Epillolicis
484 3080 787 3126 Quaestio-mbas,
816 3080 924 3128 Epist.
949 3093 1007 3129 29.
1037 3089 1076 3116 ut
1097 3082 1135 3117 «Sc
1159 3080 1286 3116 Ciofa-

246 3141 326 3169 nus.
365 3129 474 3166 Certe
503 3130 675 3178 Hyginus
694 3132 764 3168 fab.
792 3143 908 3168 cxiii.
932 3131 975 3168 ab
997 3131 1163 3168 Hectore
1188 3131 1289 3168 occi-

248 3180 327 3216 sum
356 3179 498 3223 innuit,
535 3183 572 3216 ὅ(
600 3192 685 3218 cum
713 3182 856 3219 Ovidio
881 3182 950 3219 hac
969 3182 1006 3219 in
1027 3193 1064 3218 re
1087 3181 1287 3226 consentit,

249 3242 462 3280 quanquam
492 3231 602 3280 paulo
620 3241 728 3276 ante,
758 3233 826 3270 fab.
853 3233 1027 3270 nimirum
1048 3245 1145 3269 cxii.
1166 3231 1287 3269 diver-

245 3284 323 3334 ‚iam
343 3282 563 3332 opinionem
583 3281 734 3323 secutus¹
761 3283 908 3324 Vossius
933 3283 1031 3323 Artis
1062 3283 1286 3324 Grammati-

597 970 906 1045 Tlepolemi
929 971 1040 1024 leto
1062 985 1189 1022 cura
1209 979 1404 1021 novata
1424 982 1544 1020 mea
1567 963 1651 1020 est.

2259 1038 2379 1096 De-v<

1333 1169 1397 1195 cae
1423 1156 1486 1195 lib.
1511 1169 1559 1196 11.
1587 1167 1663 1206 cap.
1689 1170 1797 1196 xxw.
1822 1157 1871 1196 ita
1898 1157 2027 1196 locum
2053 1162 2178 1194 tuetur
2205 1152 2374 1193 adversus

1333 1208 1560 1246 Politianum
1582 1235 1593 1252 ‚
1621 1215 1662 1245 ut
1688 1209 1830 1246 victum
1858 1208 1902 1246 ab
1930 1208 2098 1245 11661016
2125 1205 2374 1244 Antilochum

1331 1258 1473 1308 liquere
1494 1258 1702 1297 'contendat
1730 1271 1774 1297 ex
1795 1259 1871 1309 ipso
1894 1259 2069 1297 Homero
2084 1256 2206 1302 ,Ili-ad.
2225 1257 2274 1293 N.
2292 1268 2374 1302 177.

1335 1310 1446 1346 Certe
1466 1309 1514 1347 est
1531 1309 1629 1348 aliud
1638 1310 1867 1355 vinci‚aliud
1887 1309 2020 1348 occidi.
2038 1309 2248 1346 Hnmsius.
2267 1306 2377 1345 Idem

1328 1360 1361 1407 J.
1375 1360 1522 1399 Vossius
1532 1361 1593 1398 lib.
1614 1374 1641 1398 1.
1658 1360 1801 1399 Poetic.
1822 1361 1948 1398 Inst.c.
1968 1372 2002 1409 3.
2023 1358 2253 1396 verisimilius
2272 1365 2378 1406 putat

1329 1411 1527 1449 adscribere
1544 1412 1643 1450 hunc
1654 1423 1815 1449 errorem
1826 1423 1905 1448 nori
1913 1411 2068 1453 Poetae,
2078 1408 2139 1447 sed
2154 1407 2376 1456 simplicitati

1331 1462 1533 1511 Penelopes
1548 1463 1738 1512 ,quamvis
1759 1474 1850 1499 mox
1872 1472 2024 1511 quoque
2044 1461 2118 1497 1106
2146 1460 2181 1497 61
2212 1458 2385 1507 frigidius.

1330 1513 1508 1551 videatur.
1530 1514 1569 1551 &
1590 1514 1760 1551 Schottus
1782 1513 1842 1550 lib.
1873 1525 1935 1550 111.
1965 1511 2104 1549 observ.
2130 1523 2190 1556 40.
2204 1510 2284 1559 jani
2308 1509 2376 1547 ob-

1329 1563 1486 1602 servavit
1501 1593 1511 1609 ,
1530 1564 1628 1602 aliud
1649 1563 1719 1602 effe
1736 1563 1879 1601 victum
1893 1591 1904 1609 ,
1931 1562 2029 1600 aliud
2052 1561 2212 1600 occisum
2233 1589 2243 1604 ,
2272 1561 2311 1597 &
2330 1572 2393 1599 ex.

1332 1615 1508 1652 Homero
1526 1616 1706 1663 probavit.
1717 1614 1894 1652 Nicolaus
1914 1610 2377 1661 Loens.Epiphy11.lib.11.

1332 1677 1391 1701 22.
1414 1667 1453 1701 &
1476 1666 1606 1701 Alciat.
1634 1677 1663 1700 1.
1683 1664 2088 1712 Parerg.6.Penelopae
2105 1674 2266 1699 errorem
2276 1662 2378 1699 hunc

1332 1727 1352 1752 a
1378 1715 1498 1752 Poeta
1524 1711 1661 1751 decore
1689 1713 1798 1750 tribui
1819 1721 1968 1751 tuentur
1990 1741 2000 1756 ‚
2037 1713 2076 1750 &
2101 1712 2278 1761 exemplis
2297 1712 2379 1750 illu-

1333 1765 1451 1802 strant.
1498 1765 1668 1810 Schoppa
1692 1763 1945 1799 Archilochum
1973 1761 2168 1805 emendat,
2196 1763 2282 1810 quia
2301 1763 2394 1800 Da«

1334 1826 1389 1851 res
1411 1814 1588 1864 Phrygius
1606 1813 1706 1852 1111116
1725 1812 1768 1851 ab
1790 1812 1956 1850 Hectore
1975 1812 2135 1850 occisum
2159 1813 2269 1849 refert
2299 1823 2378 1861 cap.

1335 1879 1395 1902 xx.
1423 1865 1483 1902 sed
1514 1866 1610 1903 futili
1634 1865 1688 1902 isti
1715 1864 1879 1913 scriptori
1900 1865 1979 1913 quis
1996 1862 2143 1901 credat?
2172 1875 2257 1902 611111
2279 1862 2380 1901 idem

1337 1916 1453 1964 capite
1473 1928 1587 1952 xvm.
1616 1915 1883 1965 Archilochum
1908 1927 1994 1952 cum
2018 1914 2140 1952 Rheso
2152 1926 2196 1951 ex
2217 1913 2392 1952 Thracia.
2422 1953 2431 1958 ,

1336 1967 1481 2004 Priamo
1498 1967 1675 2004 auxilium
1694 1963 1811 2004 tuliffe
1833 1966 1979 2003 referat.
2003 1966 2055 2003 At
2076 1965 2266 2002 Homerus
2279 1964 2382 2003 iliad.

1338 2017 1377 2054 B.
1401 2017 1484 2054 822.
1505 2030 1593 2055 eum
1613 2018 1814 2054 Antenoris
1826 2016 1942 2054 filium
1956 2017 2073 2054 faciat.
2101 2015 2277 2064 Josephus
2287 2027 2380 2053 veto

1339 2068 1496 2106 Iscanius
1515 2068 1574 2105 lib.
1595 2080 1630 2104 v.
1647 2067 1688 2111 ψ.
1703 2079 1789 2117 307.
1806 2066 2016 2104 Archiloum
2034 2075 2146 2104 vocat
2167 2067 2211 2103 ab
2232 2065 2393 2104 Hecto-³

1336 2131 1374 2156 re
1394 2119 1555 2157 occisum
1569 2146 1578 2162 ‚
1606 2118 1669 2156 ubi
1685 2126 1813 2156 tamen
1833 2117 1979 2155 codices
1999 2119 2037 2155 &
2067 2116 2247 2154 editiones
2267 2129 2381 2167 quae-

1339 2170 1423 2208 dam
1437 2168 1691 2206 Archilochum
1700 2181 1852 2219 quoque
1864 2168 2049 2206 exhibent.
2068 2168 2245 2218 Denique
2262 2168 2380 2206 Mun·
2406 2168 2411 2177 ⁸

1336 2221 1443 2259 lterus
1473 2220 1519 2258 ad
1549 2221 1690 2269 Hygin.
1738 2220 1857 2257 sabula
1898 2232 2015 2257 cxiii.
2051 2219 2271 2268 conjiciebat
2296 2224 2384 2256 An·

1336 2271 1511 2316 chiahim,
1524 2283 1638 2321 quein
1661 2283 1747 2309 cum
1771 2270 1964 2308 Menesthe
1984 2270 2028 2308 ab
2049 2270 2217 2308 Hectore
2237 2270 2382 2309 caesum

1335 2324 1445 2360 refert
1463 2323 1653 2360 Homerus
1675 2321 1775 2360 Iliad.
1804 2322 1846 2359 E.
1858 2322 1942 2369 609.
1972 2320 2043 2358 Sed
2073 2322 2153 2370 quis
2175 2333 2253 2358 non
2285 2321 2383 2359 Ovi-

1338 2373 1441 2411 dium
1464 2374 1553 2412 alios
1564 2373 1746 2411 Austores
1767 2372 1931 2410 secutum
1945 2401 1955 2416 ,
1975 2378 2116 2420 praeter
2141 2372 2356 2410 Homerum
2369 2400 2394 2417 ,,

1339 2424 1528 2474 praestabit
1545 2453 1555 2469 ,
1568 2436 1651 2462 cum
1669 2425 1707 2462 in
1724 2423 1898 2472 Mythica
1915 2423 1974 2462 illa
1993 2422 2155 2460 Historia
2176 2430 2235 2460 tot
2251 2422 2382 2461 discre-

1340 2477 1462 2524 pantia
1480 2475 1623 2514 tradant
1640 2472 1809 2513 veteres?
1824 2474 1896 2511 Vel
1906 2474 1986 2523 quis
2003 2485 2156 2523 quoque
2166 2484 2245 2511 non
2262 2473 2380 2522 ipsum

1339 2527 1496 2564 Poetam
1528 2524 1654 2564 errasse
1685 2526 1787 2563 fateri
1811 2523 1922 2562 vellet
1953 2522 1968 2561 ?
2016 2525 2126 2562 Certe
2159 2536 2236 2562 non
2266 2525 2394 2574 magis.

1340 2590 1425 2614 eum
1448 2579 1576 2615 erroris
1592 2578 1802 2615 immunem
1821 2576 1994 2619 statuam,
2024 2574 2139 2625 quam
2158 2575 2400 2624 diligentiffi-·

1341 2640 1446 2665 muni
1475 2629 1703 2666 Historicum
1724 2628 1938 2676 Nepotem,
1967 2627 2031 2676 qui
2048 2627 2087 2664 in
2114 2627 2186 2665 vita
2208 2627 2383 2664 'Datamis

1343 2681 1431 2726 caps,
1442 2692 1484 2715 ii.
1495 2679 1611 2716 scribit
1626 2708 1636 2724 ,
1647 2680 1908 2728 Pylaemenem
1920 2690 1939 2716 a
1948 2676 2117 2715 Patroclo
2130 2675 2396 2722 interfectum..

1344 2741 1459 2779 quem
1480 2741 1498 2766 a
1524 2730 1701 2767 Menelao
1731 2729 1875 2767 caesum
1893 2729 2083 2766 Homerus
2103 2727 2209 2764 canit.
2226 2726 2354 2765 BunM.

1404 2782 1457 2815 16.
1487 2781 1611 2829 Caussa
1629 2780 1793 2828 timoris]
1808 2779 1997 2818 Praecessit
2009 2776 2125 2815 modo
2139 2790 2146 2814 :
2161 2777 2379 2825 Resastfiilli·

1343 2830 1402 2866 citi
1414 2830 1516 2878 plena
1537 2832 1671 2867 timoris
1687 2844 1805 2873 amor,
1835 2832 1873 2868 &
1891 2831 1950 2867 hic
1967 2830 2004 2866 in
2027 2825 2108 2865 Mff.
2120 2828 2273 2866 Gerardi
2285 2828 2383 2868 Vos·

1342 2880 1378 2917 sii
1403 2880 1502 2929 causti
1522 2881 1656 2918 doloris.
1694 2882 1864 2918 Francius
1889 2882 1927 2918 in
1949 2891 2011 2916 ora
2031 2877 2166 2915 codicis
2184 2879 2235 2916 sui
2253 2879 2380 2929 conje-

1341 2942 1459 2975 cerat7
1482 2931 1590 2980 caussa
1618 2932 1784 2968 tremoris.
1813 2931 1905 2969 Non·
1922 2930 2037 2973 male,
2065 2940 2159 2977 quae
2179 2941 2254 2967 vox
2277 2929 2382 2979 saepe

1340 2994 1425 3019 cum
1447 2983 1566 3018 timore
1586 2983 1655 3020 fuit
1673 2988 1911 3020 commutata.
1930 2979 2028 3018 Vide
2039 2979 2101 3017 inf.
2123 2980 2231 3029 Epist.
2244 2991 2308 3018 111.
2322 2980 2394 3019 8ι.,

1342 3033 1484 3070 &alibi
1515 3033 1770 3071 sslluMANNtlS.

1399 3095 1452 3128 17.
1482 3083 1754 3132 Menoetiaden]
1793 3080 2000 3120 Patroclum
2040 3081 2226 3118 Menoetii
2252 3080 2383 3119 filium:

1345 3134 1535 3170 Homerus
1561 3134 1621 3171 lib.
1651 3146 1730 3171 xvx.
1767 3132 1868 3170 Iliad.
1906 3134 1944 3170 ὃ(
1972 3132 2144 3182 Hyginus
2180 3143 2256 3179 cap.
2298 3143 2379 3171 cvi.

1344 3184 1560 3221 Cioranus.

1398 3246 1453 3281 19.
1485 3233 1653 3284 Lyciam]
1666 3235 1818 3284 Propter
1830 3234 2077 3284 Sarpedonem
2088 3234 2226 3282 Lyciae
2237 3237 2382 3281 regem}

1342 3288 1407 3336 qui
1425 3285 1695 3337 Tlepolemum
1720 3286 1922 3334 interfecit,
1943 3285 1963 3325 a
1981 3283 2149 3327 Patroclo
2167 3283 2239 3333 ipse
2253 3284 2379 3341 postea
2396 3298 2400 3303 ·

2263 3342 2380 3381 inter-
