2553 3676
807 193 868 248 P.
942 189 1354 249 OVIDII

1427 186 1954 245 NASONIS

615 279 891 351 [Admovi
912 280 1126 351 Jugulo;
1169 276 1275 331 fine
1297 293 1384 329 me
1411 275 1503 330 tibi
1531 294 1654 330 vera
1676 277 1858 339 fateri3

685 353 927 408 Admovi
945 351 1134 422 jugulo
1159 351 1258 404 tela
1283 362 1499 420 paterna
1524 353 1670 418 tuo]

614 426 721 482 Sed
750 426 912 478 timor
939 424 996 476 ἃ
1019 423 1186 494 pietas
1211 421 1514 475 crudelibus
1538 420 1738 475 obstitit
1762 422 1915 476 ausis:

508 517 574 565 50

686 496 947 569 Castaque
973 494 1283 549 mandatum
1309 492 1496 545 dextra
1521 491 1717 561 refugit
1743 511 1891 565 opus,

613 570 918 641 Purpureos
940 567 1127 621 laniata
1151 566 1285 619 smus
1299 601 1313 625 ‚
1349 562 1538 639 laniata
1563 564 1804 633 capiHOS,

685 641 903 713 Exiguo
929 640 1041 694 dixi
1068 638 1185 691 talia
1208 634 1369 688 verba
1393 634 1551 687 sono:
1855 651 1861 656 ·

613 714 836 777 SaeVuS,
875 706 1324 783 Hypermnestra,
1360 718 1510 777 pater
1534 706 1608 760 est
1631 706 1742 761 tibi.
1775 707 1902 778 jussa
1924 709 2154 782 parentis

686 784 880 840 Effice.

922 779 1184 852 germanis
1209 778 1268 832 fit
1294 795 1475 831 comes
1502 779 1595 832 iste
1616 778 1733 833 suis,

507 875 571 927 55
609 858 830 912 Femina
855 855 995 916 sum,
1037 853 1092 905 &
1119 851 1303 922 virgo3
1344 862 1530 905 natura
1558 852 1726 914 mitis,
1766 851 1821 904 δε
1845 854 2008 908 annis,

687 930 817 985 Non
844 926 1046 982 faciunt
1071 923 1255 979 molles
1281 921 1350 977 ad
1374 920 1486 977 fera
1514 924 1616 978 tela
1638 941 1836 979 manuS.

375 1138 440 1171 Ter
457 1141 596 1170 conatus
614 1130 661 1167 ibi
681 1130 761 1167 collo
777 1130 860 1167 dare
880 1128 1022 1167 brachia
1041 1126 1191 1171 circum3

374 1190 439 1220 Ter
450 1183 583 1230 frustra
603 1181 775 1231 comprcffiz
798 1194 923 1217 manus
940 1180 1054 1229 effugit
1071 1180 1193 1226 imago.

323 1234 373 1273 Et
399 1235 587 1270 Homerus
619 1233 679 1269 Ilia
697 1241 718 1269 l.
735 1236 774 1267 Σ.
804 1243 879 1268 uon
899 1230 1012 1279 longe
1031 1230 1075 1266 ab
1094 1230 1200 1266 initio
1219 1226 1264 1265 de
1284 1227 1366 1264 He-

324 1284 514 1332 ·ftore,qui
534 1292 588 1319 ter
604 1283 757 1320 tentavit
773 1282 924 1318 Patrocli
944 1281 1096 1318 cadaver
1114 1280 1269 1327 arripere
1286 1289 1366 1325 rap-

320 1334 497 1381 tandum:
520 1335 602 1375 Tpe
623 1337 688 1378 μὲν
710 1347 765 1371 μιν
784 1336 978 1377 pas-romeos
998 1329 1108 1366 πεδῶν
1132 1329 1229 1375 λάβε
1246 1326 1368 1375 Φαίδι-

324 1397 387 1429 μος
408 1377 555 1425 Ἕκτωρ.
587 1383 802 1419 CiorANus.

376 1435 434 1479 46.
464 1433 602 1469 Decidit
620 1433 692 1482 ense
711 1433 866 1482 manus]
889 1432 1048 1468 Concidit
1069 1443 1112 1467 ex
1132 1430 1266 1477 scriptis
1288 1441 1366 1467 non

322 1485 442 1533 pauci.
471 1496 562 1521 unus
595 1484 784 1521 l'atavinus
806 1483 934 1519 cecidit.
966 1485 1163 1519 Puteaneus
1192 1480 1367 1517 mendose

322 1534 478 1571 tetendit.
512 1534 676 1572 Emenda
705 1533 835 1569 recidit.
878 1534 935 1570 Est
965 1535 1063 1570 enirn
1099 1531 1268 1579 ambigua
1296 1531 1368 1578 pri-

324 1594 385 1620 ma
411 1584 540 1632 syllaba
564 1613 573 1627 ,
610 1594 649 1622 ut
681 1585 883 1632 Giplianius
920 1585 955 1619 in
988 1582 1113 1618 Indice
1144 1581 1367 1618 Lucretiano

319 1634 399 1683 jam
425 1635 584 1670 monuit.
609 1634 762 1670 Remed.
781 1634 869 1670 Am.
890 1632 958 1668 611

377 1684 508 1720 Recidit
523 1712 532 1728 ‚
562 1694 601 1720 ut
624 1683 755 1733 cupidos
773 1684 864 1719 inter
884 1682 1024 1719 devenit
1044 1691 1214 1719 amantes.

325 1733 385 1771 Sic
417 1736 631 1771 veterrimus
660 1734 779 1771 codex
813 1734 946 1781 Regius
968 1761 978 1776 ‚
1015 1732 1081 1769 nisi
1106 1732 1209 1781 quod
1237 1733 1275 1769 in
1305 1731 1368 1768 illo

325 1784 478 1821 Reccidit
501 1812 510 1826 ,
538 1784 735 1833 quomodo
768 1784 893 1831 passim
926 1782 1139 1819 vetustiores
1168 1782 1250 1818 libri
1279 1793 1371 1817 con-

323 1833 476 1876 stanter,
504 1843 580 1870 tam
609 1834 704 1882 apud
727 1833 902 1870 Nostrum
926 1844 1039 1880 quam
1062 1833 1151 1868 alios
1163 1831 1368 1880 scriptores,

325 1892 368 1922 ut
389 1885 428 1921 ὅ(
448 1885 485 1921 in
506 1883 653 1921 rettulit.
675 1885 830 1920 Metam.
850 1883 898 1919 lib
929 1894 980 1918 vx.
1006 1894 1086 1918 212.
1125 1914 1143 1936 ἲ

716 1932 841 1983 Vosque
857 1932 899 1978 est
911 1931 1093 1981 postponere
1113 1932 1207 1967 natis

376 1985 481 2035 Ausa
493 1986 568 2036 suis
580 2000 590 2028 ;
619 1995 662 2024 (9³
679 1997 732 2023 me
752 1982 867 2032 (quod
885 1983 923 2019 in
943 1982 1052 2031 ipsam
1072 1982 1229 2030 recidat)
1252 1981 1371 2019 orbam

381 2036 499 2073 Dixit.

328 2087 415 2125 Lib.
439 2099 472 2124 x.
491 2086 536 2124 de
554 2086 608 2124 18.
628 2086 745 2123 Orco.

383 2143 423 2173 In
444 2151 546 2187 quem
565 2137 747 2172 recidimus
767 2135 939 2185 quidquid
960 2136 1107 2172 mortale
1128 2146 1295 2171 creamur.

326 2186 377 2227 Et
394 2199 483 2225 mox
510 2187 588 2224 180.

379 2238 514 2275 Recidit
534 2238 572 2275 in
584 2236 737 2286 solidam
758 2236 851 2286 longo
866 2236 935 2285 post
956 2244 1099 2285 tempore
1119 2244 1250 2271 terram

383 2289 532 2326 Pondus.

328 2339 391 2378 Sic
419 2339 502 2376 loca
527 2339 586 2385 illa
616 2340 653 2377 in
685 2337 987 2387 praestantissimis
1007 2336 1193 2374 codicibus
1214 2333 1374 2374 scribun-

329 2396 398 2428 tur.
427 2389 625 2438 quomodo
647 2391 683 2427 δὲ
705 2390 764 2426 ille
784 2388 944 2436 Epistola
965 2388 1137 2425 Acontii:

384 2440 576 2476 Reciderint
595 2439 736 2476 humero
750 2438 862 2488 pallia
880 2438 972 2488 lapsa
990 2451 1074 2475 meo.

331 2490 499 2539 Propert.
523 2503 576 2528 iv.
598 2490 770 2539 Eleg.‘1x.

388 2541 521 2577 Recidit
539 2541 642 2590 inque
654 2541 732 2588 suos
751 2538 866 2587 mensa
881 2538 1005 2589 supina
1020 2539 1127 2588 pedes.

336 2590 394 2629 Ita
417 2591 562 2629 codices
582 2591 710 2638 scripti.
738 2590 904 2636 Juvenal.
927 2590 999 2626 Sat.
1017 2602 1085 2626 xn.
1106 2600 1164 2638 54.

629 2646 724 2677 Tunc
740 2637 892 2689 adversts
909 2639 1106 2688 urgentibus
1122 2639 1205 2676 illuc

392 2691 534 2729 Recidit.

341 2740 498 2779 Rutilius
521 2743 643 2779 itiner.
665 2742 723 2780 sed
744 2741 880 2780 diversa
904 2741 1074 2778 nonnihil
1092 2738 1379 2789 significatione:

393 2794 494 2838 1ζ”,ζιιτιε
511 2791 657 2840 lepidum
681 2794 776 2829 toties
797 2792 917 2828 recidit
936 2796 1009 2840 ense
1030 2791 1177 2827 malum.

342 2841 421 2880 Nisi
447 2844 549 2890 quod
577 2842 649 2878 illic
679 2843 811 2890 rescidit
842 2856 862 2879 a
898 2842 1045 2891 rescindo
1075 2841 1220 2878 videtur
1249 2839 1381 2877 debere

341 2894 486 2940 corrigi.
518 2892 698 2929 Ausonius
720 2893 983 2930 Parentalibus:

509 2947 659 2988 Regnum
682 2956 758 2977 cum
785 2943 973 2978 Victorinus
993 2941 1131 2978 haberet

395 2992 529 3035 Vib‘t‘or,
556 3002 598 3030 (7¹
617 2992 654 3026 in
673 2992 814 3027 Tetricos
834 2993 953 3027 recidit
972 2992 1166 3039 imperium.

339 3041 446 3081 Plura
469 3042 513 3080 ad
536 3040 778 3078 Claudianum
801 3040 845 3076 de
866 3041 962 3076 bello
986 3041 1137 3077 Gildon.
1155 3053 1214 3086 44.
1241 3041 1286 3078 de
1306 3043 1380 3079 hoc

342 3094 471 3130 verbo.
500 3090 890 3129 H21Ns1us.Vid.lnf.
915 3102 941 3124 1.
958 3091 1086 3125 Amor.
1109 3091 1253 3125 v11.62.

399 3154 457 3189 417.
487 3148 542 3179 At
579 3140 694 3190 rursus
719 3140 859 3177 monitis
886 3138 1042 3188 juffuque
1080 3141 1192 3174 coma
1226 3140 1380 3187 parentis

345 3192 609 3242 Λάκωσι]
629 3192 746 3229 Aliter
760 3219 769 3235 ,
790 3192 827 3227 &
846 3191 940 3226 forte
959 3190 1145 3238 aliquanto
1166 3190 1379 3238 elegantius,

344 3245 406 3285 hic
432 3245 535 3283 locus
552 3244 590 3283 in
604 3239 710 3282 MSS.
726 3253 803 3292 quo
822 3239 900 3281 usus
919 3240 1037 3280 fuerat
1057 3240 1116 3280 vel
1128 3240 1307 3290 Scaliger,
1321 3242 1379 3282 vel

2309 997 2456 1070 Quin

1420 1126 1636 1176 quicunque
1655 1127 1724 1165 fuit
1738 1155 1748 1172 ,
1783 1128 1846 1177 qui
1870 1126 2039 1177 Scaligeri
2057 1125 2226 1165 codicem
2247 1137 2334 1165 cum
2352 1124 2461 1173 MSS,

1423 1178 1627 1215 contulerat
1639 1207 1649 1222 ‚
1670 1178 1855 1227 legebatur
1868 1192 1877 1216 ;

1474 1228 1636 1265 Admovi
1646 1229 1786 1277 jugulo:
1807 1228 1883 1278 sine
1900 1243 1952 1265 me
1972 1228 2035 1265 tibi
2054 1241 2138 1266 vera
2149 1227 2284 1275 fateri.-

1526 1280 1687 1315 Admovi
1698 1279 1817 1328 jugulo
1838 1280 1906 1316 tela
1923 1289 2069 1328 paterna
2091 1290 2160 1316 tuo.

1474 1330 1537 1365 Sed
1558 1330 1663 1366 timor
1682 1343 1724 1369 ω’
1736 1331 1848 1379 pietas
1867 1330 2059 1367 crudelibus
2073 1359 2083 1374 ‚
2111 1342 2182 1369 effic.

1422 1379 1525 1416 DAN.
1559 1381 1767 1418 HEINSIUS.
1806 1382 1939 1429 Longe
1966 1381 2073 1418 aliam
2103 1381 2305 1418 lectionem
2333 1380 2466 1424 Putea-⁸,

1421 1441 1510 1467 neus
1529 1431 1618 1468 liber
1637 1444 1722 1469 cum
1740 1432 1815 1469 aliis
1835 1431 2050 1480 quibusdam
2067 1432 2127 1468 hic
2150 1432 2317 1468 exhibet:

1474 1480 1637 1518 Admovi
1649 1482 1768 1531 jugulo
1786 1481 1876 1531 (fine
1895 1496 1948 1518 me
1964 1481 2028 1517 tibi
2047 1495 2132 1518 vera
2144 1481 2309 1530 fateri:)

1528 1532 1687 1569 Admovi
1701 1533 1821 1581 jugulo
1840 1532 1908 1568 tela
1923 1542 2069 1581 paterna
2090 1542 2159 1568 tuo.

1426 1582 1656 1619 Lineoln.ex
1677 1596 1754 1620 uno
1775 1582 1849 1619 duo
1865 1583 1926 1619 hic
1946 1583 2099 1619 faciebat
2119 1582 2290 1620 disticha:

1477 1631 1640 1669 Admovi
1651 1632 1772 1680 jugulo
1785 1660 1794 1675 ‚
1815 1630 1891 1680 fine
1909 1645 1962 1667 me
1980 1631 2044 1667 tibi
2064 1633 2269 1677 verafateri
2283 1660 2295 1677 ,

1532 1688 1651 1717 Mente
1659 1681 1758 1730 sequi
1776 1682 1854 1717 dira
1868 1681 1957 1730 juffa
1971 1691 2118 1731 paterna
2138 1683 2268 1720 volens.

1478 1732 1632 1768 Tandem
1654 1733 1751 1768 vicia
1771 1732 1838 1768 mei
1846 1733 1958 1781 saeva
1971 1731 2164 1779 formidine
2174 1732 2309 1782 patris,

1530 1783 1653 1818 Audeo
1667 1792 1724 1831 per
1736 1782 1899 1832 jugulum
1922 1783 1990 1818 tela
2009 1796 2143 1819 movere
2164 1793 2265 1818 tuum
2279 1811 2290 1826 ‚

1429 1833 1571 1870 Neuter
1596 1833 1775 1870 satisfacit.
1812 1833 2110 1880 expungendum
2137 1841 2260 1870 totum
2291 1831 2471 1871 distichon

1426 1892 1518 1930 puto
1542 1911 1552 1926 ‚
1590 1891 1719 1930 utpote
1747 1881 1948 1919 confictum
1982 1881 2002 1918 a
2032 1882 2170 1926 sciolo,
2199 1883 2262 1931 qui
2286 1882 2470 1931 superiora

1427 1944 1512 1969 cum
1541 1932 1773 1979 sequentibus
1799 1932 2033 1969 arbitrabatur
2058 1944 2135 1969 non
2159 1934 2365 1970 cohaerere.
2393 1936 2471 1973 Co-

1426 1981 1626 2019 haerebunt
1643 1989 1767 2019 autem
1790 1982 1933 2029 optime
1947 2010 1956 2025 ,
1985 1981 2009 2018 fi
2028 1995 2094 2030 pro
2115 1983 2178 2018 Sed
2194 1995 2348 2031 reponas
2368 1988 2428 2023 Et.

1480 2036 1522 2067 Et
1541 2032 1647 2067 timor
1667 2044 1710 2071 φ’
1725 2032 1834 2081 pietas
1853 2031 2045 2068 crudelibus
2065 2032 2191 2079 obstitit
2207 2032 2307 2082 ausis.

1428 2081 1644 2119 Hemsxus.

1480 2146 1536 2180 ςς.
1565 2139 1671 2176 Sum,
1699 2143 1742 2171 ω·
1772 2131 1907 2182 virga]
1938 2133 2118 2182 Quinque
2144 2133 2225 2170 libri
2253 2134 2294 2171 ‘rb
2325 2145 2368 2173 cy
2392 2147 2469 2174 non

1427 2183 1638 2231 agnoscunt.
1667 2183 1828 2221 venuste.
1867 2185 2075 2221 Hemsms.
2113 2184 2182 2221 Sed
2211 2196 2282 2233 ego
2313 2186 2472 2223 retinen-

1429 2233 1514 2271 dam
1535 2234 1706 2282 copulam
1730 2242 1842 2282 puto,
1874 2242 1912 2271 ut
1942 2234 2049 2282 Epist.
2070 2247 2140 2271 vn.
2164 2247 2242 2272 121.
2265 2235 2364 2271 Bellis
2376 2245 2472 2285 pere·
2538 2223 2541 2250 ²

1425 2283 1529 2332 grina
1551 2284 1743 2331 &femina
1769 2295 1890 2322 tentor.
1919 2284 2074 2332 Quine'e
2095 2285 2201 2322 Decl.
2221 2297 2471 2326 cccxxxvnx.
2537 2309 2540 2320 ι

1431 2334 1576 2371 Femina
1595 2348 1626 2371 es
1639 2362 1650 2379 ,
1678 2347 1723 2374 (φ’
1743 2348 1843 2371 anus.
1870 2335 2129 2373 BuRMANNus.

1484 2386 1545 2423 60.
1570 2385 1778 2435 Dominae]
1810 2386 1950 2422 Moreti
1968 2414 1977 2430 ‚
1994 2386 2207 2434 dominisus'.
2236 2387 2273 2424 &
2288 2385 2404 2435 poffet
2425 2387 2471 2427 de
2512 2386 2515 2388 ’
2536 2419 2553 2441 μ

1433 2435 1566 2474 Danao
1590 2437 1666 2484 capi
1682 2465 1692 2480 ‚
1719 2438 1781 2485 qui
1800 2436 1994 2473 tradiderat
2011 2437 2145 2474 ensem.
2165 2437 2257 2485 supr.
2277 2449 2368 2475 vers.
2394 2450 2449 2476 11.

1484 2488 1542 2525 61.
1570 2487 1669 2535 Qid
1688 2500 1838 2523 meruere
1856 2486 2023 2537 necem.]·
2035 2490 2114 2534 §Quo
2131 2488 2347 2525 Puteaneus.
2368 2488 2476 2527 bene.

1434 2537 1511 2576 Alii
1538 2538 1683 2575 codices
1709 2538 1817 2574 Haud
1838 2566 1850 2583 ,
1887 2541 1953 2574 An
1973 2566 1984 2582 ,
2019 2539 2058 2575 ὃς
2086 2544 2178 2575 Non.
2206 2538 2329 2575 Valet.
2357 2538 2475 2578 Fl-acc.
2534 2570 2535 2578 ,

1439 2600 1471 2626 1.
1501 2601 1584 2636 519.

1484 2642 1563 2687 Quo
1583 2639 1727 2688 Minyae
1746 2652 1896 2676 meruere
1914 2639 2038 2688 queri?

1435 2688 1490 2726 Ita
1518 2689 1660 2727 scribo:
1696 2702 1783 2727 nam
1814 2698 1918 2727 vetus
1944 2689 2063 2727 codex
2091 2690 2193 2741 quod.
2220 2689 2356 2738 vulgati
2379 2689 2475 2742 quid.

1438 2739 1610 2776 Prudent.
1633 2741 1803 2778 Cathem.
1825 2740 1944 2789 Hyni.
1961 2752 2030 2777 xxi.

1490 2792 1569 2837 Qo
1582 2791 1715 2839 profuit
1733 2800 1875 2826 tantum
1896 2790 2000 2836 nefas.

1438 2840 1494 2877 Ita
1516 2840 1768 2877 vetustissimus
1784 2841 1883 2877 liber.
1912 2840 2042 2889 Virgil.
2065 2852 2093 2877 1.
2120 2854 2200 2889 150.

1490 2892 1568 2938 Qeo
1588 2890 1710 2927 molem
1729 2891 1820 2927 hanc
1836 2890 2002 2926 immams
2018 2891 2094 2941 equi
2104 2891 2279 2938 statuere?

1439 2940 1542 2978 Idem
1565 2954 1632 2978 xxi.
1657 2942 1741 2987 879.

1516 2994 1594 3039 Qo
1612 2991 1729 3027 vitam
1746 2990 1840 3025 dedit
1858 3001 2059 3029 aeternam?

1486 3042 1545 3078 62.

2162 2994 2372 3034 Hemfflus.

1574 3044 1674 3089 <Quae
1700 3051 1818 3077 tamen
1848 3043 1997 3078 externis
2021 3043 2140 3079 danda
2161 3045 2280 3090 forent
2306 3043 2472 3096 generis]

1435 3090 1578 3128 Praeter
1604 3103 1749 3128 morem
1779 3091 2007 3129 Ovidi-anum
2028 3093 2101 3135 est,
2130 3103 2169 3131 ut
2201 3097 2236 3132 in
2250 3096 2470 3144 trisyllabum
2526 3090 2528 3123 ἶ

1436 3150 1542 3177 exeat
1569 3150 1808 3189 pentameter.
1837 3143 1936 3190 cujus
1967 3144 2136 3192 exempla
2160 3145 2299 3194 aliquot
2326 3146 2405 3183 sunt
2431 3148 2472 3184 in

1434 3191 1568 3228 ultimo
1611 3192 1687 3240 ejus
1728 3195 1945 3240 poematum
1979 3202 2101 3231 torno.
2146 3194 2206 3232 sed
2223 3195 2317 3232 nulla
2338 3224 2347 3237 ‚
2369 3195 2471 3244 quod
2524 3219 2526 3227 ι

1433 3241 1559 3288 sclam,
1578 3242 1617 3281 in
1637 3243 1711 3282 hoc
1732 3243 1877 3292 primo,
1891 3242 1957 3282 nisi
1979 3245 2076 3291 hoc,
2103 3246 2142 3284 ὃ(
2161 3245 2271 3294 Epist.
2287 3257 2366 3284 xxx.
2389 3258 2472 3290 204.
2524 3262 2525 3300 j

2376 3305 2472 3347 quae
2522 3310 2525 3345 ἰ

2532 2696 2534 2731 l
2548 2705 2553 2725 ι
