2553 3676
714 179 1251 242 AMORUM
1325 201 1447 238 ΜΒ.
1521 183 1559 240 I.

1636 207 1714 246 10.
2089 208 2180 264 373

246 302 270 339 1
279 302 308 353 ς
343 283 417 341 Et
443 298 576 355 puer
599 277 673 332 est
696 275 753 328 δε
776 270 951 327 nudus
975 271 1165 324 Amor.
1205 269 1579 330 finesordibus
1603 294 1794 344 annosi,

417 356 490 409 Et
514 350 675 406 nullas
699 344 898 406 veste8‚.
931 355 992 396 ut
1015 342 1074 396 fit
1099 356 1337 414 apertus,
1373 345 1547 401 habet.

355 424 503 499 Quid
527 434 752 493 puerum
778 415 1007 472 Veneris
1033 418 1210 487 pretio
1235 415 1469 485 prostare
1488 419 1718 488 jubetis?

421 497 549 568 Quo
576 491 811 563 pretium
838 488 1063 551 condat,
1099 505 1209 542 non
1235 488 1394 542 habet
1417 490 1505 544 ille
1532 491 1713 548 finum.

349 570 465 624 Nec
492 564 679 620 Venus
703 576 822 634 apta
846 562 1003 625 feris,
1038 560 1270 617 Veneris
1296 578 1396 616 nec
1423 563 1588 627 filius,
1622 568 1809 622 armis:

239 661 311 696 20

417 639 543 694 Non
569 636 728 691 decet
752 635 989 689 imbelles
1016 652 1136 688 aera
1161 651 1370 689 merere
1392 634 1561 691 Deos.

344 713 459 768 Stat
484 709 741 765 meretrix
767 720 920 762 certo
947 707 1113 761 cuivis
1139 706 1438 762 mercabilis
1463 726 1614 772 aere;

418 782 491 837 Et
514 783 723 836 miseras
743 780 878 852 juffo
904 796 1133 851 corpore
1160 780 1368 850 quaerit
1399 798 1542 852 opes,

343 856 596 911 Devovet
621 854 906 926 imperium
929 865 1108 906 tamen
1133 850 1263 905 haec
1287 852 1491 905 lenonis
1516 854 1684 909 avarI:

415 928 515 991 Et,
553 927 704 1000 quod
730 945 827 981 vos
852 924 1022 979 facitis
1048 924 1262 995 sponte,
1302 923 1482 977 coatia
1508 925 1651 980 facit.

236 1021 305 1076 25
343 1001 548 1057 Sumite
574 1001 628 1054 in
658 999 965 1070 exemplum
989 996 1225 1067 pecudes
1249 997 1457 1051 ratione
1482 1010 1743 1056 carentes,

415 1073 608 1146 Turpe
634 1072 736 1128 erit
759 1071 1036 1147 ingenium
1058 1068 1240 1126 mitius
1266 1069 1368 1126 esse
1390 1068 1535 1125 feris,

102 1292 137 1331 8.
164 1290 289 1341 resin]
314 1288 435 1327 Finxit
454 1287 572 1326 codex
595 1287 836 1328 Sarravianus.
863 1287 958 1326 forte
977 1285 1088 1343 reclei

54 1344 126 1384 vid.
156 1343 256 1392 Eleg.
286 1354 363 1378 xxv.
392 1340 425 1377 8.
456 1340 664 1377 Hnmsrus.
702 1340 893 1378 Efficacius
922 1338 970 1375 est
989 1339 1086 1384 sectr.

52 1396 100 1434 ita
126 1393 219 1430 Flor.
242 1405 286 1430 11.
309 1392 344 1429 6.
364 1397 528 1427 Fecerant
548 1389 588 1425 de
600 1390 775 1438 servitute
797 1397 975 1427 Romanos.
1001 1388 1087 1435 Just.

11 1456 12 1460 ¹
52 1445 110 1484 lib.
140 1454 267 1480 xxxxv.
306 1454 339 1479 2.
373 1447 425 1477 De
443 1440 685 1489 speetatoribus
718 1441 848 1491 captivi
870 1439 977 1486 facti.
1014 1439 1087 1476 vid.

52 1493 158 1545 Epist.
177 1505 256 1531 xxv.
274 1491 333 1530 86.
352 1491 433 1529 infr.
449 1491 510 1528 lib.
529 1503 591 1528 111.
615 1492 747 1529 Amor.
767 1503 837 1529 xxx.
858 1503 917 1540 31.

99 1563 153 1594 De
172 1556 276 1594 Niobe
287 1555 418 1606 filicem
430 1582 440 1600 ,
468 1555 508 1592 de
526 1554 660 1604 virgine
671 1555 820 1602 fecimus
840 1554 969 1603 ursam.

49 1608 313 1647 Burmannus.
376 1632 418 1674 θ

98 1685 134 1720 9.
167 1671 308 1720 Abest]
339 1671 473 1719 Regius
504 1668 621 1707 codex
641 1695 651 1711 ,
686 1667 771 1705 abit.
799 1667 939 1711 Recte,
959 1667 985 1705 fi
1005 1667 1085 1705 abit

45 1734 113 1772 pro
135 1721 223 1758 abiit
240 1723 365 1770 capias.
393 1720 466 1758 vid.
487 1719 579 1768 supr.
602 1719 701 1767 Elcg.
718 1731 791 1756 vxt.
813 1732 845 1756 2.
860 1719 1059 1774 *BURMANJ

97 1784 133 1820 9.
160 1772 355 1820 Animique
371 1770 517 1807 evanuit
537 1769 676 1818 ardon]
706 1775 883 1824 Revantut
902 1783 992 1805 error
1011 1770 1085 1825 Ei(-

50 1830 166 1871 cerpta
186 1822 340 1859 Puteani
368 1823 406 1857 &
433 1821 662 1856 Sarravianus
686 1830 770 1856 cum
797 1820 870 1856 aliis
890 1821 1085 1857 nonnullis.

51 1872 221 1922 quidam,
245 1871 409 1908 revanuit
434 1869 547 1921 ardor.
574 1869 778 1905 Puteaneus
801 1871 840 1906 ὃς
868 1869 1087 1906 Arondelia-

49 1934 136 1967 nus,
164 1922 315 1971 resanuit
341 1934 442 1957 error.
468 1920 578 1957 recte.
604 1918 664 1956 lib.
694 1931 737 1954 11.
767 1919 870 1967 Eleg.
898 1931 950 1957 ix.
978 1929 1018 1957 ut
1047 1921 1086 1957 ὃς

47 1973 118 2011 illic
138 1973 238 2011 idem
263 1971 402 2010 codex:

97 2040 189 2071 Cum
209 2032 287 2068 bene
299 2030 490 2081 pertaesum
508 2029 550 2078 est
563 2056 573 2074 ‚
600 2030 783 2082 animoque
798 2031 950 2077 resanuit
970 2033 1084 2070 ardor.

12 2093 14 2140 l
48 2097 165 2148 Quod
184 2096 336 2134 verbum
359 2096 422 2132 vix
442 2095 524 2132 alibi
546 2095 708 2132 invenias
727 2105 735 2129 τ
764 2095 830 2132 nisi
850 2096 945 2143 apud
965 2109 1081 2135 unum

50 2148 294 2187 Lactantium.
330 2154 370 2183 ut
398 2147 475 2194 jam
510 2146 658 2182 monuit
687 2146 724 2182 in
760 2146 1083 2186 Observationibus

12 2226 15 2236 .
48 2198 273 2250 politisfimus
302 2197 527 2233 Gronovius.
548 2207 624 2243 cap.
651 2208 729 2232 xxi.
750 2196 810 2233 lib.
833 2209 876 2233 11.
904 2197 965 2234 ubi
993 2200 1083 2236 haec

12 2249 198 2296 lNasonis
217 2247 290 2285 duo
306 2248 388 2285 loca
405 2247 479 2294 pari
506 2245 622 2282 modo
648 2246 869 2284 emendavit.
906 2248 1082 2287 Ceterum

52 2313 190 2339 errorem
216 2310 281 2348 pro
307 2308 435 2336 amore
460 2296 585 2345 paffim
614 2297 720 2344 ponit
754 2297 897 2335 Noster.
922 2299 1081 2338 Metam.

52 2363 86 2390 x.
107 2361 186 2400 342.

101 2412 340 2450 —Retinet
363 2411 476 2449 malus
497 2423 587 2447 error
608 2422 802 2450 amantem.

13 2471 17 2506 l
52 2471 127 2509 Ubi
146 2470 242 2519 plura
259 2471 303 2508 ad
324 2483 401 2507 rem
421 2472 457 2508 in
477 2471 574 2507 notis
594 2472 737 2508 nostris.
757 2473 804 2510 fic
822 2474 922 2512 enim
942 2482 1089 2514 veteres>

51 2522 150 2565 libri,
177 2521 346 2569 exemplo
367 2521 572 2569 Virgiliano
595 2521 721 2570 Eclog.
741 2535 827 2560 vm.
851 2536 910 2571 41·

102 2609 195 2619 —.
210 2588 253 2618 Ut
273 2595 325 2618 me
342 2581 456 2618 malus
475 2580 613 2629 abstulit
634 2596 736 2620 error.

53 2645 157 2684 Trist.
184 2657 212 2682 1.
231 2645 330 2694 Eleg.
358 2657 414 2682 11.

16 2706 17 2711 ¹
101 2714 170 2744 Jmo
187 2707 259 2751 ita,
279 2705 422 2756 fiscitis
436 2734 446 2750 ,
463 2705 498 2755 [ἱ
516 2719 568 2744 me
590 2706 705 2744 malus
724 2707 863 2755 abstulit
882 2724 981 2749 error.

49 2768 102 2806 Ut
123 2770 160 2804 δί
175 2769 248 2806 illic
266 2769 382 2818 scripti
398 2769 559 2820 quidam.
578 2769 639 2807 lib.
663 2781 706 2805 11.
730 2769 837 2807 Trist.
863 2783 942 2819 109.

102 2824 164 2862 Illo
181 2839 326 2876 namque
344 2828 397 2864 die
410 2856 419 2871 ‚
447 2843 511 2879 quo
533 2842 586 2865 me
604 2829 718 2865 malas
739 2829 878 2876 abstulit
893 2846 996 2871 error.

150 2881 272 2912 Parva
289 2878 424 2927 quidem
440 2880 542 2928 periit
557 2907 566 2921 ,
585 2879 646 2928 sed
658 2878 732 2928 fine
751 2880 843 2925 labe,
872 2882 1003 2920 domus.

52 2933 160 2982 Supra
190 2934 291 2989 Eleg.
326 2947 380 2974 11.
410 2948 466 2986 35.
493 2939 587 2988 apud
611 2940 858 2990 Cupidinem,
887 2954 932 2980 ex
953 2944 1084 2981 veteri-

17 3011 19 3030 4
56 2983 117 3022 bus
136 2984 259 3021 libris:
836 3012 838 3014 -

101 3044 300 3081 Blanditiae
318 3045 451 3082 comites
469 3048 532 3084 tihi
552 3053 651 3087 e'runt
666 3081 675 3096 ‚
693 3058 882 3104 Errorque,
898 3062 1079 3106 Furorque,

57 3107 165 3146 Libro
187 3121 250 3146 111.
270 3109 346 3146 Ait.
365 3109 453 3148 Am.
473 3122 554 3157 714.
572 3114 699 3152 eadem
720 3121 890 3160 varietas:

103 3173 216 3209 Procri
238 3173 314 3222 quis
333 3174 475 3211 attoniti
486 3177 626 3224 peHoris
644 3181 746 3215 ardor
764 3195 862 3222 erat?

58 3233 131 3275 Ubi
147 3238 289 3279 codices
311 3238 462 3292 quidam
483 3241 593 3281 etiam
608 3269 620 3288 ,
646 3255 746 3296 error.
772 3245 982 3289 Heinsius.

2055 1148 2182 1207 Non?

1198 1296 1253 1323 Π.
1281 1291 1432 1324 Munera
1445 1286 1586 1337 poscis.]
1615 1287 1777 1326 Praemia
1796 1288 1910 1337 prima
1932 1288 2059 1329 editio.
2079 1291 2182 1340 cujus

1141 1336 1336 1384 gloffema,
1363 1351 1507 1376 manera
1534 1337 1604 1377 effe
1623 1348 1737 1389 puto:
1767 1340 1928 1376 Praemia
1952 1342 2050 1378 enim
2076 1343 2181 1389 saepe

1142 1387 1273 1436 praeda
1304 1391 1341 1425 &
1368 1388 1478 1437 spolia
1501 1399 1681 1428 vocantur
1700 1417 1711 1435 ‚
1747 1389 1793 1427 de
1819 1391 1949 1440 quibus
1976 1393 2035 1430 hic
2066 1393 2181 1430 verbo

1143 1437 1273 1475 odioso
1306 1439 1402 1487 agit,
1430 1448 1469 1477 ut
1490 1451 1580 1478 mox
1603 1452 1638 1478 v.
1667 1453 1725 1488 29.
1747 1439 1855 1490 spolia
1873 1444 2041 1480 vocat&
2060 1455 2095 1480 v.
2119 1455 2179 1492 53.
2220 1473 2223 1476 .

1141 1488 1179 1524 in
1208 1488 1329 1525 multis
1360 1490 1398 1526 ὃς
1426 1491 1574 1538 optimis
1601 1491 1787 1529 codicibus
1814 1492 1885 1536 est,
1911 1505 1933 1528 a
1951 1492 2064 1528 divite
2080 1502 2182 1542 prae-

1140 1538 1214 1574 mia
1236 1539 1332 1587 posci.
1366 1541 1404 1576 ὃς
1438 1540 1487 1577 ita
1519 1540 1703 1580 Terentio
1734 1542 1874 1590 Hecyr.
1907 1555 1937 1579 1.
1974 1555 2005 1580 1.
2029 1543 2187 1591 spoliare

1139 1589 1251 1625 etiarn
1284 1590 1455 1627 meretrix
1482 1589 1612 1628 dicitur
1633 1620 1643 1636 ,
1679 1600 1721 1629 ut
1747 1592 1908 1630 fimiliter
1937 1594 2113 1632 Martialis
2142 1596 2182 1631 δε

1139 1639 1210 1675 alii.
1245 1639 1331 1677 hinc
1357 1640 1546 1688 praemiari
1579 1643 1618 1680 ὃς
1643 1642 1888 1692 praemiatores
1910 1670 1921 1687 ‚
1965 1652 2007 1682 ut
2034 1653 2184 1682 notum.

1139 1688 1406 1728 Bummnus.

1194 1751 1249 1787 13.
1278 1745 1369 1776 Cam
1395 1743 1561 1793 corpore]
1592 1743 1698 1780 Haec
1729 1742 1873 1781 duriora
1905 1743 1976 1784 visa
2004 1743 2183 1789 Francio,

1139 1789 1202 1837 qui
1224 1791 1425 1839 corrigebat
1439 1821 1448 1836 ‚
1475 1795 1637 1830 animum
1660 1806 1718 1829 ceu
1740 1802 1852 1842 corpus
1872 1794 2010 1830 amavi.

1198 1851 1255 1886 14.
1281 1846 1354 1878 Tua
1379 1842 1431 1890 est.
1455 1843 1470 1893 ]
1508 1845 1640 1882 Malim
1661 1871 1671 1889 ,
1697 1853 1788 1880 tuae.
1816 1844 2020 1882 Hemsxus.
2056 1844 2102 1882 Et
2134 1845 2184 1883 ita

1142 1887 1323 1928 Francius.

1198 1953 1251 1989 15.
1280 1946 1326 1978 Et
1356 1944 1468 1981 nudas
1492 1943 1644 1994 Amor.]
1676 1944 1835 1981 Mundus
1860 1946 2022 1994 optimus
2053 1945 2185 1984 Palati-2

1140 2000 1218 2027 nus.
1241 1992 1315 2029 dixi
1334 1994 1425 2042 supr.
1444 1996 1546 2044 Eleg.
1564 2009 1654 2033 vm.
1674 1995 1727 2038 >CJK
1760 2008 1817 2044 39.
1845 1997 2052 2034 HmNsms.
2090 1997 2182 2035 Non

1140 2041 1256 2088 agitur
1275 2043 1334 2080 hic
1355 2045 1400 2082 de
1421 2046 1615 2083 munditie.
1639 2057 1710 2082 nec
1729 2045 1915 2095 sequentia
1941 2048 2015 2084 hoc
2037 2047 2183 2095 patiun-

1139 2098 1207 2127 tur.
1227 2094 1354 2140 puerili
1374 2097 1481 2133 aetati
1499 2095 1717 2145 respondent
1737 2097 1822 2133 anni
1841 2096 1915 2134 fine
1935 2097 2116 2137 sordibus.
2143 2097 2182 2136 id

1139 2140 1187 2177 est
1205 2144 1353 2181 avaritia
1377 2147 1414 2182 ὃς
1441 2148 1552 2194 turpis
1579 2147 1669 2184 lucri
1698 2147 1889 2195 cupidine,
1914 2149 1963 2194 τῷ
1982 2148 2097 2191 nudo,
2124 2160 2181 2185 re-

1138 2191 1313 2238 spondet,
1342 2196 1444 2243 quod
1472 2197 1584 2234 nullas
1603 2196 1714 2234 vestes
1738 2198 1878 2234 habeat.
1903 2199 1941 2235 &
1966 2198 2014 2236 ita
2041 2199 2078 2235 in
2105 2199 2179 2247 seq.

1139 2242 1290 2280 disticho
1322 2246 1412 2283 haec
1438 2246 1513 2283 duo
1539 2255 1762 2295 repetuntur.
1799 2248 1970 2286 Francius
1998 2248 2177 2293 malebat,

1130 2290 1206 2340 stne
1215 2295 1405 2339 fraudibus
1424 2310 1543 2334 annos.
1571 2298 1829 2335 BuRMANNus.

1196 2344 1249 2381 16.
1279 2351 1321 2381 Ut
1339 2344 1388 2395 fit
1416 2357 1561 2396 apertas.
1584 2348 1599 2398 ]
1640 2350 1819 2397 Quinque
1844 2357 1984 2387 veteres
2002 2377 2012 2393 ,
2039 2354 2182 2397 opertam

1140 2393 1243 2442 Lege
1263 2408 1347 2433 cum
1375 2398 1626 2437 Arondeliano
1642 2427 1652 2444 ‚
1676 2399 1755 2449 quis
1774 2397 1822 2448 fit
1849 2409 1990 2449 opertas.
2015 2400 2178 2447 Propert.

1141 2456 1185 2480 11.
1209 2446 1306 2494 Eleg.
1327 2460 1386 2485 xv.

1194 2497 1372 2534 Interdum
1392 2498 1510 2535 tunica
1529 2499 1632 2536 duxit
1650 2509 1761 2549 operta
1783 2512 1929 2537 moram.

1140 2544 1188 2582 Et
1211 2547 1349 2584 Lucan.
1370 2549 1428 2585 lib.
1449 2560 1500 2585 iv.
1519 2550 1604 2585 686.

1190 2596 1333 2642 Vestibus
1350 2598 1455 2634 iratos
1475 2598 1566 2634 laxis
1584 2598 1704 2647 operire
1724 2598 1841 2636 leones.
1869 2599 2078 2637 HEINsxus.

1136 2645 1238 2682 Nihil
1267 2656 1384 2684 muto.
1413 2650 1461 2686 ita
1484 2658 1601 2699 aperta
1619 2651 1759 2698 pectora.
1781 2650 1842 2686 lib.
1861 2663 1924 2688 111.
1947 2651 2035 2688 Am.
2057 2663 2108 2689 ix.
2135 2651 2176 2689 &

1134 2696 1260 2743 paffim
1285 2699 1378 2735 alibi.

1191 2760 1248 2790 17.
1275 2748 1451 2798 anetis.]
1482 2750 1649 2787 Francius
1665 2749 1831 2797 legebat,
1854 2750 1996 2798 jubebis.

1190 2798 1250 2834 132
1274 2800 1428 2836 Pretium
1451 2800 1609 2849 condam]
1641 2800 1778 2836 condas
1796 2802 2011 2839 Puteaneus.
2032 2803 2183 2840 Ι-ἸΕΙΝωι

1185 2860 1246 2884 21.
1273 2850 1413 2899 Certo.]
1444 2851 1540 2886 Circo
1562 2859 1635 2886 erat
1658 2851 1693 2887 in
1719 2851 1928 2889 Glaseriano
1944 2880 1953 2895 ‚
1976 2853 2073 2890 unde
2096 2856 2176 2902 quis

1137 2896 1182 2933 de
1204 2898 1431 2937 Circensibus
1452 2900 1651 2948 prostibulis
1672 2899 1785 2948 posset
1804 2902 1996 2940 somniare.
2024 2904 2083 2940 sed
2102 2906 2176 2940 fru-

1134 2946 1223 2984 stra:
1254 2953 1398 2986 Certum
1422 2951 1490 2993 est,
1519 2951 1604 2999 quia
1634 2951 1799 3000 inscripta
1827 2961 1901 2990 erat
1928 2954 2076 2991 cellulae
2095 2955 2176 2990 uni·

1135 2998 1266 3046 cuique
1290 3011 1450 3044 merces,
1477 3013 1589 3050 quam
1620 3003 1783 3050 captabat
1811 3005 2006 3046 meretum
2039 3003 2109 3039 vid.
2129 3002 2182 3039 ad‘

1134 3048 1282 3085 Petron.
1304 3062 1380 3099 cap.
1403 3063 1493 3088 vm.
1522 3051 1657 3099 Qtovis
1680 3053 1870 3089 mercabilis
1888 3067 1981 3096 aere,
2003 3054 2105 3088 multi
2129 3063 2173 3087 ex

1134 3097 1279 3147 scriptis.
1297 3101 1398 3149 quod
1420 3103 1514 3139 male
1535 3103 1682 3150 arripuit
1702 3104 1853 3140 Marius.
1882 3104 2132 3152 Bunmmunf.

1191 3150 1247 3185 26.
1277 3152 1404 3187 Mitius
1423 3152 1479 3201 effe
1492 3152 1616 3201 feris]
1649 3154 1855 3190 Martialem
1879 3154 1954 3190 libr.
1976 3153 2171 3204 &vect-'10-

1140 3199 1323 3237 imitatum
1366 3203 1511 3241 notavit
1546 3203 1680 3240 Douza
1700 3231 1711 3249 ,
1761 3205 1834 3252 {Qui
1861 3203 1958 3253 jubet
1997 3212 2177 3247 mgentem.

1139 3250 1258 3287 nutias
1279 3250 1335 3300 effe
1346 3252 1445 3299 seris.

1589 3304 1626 3341 A
1649 3314 1668 3339 a
1691 3313 1709 3337 a
1749 3311 1767 3350 3
1994 3309 2051 3346 27.
2080 3303 2184 3352 qutq:
