2553 3676
295 197 394 270 478
789 188 851 245 P.
925 183 1341 245 ovin11

1412 182 1948 243 NASONIS

593 281 729 339 Sunt
756 279 1008 335 dominae
1031 290 1142 334 rata
1163 291 1291 334 vota
1315 294 1495 334 meae:
1533 294 1654 334 mea
1681 290 1810 334 vota
1831 278 2130 353 supersunt.

673 354 763 410 Ille
788 365 937 408 tenet
960 353 1214 425 palmam:
1256 352 1428 424 palma
1453 351 1686 425 petenda
1710 352 1843 407 mihi
1868 352 1959 410 est.

596 426 762 490 Risit,
803 430 857 480 <sc
881 427 1078 498 argutis
1101 424 1363 499 quiddam
1386 424 1628 498 promifit
1655 426 1855 483 ocellis,

669 499 802 555 Hoc
827 499 944 555 satis
967 499 1071 554 hic.
1111 499 1214 554 alio
1238 512 1419 555 cetera
1442 497 1615 552 redde
1642 497 1784 555 loco,

306 648 411 688 maiis
438 657 522 686 cum
551 644 711 693 Juniano
731 642 898 682 &tribus
918 642 1009 680 aliis.
1037 646 1083 677 Et
1104 639 1204 677 volat
1223 637 1355 687 emiffis.

307 698 450 747 emzffis,
477 698 611 736 scilicet
632 707 787 733 carcere.
814 695 977 744 optimus
993 692 1196 736 Palatinus,
1226 690 1356 728 Advo-

307 750 362 788 lat
381 748 517 796 amiffis.
537 749 750 786 Hnmsms.

365 800 426 846 78.
449 793 642 848 Discolor]
675 799 733 835 De
754 796 935 834 coloribus
957 792 1185 831 Circensium
1205 793 1362 842 agitato-

309 862 392 891 rum
407 880 416 896 ,
446 852 483 888 ὅ(
512 849 556 887 de
577 849 734 898 pluribus
756 848 801 885 ad
821 848 974 885 Circum
993 844 1233 893 speetantibus
1248 871 1260 890 ,
1286 843 1362 882 vid.

310 902 458 942 Salmas.
480 901 609 939 Exere.
629 900 718 937 Plin.
738 911 817 948 pag.
836 899 922 946 629.
944 899 983 935 ὃς
1001 896 1100 946 seqq.
1316 945 1322 951 ⁶

363 954 423 1001 78.
450 950 631 1001 Agmen.]
662 951 840 999 Proprie:
879 961 966 987 nam
994 948 1157 996 Quintus
1177 944 1360 1001 Curt3hb.

311 1015 368 1043 IV.
394 1014 448 1052 13.
472 1009 514 1039 In
535 1002 654 1039 dextro
669 1030 677 1045 ,
705 1000 846 1052 inquit,
874 1013 977 1037 cornu
998 997 1101 1035 locati
1114 997 1201 1047 fient
1219 1006 1363 1046 equites,

309 1067 396 1105 quos
416 1053 558 1103 agmina
576 1052 760 1102 appellant.
790 1052 952 1089 Antores
978 1058 1104 1088 tamen
1126 1048 1365 1096 saepenume-

311 1117 356 1144 ro
377 1104 625 1143 confundunt.
653 1110 758 1139 Nunc
772 1101 970 1152 saltem,q.
988 1100 1023 1139 d.
1042 1099 1067 1137 fi
1089 1106 1195 1136 antea
1212 1098 1365 1147 ignavus

312 1157 424 1196 fuisti.
454 1156 632 1193 MARms.
676 1155 717 1191 In
750 1154 868 1191 Curtii
900 1154 988 1191 loco
1019 1151 1150 1200 legitur
1172 1177 1183 1195 ,
1219 1162 1364 1199 agema,

312 1208 456 1246 Graeca
481 1207 615 1245 scilicet
636 1205 881 1253 appellatione
896 1232 906 1248 ,
933 1203 1061 1249 ἄγημα
1075 1230 1084 1246 ,
1114 1200 1159 1239 de
1179 1213 1256 1250 quo
1277 1200 1365 1239 vide

313 1258 480 1296 Freinsh.
507 1259 545 1295 in
575 1256 713 1293 Indice.
739 1254 799 1292 sed
825 1264 952 1292 tamen
980 1264 1066 1290 vera
1089 1253 1137 1290 est
1157 1252 1364 1290 observatio

310 1309 453 1353 Marii,
494 1309 607 1346 etiam
638 1319 761 1355 agmen
797 1305 843 1343 de
877 1304 1060 1355 equitibus
1091 1302 1232 1341 dietum
1261 1303 1366 1342 olim.

312 1359 422 1398 Idem
443 1360 546 1397 Curt.
564 1370 630 1396 111.
653 1369 711 1395 11.
733 1356 934 1393 Macedones
956 1368 1035 1392 cum
1054 1367 1124 1403 rege
1141 1354 1179 1391 in
1206 1353 1366 1404 equitum

311 1423 437 1460 agmen
458 1410 670 1458 irrumpunt.
699 1409 738 1445 ὅ(
754 1407 814 1445 lib.
836 1421 890 1445 1v.
920 1407 975 1445 16.
995 1411 1090 1443 Cum
1111 1414 1242 1453 repente
1262 1413 1366 1455 appa-

311 1462 387 1501 ruit
413 1473 535 1510 agmen
561 1459 729 1509 equitum.
758 1459 797 1496 &
823 1458 917 1496 alibi.
944 1457 1215 1495 BuRMANNUs.

365 1523 425 1558 79.
453 1509 616 1559 Supera]
643 1516 789 1559 Propera
807 1509 989 1547 Palatinus
1007 1520 1113 1546 unus.

367 1563 428 1599 80.
458 1561 536 1598 Sint
557 1573 635 1598 mea
652 1561 718 1608 fac
736 1560 918 1605 dominae,
937 1558 1051 1610 fint.]
1082 1559 1240 1609 Legitur
1253 1559 1367 1600 etiam

316 1615 354 1652 in
372 1612 644 1660 manuscriptis:

366 1664 445 1702 Sint
462 1675 561 1709 mea,
580 1660 658 1714 fint
679 1662 839 1701 dominae
849 1664 915 1711 fac
934 1672 1016 1700 rata
1034 1671 1121 1701 vota
1138 1674 1245 1701 meae.

828 1819 1346 1887 ELEG

1412 637 1533 687 Quod
1552 638 1667 687 magis
1683 638 1814 686 placet.
1830 641 2015 681 MAmusss

1465 689 1526 727 82.
1563 690 1718 727 Petenda
1744 704 1821 728 mea
1845 693 1901 740 est.
1922 694 1938 743 ]
1976 691 2074 730 Mihi
2102 691 2147 742 est
2171 691 2289 742 prima
2321 692 2453 744 editio}¹

1412 739 1700 786 Arondelianm,
1713 742 1751 779 δε
1772 741 2017 788 Sarravianus,
2031 756 2117 782 cum
2139 744 2197 782 sex
2216 743 2304 781 aliis.
2318 743 2454 787 Ι-ΙειΝε.

1467 792 1528 841 83.
1555 790 1680 840 Risit.]
1711 792 1786 830 Hic
1803 793 1923 831 versus
1944 795 2073 832 citatur
2092 807 2112 832 a
2134 794 2329 832 Scholiaste
2346 790 2454 842 Juve-

1414 843 1504 882 nalis
1532 843 1616 880 MS.
1645 842 1844 882 Voffianae
1872 843 2123 884 Bibliothecae
2149 845 2196 883 ad
2224 844 2294 883 Sat.
2321 848 2456 890 nmis.

1416 906 1502 941 241.
1527 894 1590 931 sub
1616 895 1775 933 nomine
1794 894 1929 942 Perfii,
1956 895 2018 937 ubi
2046 905 2168 946 arguto
2200 895 2296 934 ocello
2322 895 2458 947 legitur.

1419 946 1635 983 HE1Nans.

1473 996 1532 1043 84.
1562 1004 1630 1033 Hoc
1641 996 1733 1046 satis
1749 996 1833 1047 est.]
1865 997 1982 1036 Vetus
2012 997 2125 1036 lectio
2142 996 2274 1043 habet,
2301 997 2360 1035 hoc
2374 997 2463 1047 satis?

1420 1046 1502 1084 hic:
1516 1047 1667 1086 subaudi
1692 1047 1739 1094 fit
1760 1077 1771 1093 ‚
1809 1050 1848 1086 ὃς
1880 1048 1928 1086 fic
1957 1049 2157 1099 legendum
2187 1046 2257 1086 effe
2283 1049 2462 1100 sequentia

1420 1098 1628 1137 ostendunt.
1658 1099 1837 1137 Manus.
1872 1100 2053 1150 Excerpta
2080 1100 2266 1143 Douzae,
2293 1107 2361 1137 Hoc
2378 1100 2481 1149 satis·

1421 1150 1489 1189 hic.
1516 1151 1620 1200 quod
1646 1152 1684 1189 δε
1717 1151 1921 1201 Naugerius
1948 1153 1988 1190 in
2012 1151 2079 1191 suis
2099 1152 2302 1190 invenerat.
2327 1151 2466 1201 sequor.

1422 1201 1498 1240 duo
1522 1202 1582 1240 alii
1600 1214 1645 1240 ex
1664 1203 1791 1242 nostris
1805 1232 1814 1248 ‚
1834 1209 1925 1239 Haec
1936 1201 2028 1252 satis
2045 1202 2113 1239 hic.
2134 1203 2248 1240 etiam
2267 1213 2345 1240 non
2364 1202 2466 1243 male.

1422 1254 1630 1291 Harusnus.
1657 1254 1746 1292 Vid.
1768 1254 1814 1292 ad
1830 1253 1891 1291 lib.
1913 1267 1956 1292 ιι.
1975 1254 2078 1303 Eleg.
2099 1265 2179 1292 xxv.
2199 1266 2259 1300 44.

1475 1304 1534 1352 84.
1562 1304 1724 1355 Cetera]
1755 1305 2012 1344 Concubitum
2029 1304 2192 1343 :dictum
2211 1311 2253 1342 ut
2270 1301 2466 1354 omnia‚de

1421 1367 1499 1405 quo
1530 1356 1575 1394 ad
1604 1357 1754 1394 Petron.
1781 1368 1860 1405 cap.
1887 1368 1940 1393 xx.
1970 1355 2019 1394 fic
2037 1355 2099 1394 lib.
2123 1368 2154 1395 1.
2172 1355 2277 1405 Eleg.
2293 1367 2331 1394 ν.
2349 1360 2468 1400 Cetera

1422 1407 1500 1457 quis
1521 1407 1653 1456 nescit?
1681 1408 1720 1445 ὅ(
1747 1419 1777 1445 1.
1798 1408 1880 1445 Art.
1903 1407 1988 1456 669.

1475 1457 1600 1505 Oftula
1620 1458 1680 1509 qui
1688 1456 1837 1508 sumsit,
1857 1455 1893 1508 fi
1910 1471 1978 1495 non
1999 1467 2044 1499 (φ’
2063 1467 2173 1495 cetera
2185 1457 2315 1506 sumet.

1421 1507 1466 1546 In
1485 1508 1545 1547 illa
1564 1510 1696 1548 vocula
1714 1509 1885 1559 quiddam
1897 1537 1908 1554 ,
1924 1509 2028 1559 quod
2048 1509 2238 1558 promisit,
2255 1508 2345 1546 latet
2365 1508 2471 1549 etiam

1423 1559 1582 1598 Veneris
1613 1561 1652 1598 δε
1677 1561 1797 1598 noetis
1815 1561 2020 1610 promissio.
2044 1560 2130 1598 vide
2152 1557 2319 1597 Pafferat.
2338 1559 2385 1597 ad
2407 1559 2473 1609 Tif
2539 1584 2542 1587 Δ

1424 1610 1510 1648 bull.
1535 1624 1565 1649 1.
1590 1622 1645 1649 11.
1665 1623 1746 1660 pag.
1766 1623 1825 1659 77.
1843 1611 1889 1649 ad
1909 1612 2074 1662 Propert.
2097 1623 2142 1650 11.
2160 1621 2216 1650 1v.
2234 1621 2316 1660 pag.
2336 1609 2422 1650 262.
2437 1611 2474 1651 &

1424 1673 1505 1712 pag.
1529 1673 1613 1712 324.
1640 1662 1912 1701 BURMANNUS.
2464 1675 2471 1682 ·

1443 1818 1627 1885 IA
1799 1816 1994 1885 III.

729 1994 816 2049 Sse
840 1993 1018 2057 De08‚
1057 1996 1103 2058 i,
1143 1995 1322 2050 crede.
1361 1994 1529 2050 fidem
1550 1994 1721 2064 jurata
1745 1992 1964 2048 fefellit:

800 2066 872 2123 Et
899 2067 1061 2124 facies
1083 2068 1186 2133 illi,
1225 2085 1362 2143 quae
1388 2069 1489 2124 fuit
1515 2081 1638 2123 ante
1658 2104 1675 2131 ‚
1711 2079 1906 2124 manet.

381 2276 413 2304 1.
441 2265 511 2316 Effi’
538 2272 627 2305 Deos
656 2267 879 2318 credamne]
909 2268 1115 2307 Puteaneus
1147 2269 1184 2307 δί
1214 2271 1378 2320 optimus

324 2315 531 2363 Palatinus,
560 2319 615 2356 hic
644 2319 748 2357 crede.
785 2320 927 2364 Scribe,
956 2320 989 2364 i,
1019 2321 1124 2358 crede.
1152 2321 1297 2371 elegans
1322 2322 1380 2359 lo-

325 2368 469 2417 quendi
487 2369 621 2408 modus
634 2398 644 2414 ,
669 2371 728 2408 sed
749 2382 828 2407 non
848 2383 929 2408 raro
947 2372 991 2408 ab
1015 2372 1249 2410 oscitantibus
1274 2372 1381 2411 libra-

301 2438 305 2441 ·
328 2420 387 2456 riis
414 2420 641 2459 interversus.
669 2421 715 2458 cle
743 2433 821 2471 quo
851 2422 1023 2459 nonnihil
1042 2423 1122 2472 jam
1145 2422 1191 2461 ad
1212 2423 1384 2462 Claudia-

329 2481 424 2507 num
461 2471 624 2509 diximus
648 2499 659 2516 ,
695 2473 734 2510 ὅ(
769 2472 871 2521 supra
908 2472 955 2511 ad
988 2474 1098 2523 Epist.
1130 2487 1182 2512 lv·
1212 2474 1268 2518 fils.
1303 2486 1384 2522 127.

330 2520 445 2569 Epist.
465 2534 521 2559 Ιχ.
545 2535 625 2570 105.

386 2577 405 2607 Ι
420 2585 513 2609 nunc
523 2600 534 2618 ,
555 2573 636 2610 tolle
653 2573 786 2611 animos
801 2584 864 2619 ,ω’
873 2574 988 2620 fhrtia
999 2576 1104 2622 sabla
1120 2576 1257 2626 recense.

332 2620 516 2669 Epicedio
540 2624 650 2662 Drusi
671 2626 754 2674 363.

390 2678 411 2707 I
427 2687 519 2711 nunc
533 2703 544 2719 ‚
571 2687 615 2714 <J
635 2675 734 2712 rebus
757 2675 864 2713 tantd
883 2675 1099 2724 impendente
1117 2676 1224 2715 ruina
1237 2705 1249 2725 ,

443 2730 483 2759 In
503 2735 535 2762 te
557 2740 667 2762 unam
686 2727 794 2764 oculos
814 2739 857 2767 ω’
874 2737 938 2764 tua
957 2727 1092 2764 damna
1109 2730 1207 2774 refer.

338 2770 420 2818 Art.
440 2774 527 2812 Am.
549 2788 580 2813 1.
601 2788 686 2824 322.

389 2826 511 2872 Atque
528 2825 580 2861 ait
598 2838 679 2864 exta
702 2838 820 2866 tenens
833 2856 844 2874 ,
871 2836 942 2875 Ite,
964 2829 1094 2880 placete
1114 2844 1197 2869 meo.

338 2872 499 2912 Remcd.
524 2886 610 2924 213.

395 2929 446 2961 Tu
468 2935 587 2963 tamen
609 2927 645 2972 i,
673 2931 839 2977 quamvis
850 2930 968 2978 firmis
988 2932 1171 2970 retinebere
1192 2932 1333 2972 vinclis.

446 2981 466 3012 I
473 2977 594 3025 procul
609 3006 617 3019 ,
647 2990 690 3017 <5³
709 2979 824 3028 longas
845 2991 976 3029 carpere
989 2993 1086 3031 perge
1104 2985 1194 3021 vias.

339 3023 397 3064 Ita
425 3036 472 3063 ex
500 3026 657 3076 vestigiis
691 3031 987 3069 membranarum
1013 3042 1174 3082 utroque
1201 3035 1288 3071 loco
1309 3034 1392 3072 scri-

342 3075 519 3114 bendum.
547 3078 586 3114 &
608 3078 729 3126 postea
751 3081 834 3126 487.

394 3128 567 3175 Qumis,
595 3128 654 3165 uhi
680 3130 869 3169 invenias?
897 3141 1010 3176 artes,
1038 3132 1076 3176 i,
1100 3133 1225 3182 perlege
1252 3133 1392 3181 nostras.

347 3176 408 3216 Sic
426 3179 640 3217 veterrimus
663 3181 808 3229 Regius.
837 3185 873 3220 ὃς
894 3182 1019 3220 denuo
1040 3195 1123 3232 423.

334 3229 339 3234 “
396 3233 448 3266 Tu
468 3231 638 3319 tameniyi,
651 3244 790 3270 numero
807 3243 924 3284 pugna
937 3247 947 3278 ;
960 3243 1203 3286 praeceptaque
1221 3236 1260 3275 in
1276 3250 1389 3276 unum

445 3285 580 3319 Contra
608 3295 634 3321 e.
805 3292 807 3294 ’

2308 2142 2477 2217 Quam

1435 2270 1638 2369 Etlsygificere
1657 2334 1764 2373 usque
1782 2330 1846 2358 tua
1864 2320 1959 2359 nullo
1976 2319 2174 2370 prohibente
2185 2321 2317 2373 puella.

1437 2373 1565 2421 Elegia
1587 2372 1632 2411 de
1658 2375 1766 2412 Nuce
1791 2385 1871 2422 135.

1489 2424 1621 2461 Scilicet
1638 2424 1705 2468 ite,
1734 2424 1822 2461 oleas
1842 2421 2033 2471 distringite
2047 2452 2057 2468 ‚
2086 2424 2215 2460 caedite
2232 2425 2355 2474 messes.
2411 2452 2415 2453 ν

1440 2473 1496 2513 Ita
1523 2476 1562 2513 δε
1590 2475 1663 2513 illic
1691 2488 1736 2513 ex
1763 2474 1921 2525 vesti-giis
1945 2476 2077 2513 veteris
2099 2476 2294 2525 scripturae
2315 2473 2481 2517 emendo:
2509 2496 2511 2499 ·

1442 2525 1533 2564 Fast.
1552 2538 1606 2563 vl.
1627 2539 1711 2575 594.

1494 2577 1529 2613 Si
1549 2577 1608 2613 vir
1624 2591 1678 2623 es,
1707 2577 1719 2613 i
1730 2605 1741 2622 ‚
1770 2576 1881 2615 difflas
1900 2577 1994 2626 exige
2015 2577 2103 2614 dotis
2124 2587 2206 2625 apes.

1442 2627 1521 2718 glbi
1556 2640 1748 2677 perperam
1785 2628 1938 2666 indicias
1975 2640 2077 2668 nunc
2114 2628 2257 2678 legitur.
2294 2627 2400 2667 Pont.
2420 2630 2481 2668 '11³'

1492 2690 1511 2716 e
1540 2708 1547 2715 .
1572 2691 1652 2717 111.

1494 2690 1561 2766 ,lgil
1578 2728 1644 2780 nifi
1662 2730 1753 2781 quod
1767 2729 1895 2780 prodest
1907 2757 1920 2774 ‚
1939 2741 2059 2767 carum
2080 2730 2134 2778 est.
2162 2730 2197 2776 i,
2224 2729 2365 2768 detrahe
2381 2726 2482 2768 menti

1545 2786 1640 2830 Spem
1653 2783 1795 2829 frustm
1815 2780 1946 2818 avidae
1958 2808 1970 2826 ‚
1997 2793 2094 2817 nemo
2107 2782 2273 2831 petendus
2292 2782 2367 2819 erit.
2460 2795 2462 2801 ·

1447 2831 1507 2870 Sic
1537 2832 1575 2870 &
1607 2833 1657 2871 ibi
1686 2845 1731 2870 ex
1762 2832 1919 2881 vestigiis
1946 2831 2121 2871 codicum
2140 2832 2295 2882 refingo.
2321 2830 2482 2882 Virgilius

1447 2883 1696 2921 v11.Aeneid.
1721 2884 1803 2930 426.

1502 2933 1717 2983 Tyrrhenas,
1745 2934 1779 2978 i,
1799 2933 1913 2981 sterne
1929 2933 2038 2971 acies.-
2066 2943 2137 2983 tege
2151 2943 2234 2984 pace
2254 2933 2405 2973 Latinos·

1450 2984 1645 3023 Cataleffls
1665 2985 1811 3022 Pithoei
1825 3012 1833 3028 ,
1862 2996 1943 3032 pag.
1962 2997 2021 3032 ις.

1502 3042 1522 3072 Ι
1540 3048 1632 3071 nunc
1645 3063 1656 3079 ‚
1677 3046 1721 3074 (φ
1741 3035 1839 3071 vitae
1847 3036 2019 3084 fugientis
2041 3044 2191 3087 tempora
2212 3036 2323 3074 vende

1500 3084 1687 3121 Divitibus
1706 3085 1825 3122 coenis.

1449 3135 1493 3172 In
1512 3135 1643 3173 iisdem
1665 3148 1745 3185 pag.
1770 3148 1830 3186 33.

1498 3192 1518 3223 Ι
1532 3199 1625 3222 nnnc
1638 3214 1647 3230 ,
1668 3198 1712 3226 (φ’
1729 3193 1827 3236 Reges
1850 3197 1993 3226 tantum
2004 3190 2089 3238 suge
2102 3217 2111 3232 ‚
2140 3188 2261 3226 vivere
2277 3187 2406 3226 dob'c'usi

1550 3238 1618 3274 Uni
1638 3237 1724 3275 vive
1741 3238 1807 3276 tibi
1819 3265 1829 3280 ‚
1857 3252 1899 3276 ne
1919 3241 2068 3276 moriare
2086 3239 2162 3277 tibi.

1447 3288 1506 3328 Sic
1524 3288 1653 3328 scribo.
1673 3290 1890 3330 veterrimus
1903 3291 2003 3329 enim
2021 3291 2140 3330 codex
2155 3289 2272 3328 Voffii
2283 3288 2344 3328 sub
2358 3286 2485 3329 finem,‘

2401 3349 2486 3373 nam
