2553 3676
811 217 871 273 P.
951 210 1368 272 OVIDII
1440 205 1975 267 NASONIS

577 301 720 357 Inter
742 297 974 354 Ioniacas
999 296 1265 369 calathum
1288 293 1510 351 tenuisse
1533 296 1730 367 puellas

648 372 892 433 Diceris;
936 370 992 423 &
1018 371 1268 425 dominae
1288 367 1615 441 pertimuifl'e
1640 369 1820 422 minas,

472 467 534 517 ῖς
573 447 702 501 Non
726 444 892 514 fugiS,
929 443 1154 507 Alcide,
1191 442 1468 497 vieti-icem
1493 440 1635 495 mille
1661 440 1904 496 laborum

653 516 912 572 Rasilibus
937 516 1151 570 calathis
1175 512 1473 585 imposuisse
1501 514 1750 566 manum?

580 589 866 662 Crafl'aque
891 588 1108 643 robusto
1135 586 1357 641 deducis
1380 584 1575 656 pollice
1600 584 1711 647 fila,

654 665 956 735 Aequaque
981 659 1207 715 famosae
1232 656 1389 728 pensa
1414 656 1663 728 rependis
1686 657 1876 712 herae?

579 736 671 792 Ah
694 735 935 809 quoties,
975 732 1155 803 digitis
1182 729 1314 783 dum
1338 742 1560 801 torques
1585 728 1799 784 stamina
1824 731 1999 795 duriS,

476 811 544 865 80

289 1010 434 1050 Urbem
457 1009 644 1049 conditam
666 1006 889 1055 ncctxxv.)
903 1006 980 1055 suit
994 1034 1004 1052 ‚
1026 1005 1088 1056 qui
1105 1005 1340 1043 innocentium

291 1063 462 1113 hospitam
486 1060 654 1111 sanguine
683 1059 750 1095 diis
770 1086 780 1102 ,
811 1058 979 1107 scelerum
999 1059 1143 1106 suorum
1166 1057 1342 1106 participi-

243 1130 245 1132 ·
291 1113 375 1156 bus,
398 1112 613 1163 propinabat.
650 1110 711 1147 De
742 1109 879 1148 eodem
908 1109 1095 1147 Arnobius
1113 1136 1123 1153 ,
1152 1109 1190 1144 &
1220 1108 1342 1158 Hygi-

293 1173 375 1202 nus.
404 1166 621 1201 exorantis.

348 1226 408 1258 70.
438 1213 566 1262 Huic.]
597 1213 827 1250 Sarravianus
851 1210 970 1249 codex
985 1209 1047 1260 fic.
1075 1210 1191 1253 bene;
1221 1208 1285 1246 illo
1306 1209 1344 1246 in

294 1265 435 1304 habitu.
461 1265 725 1302 Buamaunus.
988 1277 996 1285 ·

347 1327 407 1365 73.
436 1315 617 1351 Maeonias
633 1312 763 1362 inter.]
788 1312 937 1351 Reffius
955 1320 1060 1350 vetus
1075 1339 1085 1357 ‚
1116 1317 1210 1348 Inter
1229 1310 1347 1347 renia-

296 1379 365 1404 cas.
392 1367 494 1403 brevi
515 1366 631 1414 prima
653 1365 782 1413 syllaba
796 1393 805 1408 ‚
827 1374 866 1401 ut

351 1423 422 1453 Nec
444 1417 587 1452 Latium
608 1425 732 1459 norat,
759 1428 867 1464 quam
884 1413 1021 1464 praebet
1044 1413 1142 1450 sonia
1162 1412 1271 1449 dives.

296 1468 487 1505 Nauem.
516 1467 591 1504 Alii
619 1466 799 1510 Maeonias
826 1466 917 1501 inter
940 1493 950 1509 ‚
987 1465 1209 1501 reclamante
1240 1462 1344 1500 codi-

295 1530 391 1556 cum
406 1518 488 1555 fide.
508 1529 554 1554 ex
572 1528 734 1566 quorum
757 1516 974 1554 auetoritate
998 1515 1199 1551 lectionem
1220 1513 1268 1550 ita
1288 1525 1344 1550 re-

297 1568 517 1606 stituendam
537 1568 739 1605 admonere
764 1567 943 1604 le6t01·eni
966 1565 1162 1602 voluinms.
1183 1564 1345 1601 Eoum.

299 1619 469 1656 Verbum
507 1618 694 1656 insolitum
739 1619 778 1654 &
822 1616 1033 1654 inusitatum
1074 1615 1230 1651 Ioniacas
1272 1614 1343 1657 est;

295 1670 469 1718 quamvis
489 1670 563 1705 hoc
582 1669 733 1717 quidam
754 1667 964 1704 defendant.
990 1666 1075 1714 lego
1095 1666 1204 1714 igitur
1226 1671 1347 1700 Maeo-

300 1720 379 1756 nias
405 1720 498 1756 inter
526 1720 597 1756 &c.
624 1717 775 1767 perinde
801 1725 841 1755 ut
865 1718 904 1754 δε
926 1717 1061 1754 Aldina
1092 1716 1206 1753 editio
1226 1715 1347 1752 habet.

300 1771 381 1808 Aut
410 1777 506 1807 certe
539 1775 633 1805 Inter
662 1769 820 1812 senuas,
849 1780 926 1817 quo
958 1770 1066 1815 pacto
1096 1767 1197 1803 idem
1227 1766 1348 1802 versus

300 1821 415 1858 etiam
438 1821 476 1857 in
497 1818 658 1857 secundo
677 1819 722 1855 de
744 1820 833 1854 Arte
852 1819 995 1866 legitur.
1015 1828 1228 1866 quanquam
1251 1817 1349 1864 prior

299 1871 414 1909 lectio
432 1871 546 1918 magis
567 1870 685 1917 placet
698 1897 708 1913 ‚
737 1870 925 1917 magisque
945 1869 1091 1916 propria
1111 1867 1171 1904 est.
1199 1866 1347 1916 quando

301 1921 466 1959 ancillae
487 1920 691 1968 Omphales
713 1947 723 1962 ,
763 1919 807 1955 de
836 1919 966 1967 quibus
996 1919 1056 1955 hic
1083 1918 1252 1966 intelligit
1271 1929 1350 1954 non

303 1972 459 2010 Ionicae
474 1999 484 2016 ‚
512 1971 572 2008 sed
591 1970 735 2019 Lydiae
756 1970 914 2006 fuerunt.
931 1970 1153 2006 chrrrus.
1182 1970 1285 2016 Lege
1304 1980 1351 2004 ex

302 2031 465 2072 utroque
483 2022 605 2059 Vatic.
620 2027 713 2057 Inter
731 2020 888 2056 Ioniacas
900 2022 969 2057 &c
986 2021 1134 2069 Repetit
1151 2021 1251 2057 hunc
1270 2030 1353 2056 ver-

303 2073 384 2112 sum
404 2074 465 2111 lib.
489 2085 534 2109 11.
557 2073 617 2109 De
638 2073 749 2114 Arte,
778 2071 839 2108 ubi
859 2072 908 2108 ita
929 2070 996 2109 est:

357 2130 454 2161 Inter
475 2123 629 2159 Ioniacas
649 2121 830 2158 calathum
848 2121 984 2171 tenuiſje
1000 2120 1134 2171 puellas

412 2175 598 2218 Creditur,
625 2185 669 2213 ω’
691 2173 790 2208 lanas
810 2172 980 2221 excoluisse
997 2173 1107 2208 rudes.
1137 2170 1353 2207 Cxoftffius.

302 2225 473 2263 'Maeonia
490 2238 582 2262 zona
600 2225 710 2272 paulo
730 2232 814 2260 ante
833 2221 1076 2271 praecefferat.
1105 2232 1217 2270 quare
1236 2225 1356 2255 Maeo-

308 2277 389 2314 niae
409 2275 542 2325 puellae
571 2276 631 2312 hic
661 2275 782 2312 minus
805 2275 959 2322 placent.
990 2280 1084 2309 Inter
1104 2272 1258 2308 Ioniacas
1275 2270 1355 2308 libri

309 2335 464 2366 veteres.
491 2324 688 2377 quomodo
711 2326 750 2361 &
768 2325 846 2362 Art.
866 2325 991 2361 Amat.
1010 2324 1070 2361 lib.
1091 2336 1134 2359 11.
1155 2321 1196 2364 J'J.
1217 2332 1302 2369 219.

364 2384 460 2416 Inter
479 2377 635 2414 Ioniacas
656 2373 837 2412 calathum
858 2373 995 2423 tenuisse
1009 2373 1144 2423 puellas

417 2428 584 2465 Creditur
598 2455 607 2471 ‚
638 2440 681 2466 cy
697 2426 797 2462 lanas
817 2424 987 2474 excolm'ffe
1007 2425 1117 2461 rudes.

311 2479 390 2517 Ubi
419 2488 545 2517 tamen
574 2478 788 2516 vetustiores
817 2477 897 2514 libri
928 2476 1058 2512 Ionicus
1081 2476 1182 2513 inter.
1221 2475 1355 2519 Forte,

314 2536 410 2568 Inter
430 2529 589 2567 Co‘zadas.
617 2538 658 2566 ut
681 2528 840 2577 Epistola
860 2527 980 2565 Sabini
1000 2526 1044 2563 ad
1064 2527 1333 2574 Oenonen.45.

362 2581 507 2617 Dicitur
526 2592 569 2620 (5⁹
587 2585 676 2616 Coae
687 2577 803 2628 Jediſje
821 2579 860 2614 in
878 2577 966 2623 veste
977 2576 1132 2626 puellae,

423 2631 489 2667 Illa
511 2631 674 2668 Cleonaeo
692 2632 781 2666 tecta
800 2628 891 2665 leone
903 2628 1002 2672 fuit..

315 2680 390 2718 Sed
416 2683 536 2719 verius
565 2690 682 2730 puto,
705 2687 799 2717 Inter
837 2678 1008 2716 I'o‘niadas.
1035 2679 1234 2728 quomodo
1253 2678 1362 2723 alibi,

318 2731 520 2769 Achaiades
546 2743 673 2769 matres
700 2759 711 2776 ‚
753 2730 966 2779 Pelasgiades
999 2729 1096 2766 urbes
1119 2759 1128 2774 ,
1158 2732 1195 2767 &
1224 2730 1365 2766 similia.

323 2782 525 2829 Stephanus
546 2783 582 2818 in
603 2779 733 2827 Ἰωνίᾳ,
754 2784 769 2819 ὁ
790 2783 889 2817 οἰκῶν
909 2783 987 2824 vav,
1003 2783 1064 2816 καὶ
1089 2782 1198 2825 ὶῖωνις,
1212 2784 1271 2816 καὶ
1293 2779 1364 2822 ἱεὶς.

322 2832 474 2875 Scribo,
496 2832 556 2866 ux}
580 2831 692 2874 Ξωνὶεις
715 2835 775 2868 xz}
793 2831 860 2873 ἰἀς.
889 2831 936 2869 fic
959 2831 1167 2879 Pyrrhiades
1188 2831 1368 2878 Alethym-

320 2882 507 2931 niadesque
522 2882 656 2930 puellae
676 2910 685 2925 ,
725 2884 763 2918 &
787 2882 939 2919 Lesbides
966 2894 1009 2921 (φ
1036 2882 1190 2918 Sicelides
1208 2882 1367 2930 Epistola

324 2934 513 2982 Sapphus,
542 2934 579 2969 &
609 2931 743 2969 Paridis
772 2933 928 2980 Epistola
950 2933 1173 2969 Dardanides
1200 2946 1308 2969 merus
1327 2932 1368 2968 V.

326 2997 385 3033 19·
410 2984 471 3021 ubi
491 2983 598 3031 plura.
623 2984 660 3019 &
682 2982 843 3018 Helenes
867 2996 948 3019 212.
972 2983 1203 3030 &Argolides
1227 2983 1370 3030 Episto-

323 3035 359 3074 la
388 3033 620 3083 Hypsipyles.
647 3032 688 3075 ψ.
722 3032 780 3068 8ῐ.
808 3032 869 3068 ubi
898 3034 1009 3068 ctiam
1038 3033 1207 3068 nonnihil
1228 3033 1369 3069 dictum

328 3085 389 3124 est.
419 3085 560 3121 Italides
587 3086 625 3120 δε
651 3081 827 3118 Oebalides
847 3092 975 3117 matres
994 3083 1031 3118 in
1055 3081 1171 3118 Fastis.
1200 3083 1304 3118 Plura
1325 3081 1371 3119 ad

333 3149 364 3176 1.
392 3136 473 3173 Art.
502 3136 627 3172 Amat.
659 3145 738 3179 172.
768 3133 975 3169 HssiNslus.

384 3198 442 3235 75.
473 3184 686 3233 Nonfugis.]
713 3185 920 3232 Lego,n0n
937 3182 1044 3231 pudet
1061 3181 1196 3218 Alcide.
1224 3193 1309 3218 nam
1332 3182 1371 3218 &

329 3240 420 3275 haec
439 3237 550 3274 lectio
573 3236 610 3273 in
633 3234 847 3284 quibusdam
867 3235 949 3271 ferri
970 3240 1130 3270 notatur.
1150 3234 1369 3269 MICYLLUS.

332 3289 489 3338 Repoiie
517 3299 601 3330 cum
625 3285 836 3325 melioribus
851 3312 862 3331 ,
889 3290 969 3322 Non
980 3283 1076 3333 fagis
1095 3311 1106 3329 ‚
1141 3292 1234 3323 noto
1256 3284 1371 3321 Grae-

654 805 992 864 Praevalidae
1015 803 1158 858 fusos
1183 802 1554 857 comminuere
1581 811 1781 857 manus

2232 875 2444 932 Crede-

1397 1004 1524 1043 cismo.
1551 1004 1599 1043 fic
1611 1006 1695 1055 suge
1714 1006 1843 1043 credere
1860 1004 1956 1055 apud
1975 1004 2192 1043 LueretIum
2206 1033 2216 1049 ‚
2235 1005 2319 1053 fuge
2338 1017 2443 1055 quae-

1398 1071 1468 1093 rere
1483 1085 1492 1101 ,
1517 1057 1554 1093 δε
1566 1058 1649 1105 fuge
1661 1057 1828 1107 suspicari
1852 1057 1948 1106 apud
1968 1057 2169 1094 Horatium
2185 1084 2195 1101 ,
2223 1063 2263 1093 ut
2285 1057 2323 1093 &
2342 1056 2445 1104 plura

1397 1107 1546 1157 hujusce
1566 1116 1688 1146 notae.
1717 1109 1890 1157 Virgilius
1908 1122 1958 1145 xx.
1982 1120 2063 1156 199.

1454 1165 1557 1194 Mene
1577 1158 1684 1207 igitur
1694 1158 1827 1209 fhcium
1841 1158 1993 1209 summis
2009 1158 2193 1208 adjungere
2209 1156 2306 1196 rebus
2319 1186 2330 1203 ‚

1454 1209 1535 1257 Nise
1542 1209 1664 1257 fugis?

1402 1260 1553 1298 Statius:
1583 1266 1728 1309 Magnos
1747 1263 1831 1310 fuge
1862 1271 1997 1310 tangere
2024 1259 2154 1297 manes.
2178 1259 2310 1297 Noster
2336 1258 2448 1300 Trist.

1402 1324 1458 1349 ιν.
1480 1312 1534 1348 El.
1554 1324 1617 1348 111.
1640 1324 1685 1349 ex
1704 1313 1862 1361 antiquis
1884 1312 2128 1349 membranis:

1452 1368 1593 1410 Tempus
1613 1362 1671 1398 ubi
1689 1363 1753 1409 est,
1782 1376 1847 1413 quo
1864 1371 1900 1398 te
1919 1361 2055 1412 (nifisi
2065 1362 2163 1409 fugis
2179 1360 2243 1397 illa
2263 1359 2408 1409 referre)

1504 1418 1549 1448 Et
1567 1412 1652 1456 dici,
1685 1413 1851 1456 memini,
1873 1414 1975 1462 juvit
1994 1425 2037 1452 ω’
2055 1411 2112 1460 effe
2130 1425 2260 1449 meum.

1402 1463 1573 1501 Tibullus
1590 1464 1650 1501 lib.
1675 1476 1705 1500 1.
1724 1465 1814 1513 Eleg
1845 1476 1899 1501 lv.

1454 1520 1483 1549 O
1496 1515 1601 1562 fuge,
1630 1524 1662 1551 te
1678 1524 1812 1551 tenerae
1824 1523 2007 1564 puerorum
2030 1514 2157 1550 credere
2176 1513 2310 1551 turbae.

1401 1564 1531 1602 Claud.
1542 1565 1605 1603 lib.
1621 1566 1700 1602 1.in
1716 1567 1814 1603 Eutr.
1829 1578 1912 1613 501.
1927 1577 1971 1601 ex
1985 1565 2115 1612 optim.
2129 1565 2334 1602 membran.

1698 1615 1813 1651 Stilico
1831 1615 1919 1663 quid
1938 1615 2074 1650 vincere
2091 1615 2228 1663 differs,

1453 1670 1552 1701 Dum
1566 1673 1722 1714 pugnare
1733 1665 1855 1714 fugis?

1403 1714 1553 1764 Vulgati
1569 1743 1579 1759 ‚
1594 1724 1747 1764 pugnare
1766 1715 1886 1766 pudet.
1914 1715 1976 1755 ubi
2004 1715 2091 1753 Vide
2117 1716 2230 1765 plura.
2260 1715 2452 1756 Orientius

1407 1767 1718 1804 Commonitorio
1733 1780 1740 1804 :

1457 1822 1603 1853 Contere
1622 1816 1795 1853 calcatum
1815 1831 1893 1854 cum
1913 1816 2039 1854 mundi
2057 1816 2212 1866 Principe
2226 1817 2401 1854 mundum
2415 1846 2429 1864 ,

1509 1872 1555 1903 Et
1563 1869 1647 1915 fuge
1663 1867 1803 1915 lascivis
1822 1867 1951 1903 credere
1968 1866 2108 1904 deliciis.
2163 1869 2375 1907 Hiemsms.

1459 1918 1515 1964 76.
1545 1917 1767 1966 Imposuiffi.]
1798 1917 1994 1967 Implicitiffi’
2013 1917 2131 1955 codex
2153 1919 2322 1956 Douzae.

1460 1980 1518 2014 77.
1545 1967 1696 2003 Deducis
1714 1967 1832 2017 pollice
1852 1968 1958 2017 fila.]
1988 1968 2162 2005 Deducere
2187 1970 2313 2007 malini
2331 1999 2341 2014 ,
2368 1970 2394 2007 fi
2410 1970 2456 2009 li-

1406 2018 1460 2054 bri
1480 2025 1621 2055 veteres
1642 2016 1876 2056 allentiantur
1891 2047 1900 2063 ‚
1929 2022 1967 2056 ὅ(
1987 2021 2162 2068 rependere
2185 2020 2350 2069 sequenti
2373 2033 2457 2058 ver-

1408 2068 1458 2106 su.
1487 2069 1698 2105 Hffiisms.
1725 2068 1844 2117 Craffa
1864 2069 1962 2106 rec'te
1984 2070 2093 2113 dicit,
2121 2078 2164 2107 ut
2177 2070 2320 2117 filocem
2349 2072 2458 2110 intel·

1406 2119 1514 2167 ligat,
1544 2131 1639 2168 quae
1658 2128 1698 2156 ut
1718 2120 1891 2168 imperito
1910 2120 2032 2157 lanam
2055 2120 2261 2158 deducendi
2281 2121 2430 2159 dabatur
2442 2138 2455 2166 ς

1409 2179 1450 2207 ut
1479 2179 1605 2207 contra
1633 2170 1753 2207 mollis
1779 2171 1996 2218 peritissimis
2023 2171 2158 2208 ancillis
2181 2171 2339 2209 dabatur.
2368 2172 2455 2210 vide

1409 2218 1497 2257 Paff.
1516 2220 1560 2258 ad
1581 2221 1701 2258 Catul.
1719 2222 1842 2269 Epitli.
1864 2222 1978 2258 Thet.
2001 2233 2083 2270 312.
2109 2221 2368 2260 BuaMANNus.

1464 2271 1522 2317 78.
1562 2278 1750 2322 Aequaque
1768 2272 1984 2322 formosae]
2024 2272 2184 2321 Famosae
2206 2272 2460 2313 Lovanienfis.

1412 2321 1460 2359 sic
1475 2322 1631 2370 famosus
1650 2329 1785 2370 Hymen
1804 2323 1896 2360 infra
1910 2324 1994 2368 ,ubi
2012 2324 2107 2360 male
2126 2323 2272 2361 turbant
2292 2324 2373 2361 libri
2395 2337 2460 2362 ve-

1412 2381 1517 2410 teres.
1546 2375 1583 2410 &
1614 2373 1675 2410 lib.
1708 2386 1738 2410 1.
1769 2373 1901 2411 Amor.
1930 2374 1985 2410 El.
2015 2385 2051 2411 v.
2081 2374 2226 2422 Famosa
2246 2375 2458 2412 Semiramis.

1413 2432 1453 2460 ut
1473 2424 1546 2461 illic
1566 2423 1728 2472 agnoscit
1747 2426 1908 2472 optimus
1924 2425 2024 2461 liber.
2053 2425 2215 2472 famosus
2233 2437 2300 2473 pro
2328 2426 2460 2464 infami

1412 2474 1476 2511 illo
1505 2487 1599 2512 aevo
1617 2475 1797 2512 dicebant.
1826 2476 1960 2512 Cicero
1986 2474 2031 2513 de
2061 2475 2210 2513 Orator.
2234 2476 2296 2513 lib.
2324 2489 2379 2513 11.
2400 2476 2462 2514 68.

1417 2531 1498 2561 Non
1516 2525 1594 2575 pol,
1622 2525 1740 2574 inquit
1766 2526 1896 2571 audeo,
1925 2539 2009 2562 nam
2035 2539 2090 2562 me
2109 2526 2157 2561 ad
2168 2526 2325 2574 famosas
2343 2527 2460 2564 vetuit

1417 2586 1530 2612 mater
1555 2577 1719 2612 accedere.
1746 2576 1861 2615 Plaut.
1891 2577 1991 2614 Afin.
2031 2577 2105 2624 Qi
2129 2577 2236 2613 etiam
2270 2591 2325 2614 me
2361 2577 2464 2626 miſse-

1417 2640 1497 2662 ram
1526 2627 1705 2674 famosum
1737 2628 1829 2673 facit
1861 2625 2009 2677 flagitiis
2032 2627 2119 2675 suis.
2156 2628 2261 2665 Plura
2293 2628 2463 2676 exempla

1417 2677 1527 2715 habes
1564 2677 1662 2727 apud
1699 2678 1801 2715 Non.
1844 2677 2008 2715 Marcell,
2048 2679 2086 2714 in
2121 2679 2240 2724 famu.
2287 2678 2467 2718 Martialis

1425 2741 1480 2766 11-
1510 2740 1569 2777 39-
1778 2771 1781 2773 ,
1824 2774 1826 2776 ,

1472 2779 1618 2815 Coccina
1629 2778 1786 2827 famosae
1807 2779 1914 2815 donas
1932 2789 1975 2817 ω’
1990 2776 2182 2815 hianthina
2199 2777 2366 2819 moechae.

1423 2830 1470 2867 Et
1488 2830 1572 2867 ibid.
1596 2831 1697 2878 Epig.
1719 2842 1777 2875 47·

1474 2879 1621 2916 Subdola
1633 2880 1790 2928 famosae
1806 2893 1921 2916 moneo
1929 2880 2013 2927 suge
2031 2879 2119 2915 retia
2139 2879 2308 2918 moechae.

1425 2931 1558 2967 Noster
1572 2932 1631 2968 lib.
1657 2943 1717 2967 111.
1736 2933 1824 2967 Am.
1843 2931 1899 2967 El.
1923 2942 1958 2967 v.

1477 2980 1571 3029 Desit
1577 2982 1756 3029 famosus,
1785 2981 1845 3030 qui
1863 2990 1954 3016 notet
1972 2995 2030 3017 ora
2043 3009 2051 3024 ‚
2074 2983 2196 3031 pudor.

1426 3032 1501 3117 Hlbi
1521 3031 1699 3079 famosam
1716 3031 1881 3079 pudorem
1895 3060 1905 3076 ‚
1933 3043 2000 3080 pro
2021 3045 2059 3069 re
2078 3033 2248 3082 pudenda
2267 3033 2396 3083 posuit.
2426 3035 2465 3074 δί
2514 3067 2517 3070 .

1426 3102 1456 3117 .ι.,
1475 3110 1480 3117 .
1510 3093 1588 3118 XIV.

1477 3131 1804 3181 Sol.zquefi1771.7s.‘am
1823 3132 1918 3181 culpa
1931 3133 2071 3182 proseffiz
2080 3135 2187 3181 facit.

1427 3181 1536 3218 Certe
1560 3181 1752 3219 verilimile
1780 3195 1855 3219 non
1884 3184 1944 3228 fit,
1974 3185 2173 3223 Deianirae
2193 3185 2376 3225 laudatam
2398 3187 2469 3228 effe

1428 3230 1447 3269 a
1468 3233 1587 3269 fornia
1614 3233 1729 3270 I'olen.
1757 3234 1920 3272 Oenone
1941 3235 1986 3272 de
2012 3237 2155 3274 Helena
2174 3237 2295 3286 supra:

1478 3283 1649 3321 Haerebat
1662 3284 1790 3333 gremio
1808 3286 1916 3336 turpis
1935 3286 2049 3324 amica
2068 3297 2135 3324 tao.

2396 3341 2471 3382 Pro
2481 3369 2483 3371 μ
