2553 3676
663 173 1205 238 ‘AMORUM
1275 195 1450 234 1313.

1523 181 1561 236 1.
1637 184 1688 253 9}
2112 205 2136 253 3
2150 204 2205 253 71

270 289 334 340 35
371 270 584 328 Hefior
607 268 670 323 ab
694 261 1104 319 Andromaches
1127 266 1495 338 complexibus
1517 267 1628 324 ibat
1652 271 1709 325 in
1733 290 1902 332 arma:

444 344 544 405 Et,
580 339 781 411 galeam
807 335 968 408 capiti
996 353 1132 409 quae
1156 336 1338 402 daret,
1375 357 1514 396 uxor
1540 354 1668 398 erat.

369 416 580 470 Summa
604 410 805 464 ducum
828 408 1077 473 Atrides,
1115 409 1219 463 visa
1245 410 1581 479 Priameide,
1616 416 1786 472 fertur

437 482 718 538 Maenadis
742 479 915 536 effufis
941 481 1259 554 obstupuisse
1283 485 1469 539 comiS.

364 555 512 613 Mars
539 572 759 628 quoque
788 554 1076 626 deprensus
1101 554 1303 612 fabrilia
1325 558 1535 613 vincula
1557 557 1742 613 sensit:

259 647 329 700 40

434 622 634 682 Notior
659 628 715 682 in
741 629 897 682 coelo
921 627 1095 682 fabula
1117 629 1258 682 nulla
1281 630 1398 686 fuit.

364 699 475 775 Ipse
500 719 604 772 ego
629 701 800 774 segnis
825 718 997 764 eram,
1036 700 1394 776 discinffi'taque
1421 705 1477 760 in
1503 705 1613 759 otia
1638 715 1817 760 natus:

429 771 744 829 Mollierant
766 774 972 827 animos
995 772 1160 827 leftus
1187 775 1242 827 δέ
1267 777 1453 831 umbra
1480 795 1646 833 meos,

359 844 573 916 Impulit
598 847 850 917 ignavum
875 844 1143 900 formosae
1172 865 1297 901 cura
1320 850 1557 920 puellae3

426 917 583 987 Juffit
609 920 665 973 &
691 920 747 973 in
770 917 946 973 castris
967 936 1086 972 aera
1109 937 1318 975 merere
1342 921 1457 975 suis,

249 1008 318 1060 45
354 988 488 1044 Inde
515 991 666 1046 vides
689 991 885 1063 agilem
901 1031 916 1054 ‚
951 990 1318 1066 nosturnaque
1343 993 1477 1050 bella
1502 1006 1805 1066 gerentem.

29 1103 31 1177 i

421 1062 535 1136 Qui
559 1064 710 1120 nolet
726 1064 854 1119 'fieri
882 1063 1197 1129 defidiosus‚
1236 1080 1392 1122 amet.

28 1215 31 1242 f
68 1200 144 1238 Ubi
160 1199 241 1244 alii,
259 1213 417 1249 magnus.
445 1202 483 1239 δε
502 1196 700 1240 Priscianus
731 1203 770 1239 in
796 1201 974 1249 Periegefi
997 1204 1108 1241 etiam
1166 1203 1252 1253 quid
1264 1204 1393 1254 simper
1409 1204 1553 1254 dignum
1572 1205 1660 1243 viro.
1687 1204 1785 1243 Flor.
1810 1216 1841 1243 1.
1866 1215 1922 1255 13.
1944 1208 2036 1243 Gens
2055 1213 2142 1242 nata
2158 1203 2207 1242 aa

26 1253 30 1290 ἕ
68 1250 178 1290 Fortis
206 1251 381 1300 Epitheto
409 1251 454 1289 de
486 1252 628 1289 Achille
657 1252 783 1289 utitur.
817 1251 954 1289 Douza
982 1260 1108 1291 tamen
1163 1255 1348 1291 interitum
1374 1255 1567 1294 hominum.
1597 1256 1729 1294 Noster
1759 1268 1803 1292 11.
1831 1256 1988 1293 Metam.
2018 1267 2100 1302 223.
2129 1262 2208 1293 Na-

27 1303 30 1332 }
66 1301 206 1349 moestus
224 1314 269 1340 ex
285 1302 350 1340 suo
370 1302 499 1340 codice
516 1302 750 1352 praeferebat.
769 1313 840 1350 ego
860 1315 1006 1350 magnus
1023 1315 1110 1352 pro·
1164 1314 1286 1354 tusque
1312 1305 1360 1341 ad
1382 1306 1485 1355 sacra
1515 1307 1714 1344 Cithaeron.
1741 1306 1800 1343 sed
1828 1308 1957 1344 Horat.
1989 1319 2018 1343 1.
2049 1306 2124 1344 Od.
2147 1318 2206 1349 27-

65 1359 146 1401 pter
173 1353 330 1390 rationes
366 1365 386 1390 a
417 1353 540 1390 Mario
574 1353 684 1391 datas.
732 1354 771 1389 &
811 1353 860 1389 ita
895 1352 1034 1399 moestus
1069 1356 1109 1393 ὅς
1165 1356 1271 1392 Natis
1292 1355 1331 1391 in
1360 1357 1458 1405 ufhm
1479 1357 1633 1394 laetitiae
1654 1356 1791 1406 scyphis
1816 1366 1978 1406 pugnare.
2008 1357 2113 1394 &ita
2136 1357 2207 1396 alii.

65 1414 209 1451 magnus
225 1402 373 1441 confusa
393 1403 501 1452 Epist.
522 1416 599 1441 xvx.
621 1414 704 1453 340.
732 1402 992 1441 Buumwus.

115 1463 172 1502 34.
199 1458 298 1490 Dum
324 1453 402 1490 licet
424 1453 627 1504 Argivas.]
667 1460 802 1503 Argoas
829 1454 1034 1492 Puteaneus
1064 1456 1103 1493 &

25 1508 27 1548 1
63 1502 219 1553 quatuor
237 1505 298 1542 alii
325 1517 411 1542 cum
429 1505 544 1552 Jureti
573 1505 772 1553 Excerptis.
800 1504 903 1553 quod
923 1505 971 1542 est
990 1510 1104 1553 Argo-

0 1567 2 1571 ·
24 1553 28 1582 ³
61 1552 155 1591 licas.
178 1555 378 1604 quomodo
401 1556 664 1603 Neapolitanus
693 1567 736 1594 ac
766 1554 994 1593 Sarravianus
1017 1568 1103 1594 cum

0 1638 2 1640 ,
23 1609 26 1635 ἲ
64 1604 176 1642 tribus
198 1605 285 1643 aliis.
312 1606 520 1642 Hrmsms.

1 1686 4 1694 ,
115 1665 172 1703 35.
204 1654 280 1691 Ibat
307 1655 344 1691 in
365 1655 504 1705 arma.]
534 1656 598 1692 Ad
618 1669 720 1693 arma
741 1656 966 1700 Puteaneus,
996 1656 1107 1695 Dou-

2 1718 25 1759 2'
61 1713 128 1741 zae
149 1706 187 1741 ὅ(
207 1705 295 1743 osto
314 1706 383 1743 alii.
412 1706 518 1743 male.
544 1706 618 1743 vid.
640 1707 685 1744 ad
703 1707 812 1754 Epist.
833 1721 895 1744 111.
922 1707 1000 1756 136.

590 1757 687 1794 Tan.
710 1757 795 1794 Fab.
823 1758 867 1795 ad
893 1758 1041 1796 Lucret.
1072 1771 1104 1798 1.

115 1765 172 1803 37.
202 1761 344 1792 Summa
376 1756 551 1805 ducum]

0 1802 1 1835 ἶ
61 1803 120 1851 87.
144 1804 282 1842 dietum
307 1806 383 1843 vult
401 1806 609 1843 imitatione
631 1807 880 1852 Lucretii,cui
903 1810 1103 1856 Agamem-

63 1864 140 1894 non
159 1855 207 1893 est
219 1856 336 1904 prima
353 1856 523 1893 virorum.
540 1864 581 1893 ut
599 1856 799 1901 Sophocles
814 1859 925 1895 etiam
946 1859 1104 1897 Philoct.

62 1915 145 1953 435.
171 1906 262 1945 dixit
284 1908 405 1952 πρῶτοι
425 1903 604 1946 Ἀθηναίων
623 1918 689 1955 pro
710 1908 871 1956 principe
894 1908 1104 1947 Athenien-

64 1955 167 1994 fium.
199 1958 239 1994 &
269 1958 316 1995 ita
355 1959 516 1995 neutrius
549 1959 690 2006 generis
729 1959 883 1995 nomina
914 1960 1005 2007 poni
1036 1972 1103 2008 pro

64 2006 265 2044 masculinis
283 2008 442 2045 vidimus
459 2008 504 2045 ad
523 2007 701 2056 Quinffil.
720 2009 889 2046 Declam.
909 2022 936 2046 1.
956 2012 990 2046 6.
1009 2022 1104 2048 non-

63 2056 152 2094 dum
175 2065 299 2095 tamen
320 2058 469 2096 definire
490 2059 608 2096 audeo
622 2086 632 2102 ‚
659 2071 703 2096 an
716 2060 859 2107 summa
879 2059 1006 2096 ducum
1025 2073 1104 2098 non

62 2105 135 2145 dici
153 2108 259 2155 po-ffit
272 2136 281 2152 ‚
311 2118 350 2145 ut
368 2108 509 2146 summa
528 2109 606 2146 belli
623 2137 632 2151 .
663 2110 805 2157 imperii
825 2111 862 2147 ὃς
881 2109 1008 2148 similia
1023 2112 1104 2155 ,sed

19 2164 23 2174 ’
62 2159 239 2206 exemplis
261 2158 421 2196 deficior.
448 2158 513 2196 nisi
532 2160 604 2196 huc
623 2160 752 2197 referas
765 2188 775 2205 ‚
794 2158 874 2196 belli
885 2164 1029 2208 summa
1048 2175 1105 2199 ca-

19 2578 21 2654 l

62 2215 187 2258 putque
206 2214 290 2245 Bato
310 2209 370 2246 lib.
391 2222 434 2246 11.
457 2221 500 2246 ex
520 2210 640 2247 Ponto
666 2223 694 2247 1.
724 2211 985 2250 BURMANNUS.

81 2292 85 2298 ,
115 2269 172 2307 39.
185 2265 287 2295 Mars
305 2273 435 2310 quoque
453 2260 627 2309 deprensus
645 2261 789 2304 fabrilia
809 2262 955 2299 vincula
969 2261 1101 2313 senfin]

67 2306 168 2346 ldem
200 2308 314 2358 prope
342 2311 402 2348 lib.
433 2323 484 2347 iv.
514 2311 766 2359 Metamorph.
795 2315 923 2361 Quem
952 2315 1104 2363 quidem

63 2358 186 2397 locum
216 2372 331 2408 nuper
351 2373 395 2398 ex
415 2361 609 2410 Fulgentio
625 2362 806 2400 illustravi.
835 2364 1052 2402 Cromnos.

80 2443 84 2450 ,
113 2423 170 2458 41.
201 2416 239 2447 In
256 2411 325 2447 otia
342 2411 482 2461 natm]
515 2412 577 2449 Ad
598 2413 668 2449 otia
698 2415 851 2452 Moreti.
878 2426 1005 2462 parum
1036 2415 1106 2453 dif-

63 2459 141 2497 fert.
169 2461 207 2498 &
237 2470 393 2511 utroque
426 2463 541 2500 modo
572 2465 782 2511 frequenter
808 2465 925 2502 locuti
948 2474 1100 2503 veteres.

1162 1405 1223 1443 hic
1244 1418 1395 1456 quoque
1413 1409 1559 1446 mollius
1579 1408 1628 1445 est
1647 1409 1686 1444 in
1709 1408 1757 1445 ob
1780 1408 1997 1455 praecede-ns
2024 1407 2210 1455 discincflaf

1158 1470 1234 1507 que.
1254 1457 1328 1494 vid.
1346 1457 1391 1495 ad
1411 1459 1564 1507 Quinc't.
1582 1459 1688 1496 Decl.
1711 1470 1895 1496 cccxxix.
1918 1459 2183 1496 BURMANNus.

1210 1520 1270 1554 42.
1298 1510 1416 1545 Leffus
1434 1521 1478 1549 <9¹¹
1496 1509 1658 1559 umbra.]
1688 1515 1832 1547 Somnus
1849 1521 1892 1549 (J
1909 1509 2034 1546 umbra
2053 1508 2207 1549 Sarravfi

1160 1557 1200 1594 δε
1221 1558 1296 1596 duo
1315 1558 1374 1596 alii
1393 1558 1482 1598 libri.
1509 1561 1566 1598 sed
1587 1572 1790 1609 perperam.
1810 1573 1872 1598 111.
1895 1562 1974 1597 Art.
1995 1571 2078 1608 542.

1211 1614 1391 1646 Contemto
1409 1611 1531 1649 colitur
1550 1611 1654 1648 lmus
1671 1623 1714 1651 (φ’
1734 1610 1858 1648 umbra
1868 1612 1958 1657 foro.

1158 1673 1292 1721 Juven.
1313 1686 1384 1712 vu.
1412 1688 1492 1725 τος.

1211 1736 1274 1774 Sed
1282 1750 1387 1786 genus
1406 1739 1576 1787 ignavum
1589 1768 1598 1786 ,
1610 1740 1700 1791 quod
1718 1739 1799 1777 lefflo
1815 1739 1943 1789 gaudet
1963 1737 2159 1779 &umbra

1158 1804 1235 1841 Ubi
1263 1803 1359 1841 male
1380 1805 1463 1840 τεὲἶο
1485 1804 1636 1853 quidam
1657 1804 1815 1841 codices.
1842 1803 2016 1852 Intelligit
2037 1815 2129 1840 vero
2153 1802 2209 1840 le-‘

1160 1854 1260 1892 <stum
1281 1853 1568 1892 lucubratoriam
1582 1882 1592 1897 ‚
1614 1863 1654 1891 ut
1672 1854 1719 1892 ibi
1740 1853 1838 1892 rede
1859 1855 2070 1903 Gangraeus
2083 1881 2093 1898 ‚
2111 1852 2209 1891 male

1158 1906 1218 1943 hic
1236 1905 1386 1943 Marius.
1414 1906 1452 1942 δε
1477 1905 1660 1953 Crispinus
1680 1904 1725 1942 ad
1755 1917 1821 1942 111.
1849 1905 1928 1942 Art.
1955 1915 2036 1952 522.
2065 1906 2208 1941 Leffum

1160 1968 1203 1995 ω’
1223 1954 1386 1991 umbram
1406 1967 1459 1993 res
1482 1956 1645 1993 maxime
1674 1962 1773 2004 aptas
1799 1955 1985 1992 amoribus
2008 1954 2121 1999 dicit,
2150 1955 2209 1993 ni-

1159 2007 1212 2044 hil
1238 2006 1422 2044 somnians
1445 2006 1489 2043 de
1505 2007 1705 2043 Po'e'tarum
1722 2006 2032 2043 lucubrationibus
2048 2033 2057 2050 ,
2078 2005 2139 2043 sed
2159 2005 2207 2044 de

1158 2057 1409 2095 Parifiensibus
1428 2057 1496 2095 suis
1517 2056 1825 2095 ambulationibus
1844 2057 1881 2093 ὅ(
1903 2056 2025 2094 lustris,
2049 2056 2181 2094 Euam.

1211 2121 1269 2157 45.
1301 2107 1397 2143 Vides
1425 2106 1611 2156 vigilem]
1644 2107 1783 2155 Agilem
1812 2108 2017 2144 Puteaneus
2047 2107 2084 2143 δί
2115 2118 2208 2156 qua-

1160 2166 1245 2196 tuor
1265 2159 1347 2201 alii,
1377 2169 1463 2195 cum
1492 2160 1608 2205 prima
1631 2157 1804 2195 editione.
1826 2158 2037 2194 Hsmsms.
2067 2157 2204 2195 RecCte:

1159 2220 1207 2246 ne
1235 2208 1399 2247 offendat
1427 2208 1534 2245 sonus
1564 2208 1686 2245 similis
1717 2209 1755 2245 in
1782 2207 1878 2244 vides
1905 2208 2056 2256 vigilem.
2084 2207 2206 2244 similis

1158 2261 1310 2297 varietas
1337 2261 1419 2297 infr.
1450 2271 1497 2295 11.
1526 2259 1659 2295 Amor.
1688 2270 1742 2296 1v.
1768 2269 1826 2304 27.
1855 2260 1892 2296 ἃ
1924 2260 1972 2296 ita
1998 2257 2096 2306 agilis
2125 2263 2203 2293 Dea

1159 2310 1280 2347 Diana
1309 2309 1418 2358 Epist.
1449 2321 1502 2346 iv.
1539 2311 1617 2346 166.
1656 2308 1751 2345 Bella
1781 2319 1977 2347 moventem
1998 2336 2010 2354 ‚
2051 2317 2204 2357 quoque

1159 2361 1437 2409 Neapolitanus.
1465 2360 1727 2397 Bummmis.

1210 2415 1270 2458 46.
1297 2412 1373 2460 Qi
1393 2424 1461 2447 non
1480 2410 1603 2460 vult.]
1634 2411 1789 2459 Legitur
1818 2411 1879 2455 &‚
1908 2408 1982 2458 §Qui
2007 2406 2092 2443 nolit
2109 2405 2204 2454 fieri.

1158 2462 1340 2500 Munus.
1370 2461 1473 2498 Nolet
1496 2462 1677 2498 meliores.
1703 2473 1780 2510 quo
1802 2463 1839 2498 &
1861 2462 1919 2498 alii
1940 2457 2137 2504 adludunt,
2162 2458 2205 2498 in

67 2510 181 2550 Cicer.
201 2524 254 2551 xv.
279 2512 380 2551 Fam.
401 2513 508 2562 Epist.
532 2524 589 2563 13.
616 2519 735 2551 Natus
759 2514 808 2551 ad
835 2514 1007 2564 agendum
1033 2516 1104 2553 ali·
1156 2513 1311 2562 quibus,
1326 2512 1485 2558 nolit,&
1507 2511 1623 2550 nollet.
1642 2512 1853 2549 Hrmsms.

628 2669 1426 2740 ELEGIA
1570 2667 1660 2734 X.

469 2852 614 2907 Ualis
651 2851 714 2905 ab
739 2850 948 2906 Eurota
970 2818 1216 2924 Phrygiis
1245 2850 1422 2906 aveRa
1450 2851 1672 2916 cariniS,

358 2857 477 2995 Q
546 2923 878 2997 Conjugibus
900 2925 1025 2980 belli
1047 2922 1216 2979 caussa
1239 2923 1448 2979 duobus
1478 2935 1618 2978 erat:

128 3157 158 3184 1.
195 3146 323 3195 §Qualis
347 3145 389 3183 ab
417 3150 550 3195 Europa
581 3147 736 3197 Phrygiis
761 3152 910 3189 admeza
935 3149 1103 3199 carinis]

75 3199 202 3234 Eurota
231 3199 270 3235 &
298 3199 421 3234 averia
449 3209 533 3234 curn
561 3198 770 3237 melioribus
796 3202 1036 3241 scribendum.
1061 3200 1108 3240 ad

77 3244 252 3287 Eurotam
283 3249 382 3289 enim
420 3256 504 3286 nata
542 3248 698 3286 Helena.
743 3255 930 3299 Spartanus
962 3257 1110 3291 Eurotas
1161 3251 1452 3301 Agamemnone
1469 3250 1630 3289 Senecae
1648 3248 1702 3291 iss.
1724 3248 1808 3284 281.

2017 2991 2198 3065 Qualis

1160 3148 1365 3188 Claudiano
1387 3147 1496 3187 Cons.
1520 3148 1634 3198 Olyb.
1659 3158 1744 3197 237.
1776 3145 1913 3185 Nasoni
1941 3157 1982 3181 η.
2003 3143 2095 3179 Met.
2116 3151 2198 3196 247.

1163 3200 1363 3237 Taenarius.
1408 3201 1467 3238 Est
1498 3211 1649 3249 quoque
1681 3200 1717 3236 id
1752 3209 1891 3236 nomen
1922 3200 2131 3240 corruptum
2162 3202 2198 3229 m

1624 3299 1661 3334 A
1680 3309 1700 3333 a
1720 3308 1740 3332 a
1774 3308 1793 3332 2
2063 3297 2205 3340 Spartae
