2553 3676
2130 170 2224 216 323

300 211 2009 307 EPIGRAMMA

102 393 243 534 N
457 390 586 522 A
805 389 889 523 S
1125 387 1268 529 O
1488 391 1634 527 N
1853 400 2214 539 IS

340 708 1962 886 AMOREsons

317 1004 397 1072 Ui
435 1000 636 1070 modo
671 997 939 1072 Nasonis
975 1001 1282 1072 fueramus
1320 1002 1596 1095 quinque
1627 999 1846 1083 libelli,

413 1098 567 1167 Tres
600 1094 836 1167 sumus:
886 1098 1013 1168 hoc
1047 1097 1123 1167 illi
1156 1096 1436 1192 praetulit
1469 1100 1684 1168 audior
1721 1122 1898 1195 opus.

171 1199 262 1263 Ut
292 1200 418 1286 jam
452 1193 616 1263 nulla
650 1193 757 1261 tibi
793 1221 907 1262 nos
944 1192 1015 1262 fit
1048 1192 1247 1290 legisse
1282 1194 1561 1288 voluptas
1580 1225 1601 1281 3

265 1296 355 1361 At
383 1290 572 1363 levior
606 1288 822 1360 demtis
856 1315 1062 1384 poena
1095 1290 1337 1361 duobus
1369 1293 1496 1360 erit.

127 1459 160 1488 1.
186 1448 260 1498 Qt'
283 1450 380 1486 moda
410 1450 580 1500 NaslmiS,
608 1450 710 1500 cyon]
739 1449 960 1498 Scripserunt
980 1460 1025 1487 ex
1045 1461 1109 1487 an-

15 1516 17 1523 ⁴
75 1501 181 1551 tiquis
202 1501 298 1549 apud
318 1502 510 1539 Romanos
529 1502 659 1551 elegias
681 1501 849 1540 Tibullus
862 1529 872 1543 ,
887 1501 1107 1548 Propertius,

75 1551 259 1594 Ovidius,
287 1551 324 1587 δε
355 1552 477 1589 Gallus
500 1580 510 1596 ,
549 1562 589 1589 ut
622 1554 671 1590 ait
702 1550 971 1600 Quinffilimrus
992 1551 1054 1588 h'b.
1074 1563 1108 1588 x.

12 1616 15 1623 ·
74 1613 153 1650 cap.
177 1602 206 1638 1'.
235 1601 347 1649 Cujus
364 1602 454 1639 haec
476 1602 582 1638 verba
598 1601 698 1639 sunt:
728 1600 846 1648 Elegia
864 1605 1005 1636 Graecos
1025 1614 1108 1649 quo-

13 1655 15 1671 ”
74 1666 139 1702 que
159 1660 410 1700 provocamus:
449 1652 544 1698 cujus
580 1651 668 1688 mihi
701 1653 805 1700 tersus
840 1661 945 1700 atque
976 1650 1108 1698 elegans

12 1695 15 1740 1

73 1701 228 1738 maxime
253 1700 394 1737 videtur
418 1704 536 1737 amor
570 1701 735 1739 Tibullus.
772 1707 860 1737 Sunt
885 1701 944 1751 qui
969 1707 1108 1750 Proper-

70 1750 163 1787 tium
182 1750 322 1787 malint.
349 1752 498 1787 Ovidius
515 1762 657 1812 utroque
678 1752 858 1801 lascivior:
879 1750 971 1800 ficut
990 1751 1109 1788 durior

73 1800 207 1837 Gallus.
236 1802 361 1847 Quem
391 1801 540 1842 locum,
572 1813 655 1838 cum
687 1803 799 1850 vulgo
830 1814 907 1838 non
930 1802 1108 1849 intelliga-

12 1861 15 1889 '.
72 1858 154 1894 tur,
180 1850 250 1898 ipse
278 1850 477 1888 declarabo.
516 1852 548 1888 Is
567 1853 674 1899 igitur
696 1851 988 1900 Quinctilianus,
1021 1851 1105 1889 cum

11 1940 13 1944 Α
74 1901 228 1939 Latinos
252 1900 437 1949 scriptores
467 1903 505 1938 in
540 1913 773 1951 quacumque
806 1901 990 1948 disciplina
1020 1913 1105 1939 cum

73 1952 219 1989 Graecis
238 1950 495 1999 comparasset,
522 1959 602 1990 tum
622 1953 703 1996 illa,
730 1963 824 2001 quae
844 1951 961 1988 modo
977 1953 1106 1990 recita-

74 2002 137 2046 vi,
163 2001 270 2037 verba
287 2001 384 2039 addit
394 2016 404 2044 ;
434 2003 471 2039 in
501 2003 629 2050 quibus
658 2003 703 2040 de
724 2003 872 2051 Elegiae
893 2001 1104 2049 praestantia

70 2050 287 2100 apertiffime
312 2051 485 2100 loquitur.
514 2052 610 2089 Cum
634 2064 720 2101 ergo
741 2054 778 2090 ὃς
800 2065 843 2089 ex
863 2052 927 2089 suo
947 2081 958 2096 ,
998 2053 1036 2089 δε
1057 2064 1102 2090 ex

71 2101 302 2150 quorundam
316 2101 479 2150 judicio,
509 2105 653 2140 cuinam
677 2103 823 2141 illorum
850 2103 998 2150 Elegiae
1020 2103 1103 2140 scri—

9 2138 14 2172 5
71 2150 210 2188 bendae
229 2151 444 2200 principatus
465 2151 549 2190 esset
569 2153 783 2191 deferendus
797 2182 807 2198 ‚
835 2151 995 2196 dixisset,
1022 2153 1101 2190 sub-

72 2199 163 2239 didit
182 2201 362 2239 Ovidium
382 2202 534 2240 Tibullo
558 2205 596 2241 &
623 2204 814 2252 Propertio
841 2203 910 2240 effe
936 2203 1102 2241 lascivio-

73 2262 171 2295 rem,
200 2251 344 2289 Gallum
362 2253 452 2290 vero
474 2253 670 2291 duriorem.
699 2255 734 2292 Si
756 2253 858 2304 quod
877 2254 951 2290 dixi
973 2266 1101 2292 verum

73 2302 141 2346 est,
156 2310 194 2340 ut
211 2302 256 2339 de
278 2302 423 2352 Elegiae
442 2304 650 2352 praestantia
669 2305 839 2354 loquatur
853 2333 862 2348 ‚
878 2304 979 2341 nullo
993 2305 1102 2353 pae'to

72 2353 246 2397 verbum,
273 2365 348 2402 quo
375 2353 433 2390 ille
466 2355 600 2399 utitur,
629 2355 789 2404 lascivior
820 2355 955 2403 exponi
985 2355 1102 2403 potest

74 2413 120 2440 eo
139 2402 256 2446 sensu,
272 2415 349 2452 quo
370 2404 496 2452 vulgus
516 2407 656 2453 accipit.
686 2405 803 2453 Quod
823 2407 924 2442 enim
943 2405 1100 2443 antithe-

73 2458 140 2490 ton
160 2451 242 2490 effet
258 2453 417 2502 lascivior
439 2466 522 2491 cum
546 2456 658 2492 verbo
679 2455 822 2493 durior?
849 2455 989 2492 nullum
1004 2484 1013 2499 ,
1038 2464 1101 2493 aut

73 2501 169 2540 certe
195 2504 364 2541 otiosum.
408 2505 505 2553 Ergo
538 2504 735 2542 neceffario
766 2505 962 2543 dicendum
1000 2505 1048 2542 est
1078 2505 1098 2543 a

73 2552 341 2601 QuinCtiIiano,
367 2556 430 2603 qui
456 2555 516 2599 id,
544 2567 584 2592 ut
611 2556 839 2604 Rhodiginus
870 2555 1100 2593 animadver-

70 2603 135 2647 tit,
163 2601 182 2640 a
204 2603 335 2642 Seneca
353 2607 492 2653 accepit
507 2634 515 2648 ‚
544 2606 603 2643 ubi
626 2606 728 2655 quod
753 2607 812 2644 hic
835 2607 964 2644 Noster
982 2607 1042 2644 lib.
1066 2619 1098 2645 1.

71 2652 316 2702 Metamorph.
333 2655 377 2692 de
395 2655 536 2693 diluvio
554 2656 671 2694 scribit
685 2685 695 2700 ,
713 2658 897 2694 examinat
911 2686 920 2701 ‚
938 2657 1096 2695 omnino

70 2701 255 2758 significari
283 2705 463 2743 Ovidium
490 2707 604 2755 ipsum
627 2707 783 2755 pluribus
805 2707 925 2744 modis
941 2736 950 2751 ,
977 2706 1091 2757 quam

71 2752 239 2790 Tibullus
276 2756 313 2791 ὃς
346 2756 550 2804 Propertius
591 2758 683 2795 soliti
728 2757 807 2795 sunt
825 2786 836 2802 ,
878 2758 1090 2797 sententiam

69 2801 170 2839 suam
195 2829 205 2844 ‚
240 2814 315 2840 non
346 2806 463 2844 minus
498 2816 621 2845 tamen
661 2808 842 2856 eleganter
863 2836 873 2851 ,
918 2808 1092 2846 extulisse.

73 2853 164 2900 Quo
195 2851 292 2889 sensu
326 2856 493 2903 accipitur
528 2858 547 2894 a
585 2858 742 2907 Virgilio
779 2859 910 2906 lasciva
944 2859 1092 2907 capella,

70 2901 216 2957 Ecloga<
230 2914 273 2956 Π..
298 2902 392 2957 lllud
409 2906 480 2942 huc
499 2907 741 2955 adjiciendum
755 2936 764 2951 ,
778 2910 857 2946 illos
882 2908 1008 2958 (quod
1030 2921 1095 2946 ne-

73 2963 136 2989 mo
158 2952 385 3011 rniitiabitur)
414 2959 680 3003 propemodum
697 2961 844 3004 omnia,
872 2971 966 3009 quae
988 2959 1094 3008 scrip-

73 3001 188 3059 serunt
209 3028 219 3045 2
257 3013 276 3038 C
310 3002 531 3058 §ramorum
554 3009 663 3046 -fonte
690 3009 837 3047 hausifl'e
861 3024 869 3047 :
910 3010 1091 3048 Ovidium

75 3062 186 3107 vero,
205 3063 299 3105 quae
321 3064 356 3088 m
377 3053 429 3107 his
453 3055 603 3102 Elegiis,
619 3059 682 3095 suo
703 3070 841 3105 marte,
869 3070 909 3098 ut
936 3060 1065 3097 dicitur
1081 3090 1092 3105 ,

73 3101 235 3138 ceciniile
262 3130 274 3145 9
323 3102 591 3151 felicissimeque
633 3109 838 3156 expressisse.
877 3113 1093 3149 Cromnos.

75 3148 161 3189 Duo
178 3153 266 3188 haee
286 3153 401 3200 priora
421 3152 562 3190 disticha
582 3167 656 3192 non
677 3158 720 3195 ad
740 3161 901 3208 Elegiam
922 3162 1092 3209 primam,

72 3201 134 3239 cui
151 3213 335 3252 perperam
357 3202 528 3242 haetenus
555 3204 813 3254 adnectuntur,
839 3211 917 3248 sunt
934 3212 1091 3250 referen-

1163 1449 1230 1494 da,
1256 1449 1317 1488 sed
1348 1450 1583 1500 Epigramma
1607 1460 1672 1498 per
1698 1448 1733 1488 se
1761 1447 1964 1487 conficiunt
1985 1462 1995 1486 :
2031 1447 2134 1499 quod
2154 1449 2210 1489 se-='

1165 1500 1304 1538 eundae
1326 1501 1514 1539 Amorum
1535 1500 1690 1539 editioni
1714 1500 1813 1539 Naso
1837 1499 1986 1537 duxerat
2006 1500 2210 1550 praefigen-=

1164 1551 1265 1588 dum.
1294 1551 1410 1601 quue
1439 1552 1561 1590 Mario
1581 1551 1699 1599 Nigro
1723 1552 1761 1589 in
1783 1559 1948 1588 mentem
1969 1563 2121 1600 quoque
2143 1563 2209 1589 ve-

1162 1600 1250 1638 niffe
1278 1601 1372 1639 serus
1403 1601 1672 1646 animadverti,
1701 1613 1744 1639 ac
1775 1600 1897 1650 postea
1928 1602 2084 1650 Mycillo
2101 1616 2112 1644 ;
2142 1603 2206 1650 qui

1163 1652 1321 1701 Nigrum
1338 1652 1445 1691 laude
1465 1650 1585 1690 debita
1613 1651 1775 1690 fraudare
1795 1663 1872 1689 non
1895 1650 2030 1688 debuit.
2060 1652 2209 1689 Politia-

1161 1713 1228 1740 nus
1250 1703 1360 1740 etiam
1382 1704 1420 1740 in
1445 1704 1509 1740 suo
1537 1703 1735 1751 exemplari
1759 1700 1855 1739 linea
1873 1701 2022 1738 induerat
2038 1702 2106 1738 hos
2123 1714 2206 1740 ver-

1161 1752 1216 1790 sus
1235 1751 1255 1789 a
1276 1753 1506 1803 sequentibus
1526 1752 1743 1791 dividendos
1761 1752 1879 1789 videri
1897 1751 2105 1800 designarat.
2134 1752 2205 1790 Sed

1162 1803 1200 1839 &
1225 1803 1263 1840 in
1296 1803 1549 1841 Arondeliano
1580 1802 1710 1840 codice
1730 1831 1741 1846 ‚
1776 1803 1913 1839 recenti
1940 1801 2090 1850 quidem
2116 1802 2204 1848 illo,

1160 1853 1220 1890 sed
1238 1862 1362 1891 tamen
1390 1854 1574 1903 scripturas
1600 1864 1870 1901 nonnunquam
1899 1852 2204 1891 emendatiffimas

1163 1904 1356 1942 exhibente
1377 1932 1388 1949 ,
1425 1917 1537 1954 quem
1577 1904 1633 1941 vir
1672 1904 1827 1941 eximius
1866 1914 1908 1939 ac
1949 1902 2202 1942 celeberrimus

1161 1953 1365 1992 Franciscus
1390 1956 1518 2002 Junius
1542 1966 1627 1992 cum
1651 1954 1724 1991 aliis
1747 1952 1961 2003 quibusdam
1988 1952 2201 1992 Britannicis

1159 2004 1338 2042 utendum
1361 2006 1453 2042 mihi
1471 2005 1665 2048 concessit,
1693 2004 1835 2053 liquido
1863 2003 2066 2051 separatum
2091 2003 2110 2040 a
2127 2006 2200 2052 pri-

1160 2065 1221 2091 ma
1243 2055 1368 2104 Elegia
1388 2056 1462 2092 hoc
1490 2055 1605 2104 ipsum
1633 2055 1867 2103 Epigramma
1887 2054 2118 2101 spesi-abatur.
2146 2055 2200 2092 At

1158 2104 1195 2140 in
1241 2106 1480 2142 vetustissimo
1530 2106 1666 2153 Regiae
1708 2105 1956 2142 Bibliothecae
1992 2105 2197 2152 fragmento

1157 2154 1264 2192 unius
1290 2156 1451 2204 pagellae
1472 2184 1482 2199 ,
1519 2155 1622 2204 quod
1641 2156 1738 2194 Artis
1763 2155 1980 2192 Amatoriae
2001 2155 2039 2191 &
2059 2156 2198 2191 Reme-

1157 2203 1305 2242 diorum
1325 2206 1420 2243 libris
1441 2206 1678 2249 adhaerebat,
1699 2205 1718 2242 a
1742 2205 1858 2253 prima
1875 2205 2024 2254 quidem
2048 2205 2170 2252 Elegia
2183 2233 2194 2249 ,

1157 2263 1197 2292 ut
1236 2255 1312 2292 fieri
1339 2257 1503 2305 oportuit
1530 2284 1542 2301 ‚
1588 2268 1665 2294 non
1698 2256 1882 2304 legebatur
1914 2255 2091 2293 divulsum
2119 2256 2193 2292 hoc

1157 2305 1415 2354 Epigramma,
1445 2307 1576 2344 debere
1598 2306 1836 2344 nihilominus
1859 2306 1979 2343 divelli
2003 2306 2194 2352 apparebat

1155 2367 1200 2392 ex
1218 2356 1295 2404 ipso
1316 2357 1447 2394 Titulo
1461 2385 1471 2401 ,
1498 2369 1611 2406 quem
1638 2358 1713 2394 hoc
1742 2357 1859 2394 niodo
1878 2356 2050 2404 prodebat
2071 2357 2190 2393 codex

1154 2405 1235 2450 ille,
1262 2407 1302 2444 P.
1332 2408 1479 2444 Ovmn
1510 2409 1687 2444 Nasonis
1718 2408 1845 2444 LIBER
1877 2406 2030 2442 Pssnvms
2058 2406 2191 2442 Remi-2-

1155 2468 1318 2494 DIORUM
1349 2470 1548 2495 EXPLICIT.
1603 2458 1761 2494 Incmr
1794 2459 1975 2500 Eyusnm
2004 2456 2186 2493 Amorum

1154 2507 1283 2544 Lmen
1312 2509 1478 2544 PRmus.
1522 2508 1770 2544 EPIGRAMMA
1800 2508 1935 2543 Ipsius,
1980 2506 2066 2542 Huc
2087 2505 2190 2544 deni<

1152 2568 1225 2606 que
1251 2557 1376 2595 alludit
1405 2558 1521 2595 codex
1544 2558 1686 2594 Patricii
1713 2558 1811 2603 junii
1827 2585 1836 2600 ‚
1865 2557 1965 2604 cujus
1986 2556 2022 2592 in
2043 2556 2187 2600 fronte,

1152 2607 1372 2645 IncrmuNT
1415 2609 1715 2645 Eme-{RAMMATA
1762 2609 1957 2643 Amorum.
2010 2610 2187 2641 Amorum

1150 2657 1251 2694 libros
1271 2659 1342 2696 dici
1361 2668 1552 2707 oportere,
1572 2656 1745 2707 quicquid
1767 2657 1969 2705 obstrepant
1987 2656 2093 2693 MSS.
2113 2657 2187 2705 ipse

1152 2709 1310 2747 Ovidius
1330 2710 1388 2746 lib.
1412 2723 1471 2746 111.
1495 2710 1570 2745 Art.
1595 2720 1673 2756 343.
1692 2707 1820 2745 docet:

1198 2765 1316 2809 Deque
1332 2758 1440 2796 trihus
1460 2759 1556 2795 libris
1568 2788 1576 2802 ,
1594 2757 1717 2794 titulus
1738 2772 1818 2807 quos
1825 2756 1943 2807 signat
1960 2762 2135 2795 Amorum
2146 2786 2159 2803 ,

1250 2810 1353 2858 Elige.
1406 2811 1614 2847 Hfirnsms.

1149 2864 1296 2896 Amores
1324 2860 1466 2897 inscribi
1496 2861 1627 2897 debere
1657 2860 1724 2896 hos
1751 2859 1860 2896 libros
1891 2859 2001 2895 docet
2030 2871 2182 2907 quoque

1150 2911 1353 2958 Spartianus
1381 2912 1418 2947 in
1448 2912 1520 2947 vita
1546 2910 1641 2947 Aelii
1671 2910 1772 2947 Veri.
1793 2922 1868 2957 cap.
1893 2922 1927 2946 v.
1956 2910 2014 2946 ubi
2043 2918 2180 2951 narrat,

1150 2960 1289 2998 Verum
1319 2961 1440 2997 Ovidii
1468 2960 1568 2997 libros
1597 2966 1771 2997 Amorum
1798 2961 1835 2996 in
1866 2960 1944 2995 let-lo
1966 2959 2095 3007 semper
2115 2958 2180 2992 lsa-

1148 3010 1257 3060 buiffe.
1285 3012 1429 3048 Merula
1457 3024 1546 3048 vero
1574 3011 1618 3048 ad
1644 3012 1703 3048 lib.
1727 3023 1788 3047 111.
1812 3012 1889 3047 Art.
1912 3022 1989 3057 345.
2010 3008 2180 3063 ineptissi-

1148 3074 1208 3098 me
1238 3063 1312 3099 hoc
1337 3062 1511 3099 distichon
1543 3063 1590 3099 ita
1618 3063 1737 3109 capit,
1766 3060 1862 3109 quali
1884 3061 2043 3108 quinque
2063 3058 2178 3100 libris,

1147 3112 1192 3149 de
1216 3113 1305 3149 Arte
1331 3101 1558 3150 Amandi⁰&
1580 3111 1761 3148 Remedio
1782 3109 2021 3159 praeponierit
2043 3115 2111 3142 tres
2133 3107 2179 3144 ad

1149 3163 1365 3199 Corinnam.
1394 3164 1655 3200 Ennium-nus.
2227 3174 2229 3177 ’

1202 3223 1234 3259 3.
1260 3218 1303 3248 Ut
1316 3213 1394 3261 jam
1414 3214 1513 3250 nulla
1535 3213 1636 3257 riba]
1669 3212 1702 3248 Si
1729 3213 1807 3260 quis
1835 3210 2021 3256 diligenter
2038 3206 2177 3244 sensum

1582 3263 1603 3298 S
1623 3273 1636 3298 s
1673 3273 1693 3296 2
2106 3269 2183 3296 car«
