2553 3676
587 181 1168 248 ,AM‘DRUM
1240 202 1414 240 LIB.

1482 185 1592 243 1111.
1670 192 1718 247 6.
2111 215 2209 265 401

365 291 458 346 Te
483 304 698 363 quoque
721 278 1023 355 promissam
1047 278 1298 360 Xanth0‚
1332 280 1541 347 Penee,
1578 284 1831 346 Creusam

437 360 743 415 Phthiotum
768 352 920 408 terris
947 351 1232 407 occululffe
1257 353 1450 410 ferunt.

365 433 513 506 Quid
537 429 763 484 referam
787 428 1039 498 Asopon,
1076 441 1239 498 quem
1263 426 1408 498 cepit
1432 427 1630 484 Martia
1652 430 1878 499 Thebe,

432 504 689 557 Natarum
711 499 906 554 Thebe
930 499 1169 572 quinque
1191 498 1368 553 futura
1390 503 1607 571 parens?

252 595 317 645 35
356 575 573 630 Cornua
599 573 637 627 fi
660 586 749 627 tua
773 591 915 628 nunc
942 572 1034 626 ubi
1057 573 1186 636 sint,
1217 572 1491 637 Acheloe,
1528 576 1823 646 requiram;

429 646 683 701 Herculis
709 646 839 700 irata
863 644 1023 700 frasta
1051 664 1279 720 querere
1303 663 1479 702 manu.

356 719 474 774 Nee
498 720 632 773 tanti
658 718 932 791 Calydon,
968 737 1068 774 nec
1095 731 1209 774 tota
1233 719 1450 774 Aetolia
1473 718 1636 781 tanti3

428 791 547 846 Una
576 806 754 846 tamen
777 793 909 846 tanti
934 792 1187 847 Deianira
1210 791 1326 847 fuit.

356 863 639 919 Ille-fluens
663 865 811 919 dives
836 865 1049 936 septena
1073 883 1168 937 per
1191 864 1320 918 ostia
1343 865 1525 928 Nilus,

246 955 316 1007 40

71 1158 73 1162 ⁴
113 1159 174 1199 31.
202 1146 423 1199 Neaeram]
461 1147 552 1186 Sunt
581 1147 822 1197 manuscripta
852 1148 1098 1197 exemplaria,

65 1197 102 1239 in
127 1201 256 1250 quibus
276 1201 426 1250 legitur,
457 1200 631 1249 Cre'thfizm.
659 1199 802 1237 Verum
822 1199 917 1237 hanc
939 1200 1098 1238 fabulam

62 1252 159 1300 apud
177 1252 316 1290 nullum
333 1250 669 1301 auctoremmeque
688 1251 873 1288 Graecum
891 1262 1014 1300 neque
1026 1251 1102 1288 La-

63 1303 183 1341 tinum
199 1330 210 1347 ,
229 1315 289 1340 me
317 1300 438 1351 legisse
457 1303 625 1340 memini.
651 1303 690 1340 &
717 1301 925 1338 Phitiadum
946 1300 1098 1350 quidem

64 1353 104 1391 in
123 1353 290 1391 omnibus
309 1362 384 1391 tarn
398 1353 570 1402 impreffis
582 1351 696 1402 quam
710 1351 957 1401 manuscriptis
971 1363 1100 1391 exem-

62 1403 216 1452 plaribus
251 1404 413 1453 legitur:
459 1415 529 1453 ego
568 1403 660 1441 vero
699 1403 897 1452 legendum
946 1403 1098 1441 arbitror

60 1453 292 1501 Phthijadum
308 1483 319 1500 ‚
348 1453 369 1492 a
397 1454 530 1492 Phthia
546 1482 556 1498 ,
583 1466 679 1504 quae
710 1453 915 1492 Thefl'aliae
940 1465 1019 1502 pars
1049 1454 1098 1492 est

57 1504 223 1543 australis.
251 1506 431 1544 Mamas.
459 1506 747 1543 Commentator
767 1506 947 1542 hocloco
975 1503 1095 1550 addit,

57 1555 96 1592 in
120 1556 334 1604 quibusdam
354 1557 618 1605 exemplaribus
637 1556 771 1604 scriptis
785 1583 795 1600 ‚
814 1556 981 1604 Creusam
994 1583 1004 1599 ‚
1028 1566 1095 1603 pro

60 1610 196 1642 Neaera
215 1607 298 1655 legi.
325 1608 428 1655 quod
446 1619 523 1645 non
544 1615 640 1644 caret
656 1606 796 1655 prorsus
814 1607 958 1644 ratione
974 1619 981 1643 :
1009 1617 1096 1644 nam

59 1657 99 1693 δε
127 1656 300 1694 Pindarus
331 1658 417 1696 Ode
448 1670 500 1695 rx.
529 1657 610 1703 (ybs.
638 1657 722 1701 22.)
757 1657 975 1704 Pythiorum
1001 1684 1011 1700 ‚
1051 1668 1097 1695 ex

59 1706 198 1744 Creusa
226 1707 348 1745 Na'i'de
382 1709 420 1746 ὃς
449 1708 573 1745 Peneo
608 1706 795 1756 Hypseam
826 1717 950 1756 regem
985 1707 1098 1756 Lapi-

59 1756 205 1795 tharum
222 1785 232 1801 ‚
263 1767 402 1806 patrem
423 1759 586 1807 Cyrenes
615 1766 744 1796 natum
774 1757 874 1795 dicit.
901 1757 1013 1805 ipsam
1035 1770 1099 1796 au-

59 1816 137 1845 tem
168 1808 341 1845 Creusam
372 1810 479 1854 γαίας
515 1810 693 1854 θυγατέρα
725 1817 844 1846 vocat.
875 1810 1100 1847 chrLLUS.

61 1858 163 1896 Libri
182 1868 322 1896 veteres
340 1859 504 1907 Cre'asam
520 1887 529 1901 ‚
559 1860 711 1902 melius,
737 1867 778 1896 ut
799 1867 904 1908 puto.
931 1860 1097 1897 CxorAu.

62 1910 163 1947 Cave
193 1915 365 1946 Neaeram
389 1922 454 1957 pro
484 1911 609 1958 Cre'isssz
631 1909 800 1946 admittas
824 1937 834 1953 ,
870 1909 1096 1958 quae-lectio

61 1972 139 1998 non
158 1960 223 1997 nisi
245 1961 281 1997 in
301 1960 442 1997 duobus
461 1961 520 1998 vel
539 1960 650 1998 tribus
673 1959 858 1996 codicibus
884 1961 1097 1998 recentioris

59 2019 171 2050 notae
196 2013 364 2048 occurrit.
410 2011 478 2048 Sus
499 2011 614 2048 icabar
641 2010 839 2059 aliquando
866 2010 1094 2049 scribendum

61 2061 153 2106 effe,
175 2061 368 2110 promiffam
387 2069 458 2098 Xut
488 2075 503 2097 o
524 2061 698 2110 Cre'aesam.
725 2062 763 2098 ὅς
783 2061 1029 2109 intelligebam
1051 2062 1096 2100 de

62 2113 198 2150 Creusa
225 2112 414 2150 Erechtaei
445 2113 675 2150 Athenarum
713 2112 824 2160 Regis
852 2111 925 2149 filia
945 2140 955 2155 ‚
1001 2125 1096 2161 quae

62 2164 190 2201 Xutho
221 2161 395 2200 Thessalo
423 2163 589 2200 Hellenis
613 2162 690 2200 filio
721 2162 851 2211 nupfit.
878 2174 954 2199 rem
979 2172 1097 2201 narrat

59 2213 246 2253 Pausanias
274 2214 526 2251 Achaicorum
553 2214 660 2251 initio
683 2226 691 2249 :
733 2214 771 2249 &
791 2212 935 2250 Aut‘tor
956 2213 1001 2250 de
1024 2216 1098 2251 ori-

61 2265 144 2314 gine
167 2263 305 2301 ·Gentis
334 2265 527 2301 Romanae
554 2276 575 2301 a
609 2264 763 2301 Schotto
794 2263 909 2301 editus
939 2276 1017 2312 cap.
1042 2277 1097 2303 11.

61 2321 140 2356 tum
169 2315 207 2352 ὃς
236 2315 317 2358 alii,
342 2316 406 2363 qui
427 2315 565 2352 addunt
591 2314 634 2352 ab
656 2314 833 2363 Apolline
855 2312 1096 2363 compressam

61 2366 193 2403 Ionem
220 2365 379 2414 genuisse
399 2380 411 2408 ;
448 2374 558 2414 atque
582 2365 668 2403 hinc
695 2365 912 2413 Apollinem
937 2368 1098 2411 πατρῷον

60 2417 105 2454 ab
134 2415 412 2453 Atheniensibus
444 2417 597 2453 cultum.
623 2416 682 2453 sed
712 2426 798 2453 cum
826 2416 999 2453 Pindarus
1025 2416 1097 2465 Py-

62 2467 223 2504 thiorum
243 2465 330 2503 Ode
352 2479 403 2503 rx.
431 2466 606 2503 Creusam
627 2466 792 2503 Na'idem
811 2466 951 2503 Terrae
968 2466 1096 2513 filiam,

62 2529 139 2555 non
160 2517 420 2554 Atheniensem
441 2517 538 2553 illam
552 2544 564 2561 ,
592 2515 612 2553 a
631 2516 757 2554 Peneo
776 2525 936 2554 amatam
954 2518 1097 2562 innuat,

61 2577 161 2605 nunc
193 2575 300 2604 muto
329 2567 556 2604 sententiam.
591 2567 636 2603 de
667 2567 795 2604 Xutho
825 2574 952 2603 tamen
978 2567 1098 2615 placet

67 2618 273 2666 conjeetura
285 2645 294 2661 ,
310 2617 413 2666 quod
430 2619 458 2654 is
477 2615 667 2654 Thessalus
687 2618 807 2654 fuerit.
833 2617 998 2654 Xanthus
1013 2626 1096 2656 toto

66 2668 155 2706 orbe
183 2666 204 2704 a
236 2667 415 2706 Thessalia
443 2676 608 2705 remotus
630 2668 758 2705 locum
786 2667 847 2704 hic
876 2670 938 2705 vix
964 2668 1094 2707 habet:

63 2717 268 2769 praesertim
285 2730 370 2756 cum
388 2719 463 2766 ejus
480 2730 623 2755 amores
640 2718 750 2767 paulo
769 2726 853 2755 ante
866 2718 946 2767 jam
966 2731 1097 2757 occur-

63 2771 186 2808 rerint.
206 2769 581 2819 Nymphamquoque
593 2769 768 2806 Creusam
786 2769 881 2806 hanc
901 2770 986 2807 facit
998 2770 1096 2808 Dio-

66 2821 176 2858 dorus
197 2818 330 2856 Siculus
354 2820 414 2857 lib.
448 2832 503 2857 1v.
531 2820 800 2857 Bibliothecae:
829 2816 1006 2857 Ὠκεανοῦ
1033 2823 1097 2858 καὶ

66 2869 196 2911 Τκθυές
211 2896 220 2911 ,
236 2870 331 2903 κατὰ
353 2873 431 2912 τοὺς
446 2870 565 2915 μύθους
577 2898 588 2914 ,
601 2869 726 2913 παῖδες
746 2869 906 2915 ἐγένοντο
926 2872 1072 2914 πλείους
1086 2901 1096 2918 ,

66 2922 236 2961 ποταμῶν
257 2918 434 2961 ἐπώνυμοι.
463 2921 498 2956 ἐν
515 2917 563 2962 οἷς
581 2923 644 2957 καὶ
666 2922 830 2966 Πηνειὸς,
854 2918 924 2969 ἀφ’
944 2917 981 2957 οὗ
998 2926 1097 2959 συνέ-

67 2973 113 3018 βη
143 2972 202 3006 τὸν
233 2967 267 3003 ἐν
296 2970 486 3016 Θετταλίᾳ
514 2974 655 3011 Πηνειὸν
675 2971 880 3018 ὠνομάσθαι.
905 2973 1005 3016 οὗτος
1031 2973 1096 3019 Σὲ,

68 3022 186 3068 μιγεῐς
207 3021 344 3063 Νυμφῇ
368 3023 410 3064 τῇ
429 3024 740 3068 προσαγορευομένῃ
762 3026 935 3069 Κρεούσῃ,
964 3025 1097 3068 παῖδας

68 3075 232 3118 ἕγέυκσεν
249 3069 366 3112 (Τῲέει
383 3073 444 3105 καὶ
460 3072 633 3114 Στῖλβην.
659 3074 865 3112 Phthiotam
885 3083 1008 3113 autem
1028 3087 1097 3113 ter-

68 3125 116 3162 ris
142 3121 365 3172 reposuimus
393 3132 437 3156 ex
466 3121 651 3158 Puteaneo
677 3124 814 3162 codice.
839 3127 877 3164 in
896 3139 972 3174 quo
995 3127 1098 3164 Phio-

69 3183 169 3216 2um,
198 3185 282 3209 cum
312 3170 542 3207 Phthiiadam
571 3179 653 3208 ante
677 3173 865 3220 legeretur.
891 3178 1002 3215 Certe
1030 3179 1100 3215 Pe-

66 3236 178 3262 neum
198 3224 349 3258 Φθιῶται]
371 3221 612 3258 Callimachus
629 3223 782 3269 appellat
792 3225 951 3274 Hymno
972 3229 1008 3264 in
1021 3228 1099 3265 De-

71 3315 80 3335 t

65 3273 158 3321 lum,
171 3276 207 3313 ἃ
224 3273 389 3312 Goltzius
403 3274 441 3310 in
455 3273 607 3310 Graecia
626 3279 823 3311 nummum
843 3278 928 3314 citat
942 3278 1101 3317 Φθιώτων.

428 936 539 1009 Qui
563 938 787 1010 patriam
813 949 988 992 tantae
1011 952 1122 994 tam
1148 937 1284 994 bene
1307 938 1444 994 celat
1469 941 1667 1011 aquae,

2007 1007 2202 1072 Fertur

1153 1141 1214 1186 sed
1233 1145 1338 1199 quod
1356 1148 1500 1186 codices
1516 1145 1683 1196 plerique
1702 1146 1912 1186 Phitiadum
1931 1146 2201 1192 &Phiciadum

1154 1199 1381 1249 agnoscunt,
1406 1199 1542 1248 opinor
1563 1198 1666 1236 scribi
1683 1198 1839 1238 debere:

1165 1265 1168 1267 ’
1716 1251 1881 1299 Creusam

1207 1299 1389 1337 Phthiada
1399 1299 1467 1348 fieb
1488 1300 1588 1337 terris
1608 1300 1779 1350 occuluff
1790 1303 1928 1349 fierunt.

1154 1351 1318 1399 Creusam
1328 1351 1545 1397 ·Phtiada,ut
1553 1351 1597 1389 ab
1608 1352 1944 1389 Athenienfiffaltera
1956 1351 2072 1391 Xuthi
2081 1356 2200 1394 amica

1153 1401 1357 1451 distinguat.
1371 1402 1438 1439 -De
1448 1414 1544 1440 voce
1555 1401 1705 1439 Phthias
1717 1402 1878 1440 diximus
1893 1402 1939 1439 ad
1952 1402 2021 1451 Ep.
2032 1415 2102 1442 vn.
2120 1407 2200 1449 πός,

1153 1451 1545 1490 Hemaphtheiadum
1554 1453 1672 1491 Achil.
1687 1454 1773 1491 Stat.
1783 1453 1828 1490 ad
1840 1453 1960 1490 Catul.
1971 1465 2119 1492 comam
2133 1456 2201 1493 Be-

1152 1503 1613 1546 renices,&Maearam‚nis1
1623 1504 1750 1542 vitiosa
1760 1504 1870 1541 lecftio
1879 1504 2026 1541 librariis
2036 1504 2201 1544 debetur.

1204 1567 1261 1604 34.
1291 1561 1470 1594 Natarum
1492 1554 1601 1592 Thebe
1620 1555 1771 1606 quinque
1783 1556 1914 1601 futura
1925 1555 2089 1604 parens.]
2121 1557 2199 1595 Has

1153 1607 1318 1655 quinque
1338 1606 1498 1643 recenset
1512 1607 1684 1654 interpres
1696 1606 1841 1643 Pindari
1854 1605 1939 1642 Ode
1952 1617 2005 1642 vi.
2018 1604 2087 1653 obs.
2104 1607 2200 1655 144.)

1155 1656 1447 1705 Olympiorum,
1471 1657 1526 1694 his
1551 1656 1764 1694 nominibus
1787 1669 1795 1693 :
1832 1660 2005 1703 Cvrcyra,
2033 1656 2200 1704 Aegina,

1154 1706 1331 1750 Salamis,
1360 1707 1468 1744 Thebe
1488 1735 1498 1752 ‚
1535 1717 1579 1746 (φ
1604 1707 1790 1755 Harpinna
1813 1722 1824 1741 .·
1862 1718 1994 1755 easque
2023 1715 2122 1744 natas
2151 1719 2200 1746 ex

1153 1758 1312 1806 Merope
1344 1757 1462 1802 dicit,
1499 1770 1594 1807 quae
1622 1757 1695 1795 filia
1724 1757 1900 1795 Ladonis.
1939 1756 2010 1793 Sed
2037 1757 2199 1795 Ovidius

1153 1808 1242 1845 alios
1260 1809 1398 1846 secutus
1416 1808 1582 1846 aueores
1601 1808 1770 1852 videtur,
1799 1808 1864 1856 qui
1888 1814 2045 1844 matrem
2065 1807 2197 1846 harum

1155 1858 1289 1896 Theben
1304 1859 1413 1902 facit,
1433 1871 1510 1896 non
1530 1865 1685 1908 Metopen
1698 1875 1709 1894 .·
1735 1858 1794 1895 alii
1814 1858 1926 1894 etiam
1946 1857 2064 1905 plures
2083 1857 2198 1906 Asopi

1152 1909 1240 1947 filias
1270 1918 1545 1947 annumerant:
1581 1917 1622 1947 ut
1648 1908 1807 1945 Cleonem
1830 1935 1839 1951 ,
1868 1906 1890 1944 a
1917 1919 1989 1956 qua
2018 1907 2198 1945 Cleionae

1151 1960 1333 2009 oppidum
1354 1960 1460 2009 juxta
1491 1961 1677 1998 Nemeam
1701 1973 1709 1996 :
1748 1958 1956 2002 plumeam,
1984 1957 2004 1995 a
2028 1970 2100 2007 qua
2118 1959 2198 1996 Pla-

1151 2018 1231 2049 teae
1255 2011 1433 2060 oppidum
1453 2010 1650 2048 Boeotiae:
1681 2015 1830 2053 Beroen,
1859 2007 1879 2045 a
1901 2020 1973 2058 qua
1993 2008 2110 2045 Beroe
2131 2020 2200 2057 op-

1150 2061 1304 2110 pidum:
1333 2062 1424 2099 item
1442 2062 1626 2099 Euboiam
1641 2089 1651 2105 ,
1680 2059 1700 2098 a
1721 2073 1792 2110 qua
1809 2059 1945 2097 insulae
1962 2071 2125 2096 nomen:
2156 2061 2196 2097 δε

1153 2112 1323 2156 Comben,
1352 2124 1446 2161 quae
1474 2113 1514 2149 &
1541 2111 1682 2148 Chalcis
1704 2111 1811 2149 dicta.
1838 2111 1884 2147 de
1911 2110 2040 2159 quibus
2060 2111 2191 2158 partim

1152 2162 1339 2200 Pausanias
1355 2165 1395 2200 in
1412 2163 1567 2200 Boeotia
1580 2191 1589 2206 ,
1604 2163 1738 2209 partim
1759 2161 1964 2199 Eustathius
1984 2161 2021 2197 in
2039 2173 2071 2197 2.
2094 2160 2195 2198 Iliad.

1153 2212 1382 2251 M1crttus.
1410 2213 1666 2250 Rittershusius
1692 2220 1798 2250 notat
1825 2211 1870 2249 ad
1893 2211 2055 2259 Oppiani
2075 2210 2134 2247 lib.
2161 2222 2193 2248 1.

1152 2263 1206 2306 ybs.
1234 2266 1292 2312 2'5.
1313 2263 1558 2302 Herodotum
1584 2263 1672 2301 duas
1699 2263 1894 2301 nominare
1923 2261 2031 2304 filias,
2061 2258 2193 2296 Theben

1154 2314 1193 2351 &
1212 2315 1399 2363 Aeginam.
1424 2326 1580 2364 quarum
1599 2315 1717 2359 hanc,
1747 2325 1833 2351 cum
1854 2320 1955 2362 pater
1981 2310 2115 2348 indicio
2139 2310 2195 2347 Si-

1152 2364 1256 2413 syphi
1275 2364 1505 2414 cognovisset
1526 2366 1569 2402 ab
1585 2365 1680 2411 Jove
1699 2372 1836 2413 raptam
1854 2391 1864 2407 ,
1891 2362 2103 2416 persequens
2121 2360 2193 2398 ful-

1154 2417 1255 2453 mine
1289 2416 1405 2454 taetus
1441 2416 1501 2453 est.
1551 2424 1591 2453 ut
1620 2415 1729 2453 habet
1762 2413 2013 2453 Callimachus]
2041 2422 2193 2459 ejusque

1153 2465 1366 2505 Scholiastes
1400 2468 1438 2504 in
1469 2467 1613 2514 Hymn.
1644 2467 1682 2503 in
1714 2465 1864 2501 Delum.
1895 2462 1953 2507 78.
1989 2462 2028 2497 δε
2062 2463 2194 2509 repetit

1153 2517 1275 2555 Schol.
1299 2518 1493 2567 Apollonii
1509 2517 1570 2553 lib.
1592 2528 1623 2552 1.
1649 2514 1723 2552 vid.
1745 2516 1783 2551 δε
1806 2515 1930 2550 Lutat.
1948 2510 1993 2548 ad
2014 2511 2100 2548 Stat.
2118 2522 2193 2549 vn.

1153 2578 1235 2614 317.
1267 2569 1305 2605 ὃς
1333 2579 1417 2615 424.
1446 2566 1635 2604 Diodorus
1664 2565 1800 2602 Siculus
1821 2563 1882 2600 lib.
1909 2573 1962 2598 iv.
1989 2560 2190 2599 duodecim

1151 2617 1239 2655 filias
1256 2619 1293 2656 ei
1312 2619 1460 2659 tribuit,
1488 2628 1643 2666 quarum
1672 2616 1710 2652 ὃς
1738 2614 1894 2651 nomina
1920 2611 2091 2649 recenset.
2118 2612 2194 2649 Ce-

1150 2676 1268 2706 terum
1293 2667 1503 2706 Scholiastes
1525 2666 1669 2704 Pindari
1686 2665 1732 2702 ad
1756 2665 1830 2702 Od.
1853 2675 1916 2701 vr.
1938 2663 1994 2706 fis.
2023 2673 2104 2709 144.
2129 2662 2191 2700 sex

1151 2720 1331 2764 recenset,
1360 2720 1428 2757 illis
1448 2746 1457 2762 ,
1493 2730 1581 2767 quas
1600 2717 1773 2766 Micyllus
1800 2721 1992 2753 enumerat
2011 2740 2022 2756 ‚
2053 2712 2190 2751 addens

1152 2776 1320 2808 Nemean.
1348 2770 1612 2808 BURMANNUS.

1203 2832 1260 2870 35.
1288 2821 1322 2857 si
1349 2832 1412 2857 tna
1434 2820 1520 2868 sunt
1551 2818 1610 2855 abi
1638 2816 1767 2867 nana]
1796 2815 1832 2853 si
1850 2825 1913 2853 tua
1932 2827 2025 2852 nunc
2045 2812 2189 2863 τιυὶ-[ἰπὶ

1150 2872 1333 2911 meliores.
1359 2871 1468 2909 reete.
1496 2870 1707 2907 Hemsms.
2163 2915 2169 2920 ¹

1202 2935 1261 2969 40.
1290 2927 1422 2959 Tantae
1437 2934 1504 2958 non
1522 2920 1602 2957 bene
1620 2919 1745 2969 celat.]
1775 2917 1877 2956 Tam
1896 2920 2048 2965 magnus
2068 2916 2188 2963 inquit

1152 2971 1284 3011 fluvius
1322 2985 1401 3010 non
1435 2972 1582 3010 deberet
1616 2972 1762 3008 fontem
1798 2970 1904 3007 suum
1934 2966 2150 3006 abscondere
2171 2977 2185 3006 ;

1151 3023 1211 3061 sed
1233 3024 1474 3072 manuscripta
1494 3022 1713 3070 exemplaria
1731 3020 1888 3058 habent:

1203 3075 1279 3123 Qei
1293 3074 1450 3124 patriam
1471 3084 1592 3110 tantae
1609 3083 1683 3108 tam
1703 3071 1782 3108 bene
1800 3071 1888 3106 celat
1908 3080 2029 3117 aquae.

1152 3127 1262 3174 Quae
1286 3125 1399 3163 lenio
1425 3125 1570 3162 melior.
1595 3124 1772 3160 Manius.
1808 3122 1850 3158 In
1881 3117 2125 3165 Neapolitano
2145 3116 2185 3153 ὅτ,

1152 3177 1317 3213 Palatino
1346 3177 1469 3225 primo
1502 3183 1600 3218 erat,
1627 3184 1731 3210 tanta
1756 3184 1831 3208 tam
1860 3170 1939 3205 bene
1966 3166 2050 3202 celat
2079 3179 2188 3216 aqna.

1154 3227 1250 3264 forte
1269 3238 1335 3273 pro
1356 3228 1464 3263 tacita
1486 3238 1589 3275 aqua.
1616 3233 1656 3261 ut
1675 3235 1753 3261 xxv.
1776 3222 1930 3257 Metam.
1950 3221 2033 3254 601.

1207 3276 1324 3314 Tacito
1348 3277 1475 3324 deferre
1493 3276 1560 3325 snb
1585 3285 1732 3325 aequora
1760 3271 1866 3317 cursa.

1643 3324 1766 3369 Qqq
1800 3332 1819 3357 ὲ

2090 3287 2195 3365 isis.
