2553 3676
641 140 1536 239 A'MORUML1RI.
1615 203 1659 245 3.
2116 202 2206 248 333

307 291 335 341 5
376 274 608 344 Accipe,
644 287 740 339 per
760 268 947 334 longos
974 263 1069 317 tibi
1094 265 1185 336 qui
1211 264 1470 320 deserviat
1495 284 1688 322 annos:

449 343 681 411 Accipe,
718 337 811 408 qui
836 338 967 406 pura
991 336 1135 389 norit
1162 352 1334 389 amare
1362 337 1485 392 fide.

379 415 434 469 Si
457 431 541 467 me
563 427 673 463 non
695 421 940 462 veterum
964 407 1346 461 commendant
1372 425 1559 479 magna
1586 424 1866 480 parentum

441 482 700 541 Nomina;
739 479 775 532 fi
799 478 962 533 nostri
984 479 1244 550 sanguinis
1272 477 1453 533 auffrm·
1478 498 1668 552 eques3

373 555 489 609 Nec
513 570 662 606 meus
685 552 976 606 innumeris
1002 564 1289 606 renovatur
1313 568 1529 623 campus
1553 553 1732 604 aratris
1749 577 1769 614 ς.

268 644 329 682 10

438 625 733 695 Temperat
762 624 816 677 δε
841 624 1039 677 sumtus
1064 641 1250 695 parcus
1275 637 1503 705 uterque
1527 639 1743 694 parens;

370 698 446 752 At
469 695 751 759 Phoebus,
788 696 1123 768 comitesque
1149 713 1376 757 novem,
1412 710 1641 767 vitisque
1667 707 1940 765 repertor,

439 767 571 824 Hoc
593 769 814 824 faciant:
856 767 940 832 ἃ,
977 785 1063 822 me
1088 769 1181 840 qui
1206 767 1302 822 tibi
1328 767 1522 833 donat,
1559 769 1733 822 Amor
1748 785 1768 820 :1

83 974 204 1025 penore
231 971 342 1009 multa
369 980 512 1009 vovent.
537 979 578 1009 ut
606 971 757 1021 quidam
786 971 835 1009 ibi
856 969 1012 1009 codices.
1036 968 1110 1008 vid.

85 1024 129 1062 ad
148 1023 254 1071 Epist.
272 1035 344 1059 vu.
362 1034 395 1069 4.
422 1021 470 1058 fic
490 1022 595 1059 Pont.
620 1035 650 1060 1.
670 1035 759 1059 vm.
781 1033 840 1069 79.

131 1074 193 1110 Ah
212 1073 361 1109 nimium
380 1072 464 1123 quid
484 1072 593 1109 amice
604 1072 691 1122 petis
703 1082 717 1111 ,ἓ
745 1071 953 1109 moderatius
971 1080 1060 1122 opta.

83 1122 183 1163 Nihil
201 1132 325 1161 tamen
342 1131 482 1160 temere
502 1122 733 1160 mutandum.
761 1123 968 1160 Hmusxus.

132 1185 164 1223 3.
192 1179 343 1210 Tantum
359 1172 553 1222 patiatur.]
584 1173 737 1211 Francio
764 1174 888 1210 clarius
912 1171 1033 1221 paullo
1055 1173 1112 1209 vi-

10 1258 13 1264 .
80 1224 251 1268 debatur,
279 1223 304 1260 fi
330 1224 528 1272 legeretur,
556 1223 652 1259 modo
672 1224 710 1272 st.»
730 1224 892 1272 patiatur
917 1222 1051 1259 amari:
1072 1223 1111 1259 δε

10 1272 13 1313 ἶ
81 1283 170 1312 mox
202 1274 346 1311 volebat
370 1302 380 1318 ,
418 1274 558 1309 Audiat
583 1273 666 1310 ah!
706 1272 844 1320 nostras.
881 1280 917 1309 at
947 1273 1110 1317 Moreti‚

10 1342 13 1352 ¹
80 1324 246 1363 Audieris
263 1323 397 1371 nostras.
424 1324 634 1372 elegantius.

133 1388 166 1422 ς.
194 1373 267 1410 Tibi
294 1374 352 1424 qui
380 1374 551 1421 deserviat
572 1372 714 1422 annos]
746 1372 821 1410 Nifi
842 1373 1017 1410 familiare
1037 1373 1111 1411 hoc

80 1424 222 1462 Ovidio
240 1421 324 1461 effer
344 1425 495 1461 verbum
509 1451 518 1468 ,
547 1424 586 1460 &
605 1424 755 1472 longam
772 1423 981 1460 servitutem
1003 1433 1109 1460 nota-

76 1485 116 1512 re
139 1475 279 1523 egregie
298 1471 413 1522 poffet
426 1502 434 1515 .
463 1473 649 1511 crederem
667 1475 727 1510 hic
749 1485 768 1510 a
789 1473 933 1511 librario
951 1473 1111 1510 eundem

82 1536 241 1562 errorem
271 1522 526 1568 commissum,
554 1536 666 1573 quem
692 1523 863 1561 Heinsius
881 1524 927 1561 ad
946 1523 1055 1571 Epist.
1076 1536 1111 1561 v.

81 1586 162 1622 119.
182 1575 219 1611 in
242 1586 335 1611 voce
357 1576 406 1610 Di
426 1582 541 1610 notat.
563 1576 601 1611 ὃς
622 1574 782 1623 legerem
796 1601 806 1618 ‚
829 1573 892 1610 tibi
909 1573 990 1623 qui,
1014 1579 1110 1618 Dea,

71 1623 208 1672 serviat
232 1637 348 1660 annos.
376 1624 635 1660 Bunmmuus.

131 1674 163 1710 8.
199 1674 233 1709 si
270 1674 380 1720 nostri.
400 1673 414 1722 ]
459 1673 631 1710 Illustravi
663 1674 764 1710 hunc
796 1673 923 1710 Iocum
958 1672 1020 1710 lib.
1054 1686 1110 1712 11.

78 1723 267 1760 Tristium.
305 1724 521 1760 CioFANth.
574 1723 722 1760 Rectius
759 1723 818 1760 alii
838 1751 848 1767 ‚
892 1730 963 1759 Nec
997 1723 1108 1770 nostri.

75 1773 292 1811 Hfirusrus.
331 1775 411 1809 lmo
439 1774 582 1821 vulgata
611 1774 722 1821 proba
750 1773 819 1817 est,
849 1773 887 1809 &
909 1773 1107 1811 retinenda.

76 1825 156 1872 quis
175 1824 272 1859 enim
295 1824 436 1871 ignorat
464 1823 592 1859 Ovidii
614 1823 757 1870 stirpem
778 1823 1001 1871 equestrem,
1031 1824 1069 1859 ὅ(
1087 1836 1107 1861 a

14 1891 16 1910 a
78 1873 219 1921 proavis
241 1872 351 1922 usque
379 1871 568 1909 auetorem
595 1871 772 1920 sanguinis
800 1874 963 1920 equitem
993 1872 1107 1910 fuiffe.

15 1937 17 1943 ⁴
78 1922 137 1960 sed
164 1921 303 1960 sordida
332 1923 420 1959 haec
446 1923 585 1959 amicae
612 1923 688 1970 ejus
711 1921 897 1958 videbatur
918 1922 1106 1967 conditio,

77 1984 170 2022 quae
193 1973 387 2010 fastidiebat
412 1973 551 2021 equites
572 1999 583 2015 ,
619 1973 658 2009 &
675 1983 751 2008 non
771 1971 837 2008 nisi
858 1973 894 2008 in
916 1972 1106 2010 Orchestra

76 2022 197 2060 sedere
217 2023 372 2059 volebat.
398 2022 621 2071 subintellige
641 2034 728 2070 ergo
748 2031 901 2058 tantum.
921 2022 945 2058 si
963 2031 1106 2060 tantuin

80 2084 191 2121 eques
212 2101 221 2116 ,
258 2085 332 2109 non
363 2073 513 2109 Senator
540 2072 581 2109 fit
615 2072 742 2109 auctor
772 2071 881 2108 nostri
917 2072 1107 2120 sanguinis.

76 2122 175 2160 reite
193 2122 388 2159 vindicavit
406 2124 478 2159 hoc
496 2123 645 2159 Marius.
674 2124 712 2159 &
729 2122 803 2159 hoc
822 2135 949 2169 magna
965 2123 1107 2159 nomina

15 2191 19 2215 ς
80 2173 228 2220 exigunt
246 2201 256 2216 ,
291 2184 384 2221 quae
414 2173 596 2221 majorum
625 2173 790 2221 gentium
816 2173 986 2220 patricios
1015 2172 1108 2209 defi-

16 2235 19 2239 *
78 2231 197 2271 gnant.
225 2230 264 2260 ut
293 2222 387 2270 apud
419 2223 572 2259 Martial.
602 2234 636 2259 v.
669 2222 776 2270 Epist.
801 2234 854 2267 17.
885 2223 982 2260 unde
1008 2222 1102 2259 clara

80 2272 240 2316 nomina,
268 2281 307 2309 ut
327 2273 384 2308 liic
406 2273 607 2309 Puteaneus
631 2272 804 2309 secundus
821 2272 974 2310 habebat
988 2299 997 2314 ‚
1024 2284 1102 2310 non

79 2321 297 2359 admittenda
329 2319 397 2358 effe
426 2332 534 2370 patet.
566 2322 639 2359 vid.
667 2322 712 2359 ad
743 2322 848 2370 Epist.
880 2335 936 2359 11.
971 2336 1026 2369 50.
1054 2325 1102 2360 ita

79 2371 207 2420 Vellej.
226 2385 268 2409 11.
287 2372 344 2408 83.
365 2372 408 2409 de
424 2374 658 2410 Maecenate:
687 2372 839 2422 equestri
853 2399 863 2416 ‚
883 2372 945 2418 sed
955 2372 1104 2421 splendi-

82 2421 122 2456 do
143 2435 253 2469 genere
280 2434 392 2458 natus.
420 2423 456 2459 id
479 2423 527 2459 est
552 2435 627 2459 non
651 2424 807 2459 Patricio
823 2450 832 2464 ,
860 2423 919 2459 scd
942 2423 1103 2470 Equestti

80 2478 239 2514 tantum,
266 2482 426 2510 attamen
454 2473 652 2519 splendido.
682 2473 776 2509 male
796 2474 833 2509 &
861 2473 933 2509 illic
962 2481 1106 2510 mutant

20 2519 22 2523 ’
80 2521 145 2558 viri
163 2521 269 2559 doc‘ti.
298 2523 553 2559 ssuKMANNuS.

136 2584 190 2609 10.
218 2579 389 2622 Temperat
408 2585 450 2611 cr
461 2572 637 2621 fiuntur]
660 2572 791 2608 Malim
806 2600 816 2616 ‚
837 2571 861 2608 fi
881 2584 943 2620 per
959 2572 1105 2620 scriptos

82 2621 221 2659 codices
248 2623 353 2660 liceat
372 2651 381 2665 ‚
409 2623 544 2671 sumzu.
571 2631 609 2659 ut
633 2623 775 2670 sumptu
803 2634 867 2669 pro
887 2622 1023 2670 summi
1052 2623 1106 2660 di-

79 2682 179 2708 catur
214 2674 421 2717 ἀρχκϊκῶς,
466 2682 526 2709 aut
563 2672 781 2720 praepositio
814 2672 1104 2720 subintelligatur.

80 2722 288 2759 Hfimsxus.
312 2723 443 2771 Neque
462 2724 521 2760 hic
536 2731 662 2760 contra
681 2721 823 2758 codices
844 2731 1023 2759 mutarem
1042 2723 1107 2759 ali-

83 2772 182 2819 quid.
209 2777 398 2820 Temperare
422 2774 521 2810 enim
545 2774 589 2810 etl
611 2772 812 2814 moderari,
839 2783 886 2808 ne
906 2781 1004 2809 extra
1022 2784 1106 2810 mo-

84 2822 173 2858 dum
200 2819 257 2857 fiat
283 2823 452 2868 profusio.
482 2823 554 2860 vid.
582 2823 701 2859 Barth.
727 2821 772 2858 ad
800 2822 884 2858 Stat.
908 2834 961 2859 11.
982 2823 1105 2860 Theb.

87 2882 171 2918 130.
199 2869 246 2905 est
277 2883 362 2907 vero
396 2873 492 2910 idem
517 2873 619 2921 quod
640 2873 883 2909 Terentianus
909 2872 969 2908 ille
991 2873 1106 2909 Chre-

86 2931 163 2957 mes
189 2918 263 2955 filio
289 2919 350 2956 suo
377 2931 491 2959 cantat
512 2924 647 2960 Heaut.
672 2936 702 2959 1.
729 2934 782 2958 11.
806 2921 973 2957 Praebent
992 2922 1107 2969 exigue

79 2973 268 3019 sumptum.
296 2970 332 3004 δε
362 2971 471 3007 Andr.
501 2985 544 3009 11.
568 2973 602 3009 6.
630 2973 697 3008 Ait
719 2972 867 3007 nimium
882 2981 980 3020 parce
991 2971 1108 3017 facere

80 3021 268 3068 sumptum.
297 3019 344 3054 ita
370 3029 547 3066 temperare
571 3022 782 3059 convivinm.
806 3022 919 3059 Plaut.
940 3022 1051 3060 Stich.
1070 3033 1108 3060 v.

89 3081 140 3107 1-v.
162 3081 194 3105 2.
223 3068 482 3104 Romaanus.
571 3077 576 3083 ·

141 3131 193 3155 11.
221 3117 387 3165 Jurisque
407 3117 584 3166 repertor.]
614 3119 670 3155 Sic
695 3120 843 3168 quidem
868 3121 904 3157 in
931 3122 1104 3170 impressis

87 3167 508 3215 exemplar-ibuslegrtur.
530 3167 588 3203 sed
606 3169 721 3205 nullus
742 3170 871 3208 decens
888 3171 1003 3209 sensus
1024 3173 1106 3209 elici

86 3218 209 3265 potest.
237 3218 336 3257 Hinc
365 3228 435 3266 ego
467 3218 557 3256 olim
585 3228 744 3256 errorem
772 3221 834 3267 <ut
861 3221 959 3269 erat)
989 3222 1107 3261 existi-

2132 841 2204 897 Et

1166 979 1269 1007 mans
1291 997 1301 1013 ,
1336 969 1411 1008 fine
1440 968 1544 1007 ullius
1582 968 1796 1017 exemplaris
1831 966 2048 1005 auctoritate
2073 995 2082 1011 ‚
2116 968 2204 1006 Ioco

1165 1020 1291 1064 Juris,
1314 1021 1398 1057 Vitis
1418 1019 1615 1069 legendnm
1636 1018 1705 1056 esse
1727 1019 1911 1055 arbitratus
1932 1018 2021 1055 sum.
2049 1018 2095 1055 Et
2113 1019 2206 1056 haec

1166 1074 1249 1106 mea
1278 1071 1456 1108 correeuo
1479 1097 1489 1114 ‚
1525 1068 1614 1106 ficut
1641 1071 1678 1106 ὃς
1708 1069 1797 1106 aliae
1828 1068 2033 1116 complures
2064 1068 2101 1105 in
2130 1070 2204 1107 hoc

1165 1131 1276 1168 opere
1300 1149 1311 1165 ,
1348 1122 1407 1159 vel
1437 1119 1647 1158 doctissimis
1674 1120 1759 1156 viris
1786 1119 1919 1167 placuit
1942 1131 1951 1154 ε
1989 1119 2082 1156 inter
2109 1130 2203 1167 quos

1166 1171 1245 1207 viro
1276 1171 1496 1209 nobiliffimo
1522 1198 1532 1214 ‚
1571 1179 1680 1218 atque
1710 1171 1815 1206 omni
1851 1168 2039 1206 doec-sinae
2068 1180 2204 1216 genere

1164 1221 1375 1268 praestanti,
1403 1220 1572 1258 Andreae
1598 1219 1794 1257 Trivisano
1812 1247 1821 1263 ,
1851 1220 1997 1267 patritio
2026 1219 2202 1263 Veneto,

1168 1272 1259 1308 mihi
1280 1273 1317 1309 ὃς
1336 1272 1463 1309 officiis
1491 1272 1529 1307 &
1553 1271 1793 1307 familiaritate
1811 1269 2107 1318 conjunctissimo
2126 1282 2133 1306 :
2163 1271 2202 1307 ὃς

1169 1322 1352 1359 Leonello
1372 1324 1507 1359 Leono
1528 1322 1704 1358 patavino
1728 1320 1819 1363 civi,
1846 1320 2007 1356 Graecae
2031 1320 2204 1357 Latinae-

1167 1383 1240 1420 que
1261 1374 1426 1421 Linguae
1453 1371 1687 1420 peritiflimo:
1717 1371 1867 1419 ejusque
1892 1369 1988 1406 fratri
2008 1369 2203 1414 Antonio,

1166 1433 1259 1470 quos
1287 1434 1357 1471 ego
1383 1423 1490 1460 unice
1520 1422 1660 1469 semper
1686 1419 1796 1458 dilexi
1825 1422 1863 1456 ἅ
1889 1419 2024 1468 diligo:
2062 1420 2100 1456 ὃς
2128 1420 2204 1457 aliis

1164 1473 1409 1520 compluribus
1424 1484 1536 1522 ,quos
1559 1483 1689 1509 omnes
1711 1470 1917 1512 recensere,
1943 1470 2051 1517 longa
2072 1469 2206 1507 admo-

1163 1521 1252 1560 dum
1283 1521 1369 1560 efl'et
1393 1523 1549 1560 historia.
1576 1523 1701 1559 Postea
1732 1532 1821 1558 vero
1845 1548 1854 1563 ,
1885 1527 1968 1556 cum
2000 1519 2204 1568 castigatior

1168 1572 1296 1610 Ovidii
1320 1573 1507 1610 Amorum
1539 1572 1656 1610 codex
1685 1571 1730 1608 ad
1757 1570 1890 1608 nostras
1917 1581 2046 1606 manus
2075 1582 2206 1617 perve-

1165 1620 1291 1665 nisset,
1319 1635 1396 1659 non
1427 1623 1527 1659 aliter
1555 1634 1597 1660 ac
1624 1622 1649 1658 fi
1675 1621 1919 1658 correctiones
1939 1619 2102 1663 nostrae,
2130 1621 2205 1669 Py-

1163 1672 1231 1708 thii
1253 1673 1433 1719 Apollinis
1456 1673 1601 1709 oracula
1620 1669 1784 1715 fuissent,
1809 1669 2009 1707 veriffimae
2028 1681 2204 1718 apparue-

1162 1730 1258 1759 runt.
1286 1722 1449 1770 Quidam
1471 1731 1575 1759 antea
1593 1722 1698 1767 Juris
1715 1730 1857 1770 repertor
1876 1720 2036 1768 legentes
2050 1747 2060 1762 ‚
2088 1732 2206 1767 quae-

1163 1771 1247 1809 dam
1272 1771 1317 1809 de
1341 1773 1520 1820 Apollinis
1538 1773 1661 1809 eborei
1682 1771 1898 1808 simulachro
1912 1797 1922 1813 ‚
1951 1769 2052 1817 quod
2075 1771 2137 1816 (ut
2157 1771 2202 1806 li-

1163 1822 1227 1859 bro
1250 1834 1321 1859 vn.
1341 1823 1449 1859 refert
1468 1822 1628 1869 Plinius)
1654 1822 1692 1859 in
1718 1822 1802 1858 foro
1822 1819 1976 1867 Augusti
1999 1827 2073 1856 erat
2087 1847 2104 1864 ,ι
2123 1819 2202 1857 satis

1161 1872 1285 1920 inepte
1313 1873 1539 1920 protulerunt
1562 1886 1570 1909 :
1609 1882 1655 1908 eo
1684 1871 1868 1918 Juvenalis
1896 1870 2056 1907 carmine
2081 1870 2200 1916 moti,

1163 1922 1264 1971 quod
1283 1927 1329 1959 eit
1349 1924 1383 1959 in
1404 1923 1518 1971 prima
1541 1923 1664 1971 Satyra
1682 1934 1691 1958 ε

1214 1972 1389 2020 Sportula,
1418 1973 1537 2009 deinde
1545 1974 1665 2019 sorum
1677 1999 1686 2014 ‚
1710 1969 1866 2021 jurisque
1877 1969 2007 2019 peritus
2025 1969 2158 2019 Apollo.

1165 2022 1233 2059 Sed
1255 2035 1348 2071 quae
1368 2023 1428 2061 alii
1447 2023 1541 2060 male
1561 2022 1741 2064 dixerint,
1770 2023 2008 2058 omittamus:
2038 2021 2199 2070 illudque

1160 2074 1282 2119 potius
1299 2084 1447 2121 agamus
1461 2101 1470 2117 ‚
1497 2073 1626 2121 quibus
1647 2071 1756 2109 causis
1779 2071 1947 2114 adducti,
1974 2083 2051 2108 non
2070 2071 2175 2115 Jnris
2188 2099 2199 2115 ‚

1160 2122 1222 2158 sed
1256 2123 1340 2159 Vitis
1367 2134 1529 2171 repertor
1556 2122 1754 2171 legendum
1785 2120 2120 2158 existimaverimus.
2158 2123 2198 2158 δε

1160 2183 1237 2208 non
1253 2173 1445 2209 Phoebum
1461 2200 1471 2216 ,
1499 2185 1610 2221 quem
1628 2173 1707 2220 jam
1725 2171 1948 2220 praedixerat
1969 2171 2083 2208 Poeta
2096 2199 2107 2215 ‚
2127 2182 2196 2207 nec

1160 2221 1225 2258 nisi
1255 2222 1472 2270 ineptiffime
1509 2222 1556 2259 fic
1585 2230 1765 2270 repeteret
1785 2249 1795 2265 ,
1832 2233 1902 2258 nec
1935 2221 2084 2269 usquam
2107 2221 2197 2270 juris

1158 2280 1383 2319 repertorem
1412 2270 1513 2310 fuiffe
1539 2272 1677 2309 lectum
1709 2272 1756 2308 est
1777 2299 1787 2314 ‚
1822 2271 1883 2308 sed
1911 2271 2094 2308 Bacchum
2124 2268 2195 2306 effe

1157 2322 1446 2370 intelligendum.
1486 2323 1662 2371 Legimus
1699 2323 1798 2358 enim
1834 2329 1914 2358 tum
1950 2320 2045 2368 apud
2080 2321 2168 2356 alios
2181 2342 2199 2364 ,-

1158 2380 1238 2408 tum
1267 2373 1428 2409 maxime
1450 2372 1790 2421 apudDiodorum
1818 2371 2002 2414 Siculum,
2030 2370 2102 2406 vini
2132 2381 2198 2406 au·

1160 2421 1301 2458 &torem
1336 2423 1518 2459 Bacchum
1554 2421 1667 2459 fuisse.
1706 2420 1866 2459 Diodori
1895 2421 2002 2457 verba
2031 2431 2074 2455 ex
2102 2419 2204 2456 libro·

1159 2473 1290 2519 quinto
1309 2472 1400 2510 haec
1418 2473 1527 2510 sunt:
1564 2472 1739 2508 Bacchum
1765 2470 1940 2506 nutritum
1971 2469 1995 2504 ἱι
2022 2470 2196 2516 Nymphis

1159 2524 1262 2568 ajunt
1279 2550 1289 2566 ‚
1318 2522 1398 2558 vini
1429 2523 1615 2570 vineaeque
1645 2519 1786 2569 extitisse
1815 2522 1996 2555 utmorem.
2025 2519 2071 2554 Et
2099 2519 2197 2555 inf&

1160 2572 1230 2608 rius
1252 2585 1260 2608 ε
1298 2572 1447 2619 Docuiffe
1469 2585 1518 2606 eos
1544 2572 1698 2618 insuper,
1726 2582 1869 2619 quorum
1894 2569 1979 2616 regio
2000 2568 2089 2604 vites
2101 2570 2206 2614 ferre

1159 2634 1227 2657 non
1242 2620 1361 2670 posset,
1384 2630 1504 2670 potum
1530 2634 1569 2657 ex
1593 2620 1688 2655 ordeo
1712 2618 1886 2665 conficere,
1914 2631 2013 2667 quem
2034 2618 2198 2654 nonnulli

1160 2671 1282 2707 Zitnm
1309 2671 1429 2707 dicunt
1453 2698 1462 2714 ,
1494 2670 1641 2718 paulum
1667 2683 1688 2705 a
1728 2668 1806 2705 vini
1830 2668 1947 2716 sapore
1971 2667 2194 2715 differentem.

1161 2721 1272 2757 Unde
1294 2722 1331 2758 ὃς
1349 2721 1408 2758 lib.
1427 2733 1470 2757 11.
1487 2720 1621 2758 Fastor.
1641 2731 1722 2769 329.
1745 2718 1842 2756 Naso
1862 2719 1911 2755 ait
1930 2718 1974 2755 de
2000 2718 2165 2755 Baccho:

1212 2771 1327 2819 Causa
1342 2798 1351 2814 ,
1378 2771 1534 2819 repertori
1552 2770 1638 2805 vitis
1655 2768 1737 2817 quia
1748 2769 1851 2815 sacra
1862 2767 2047 2816 parabant.

1163 2821 1204 2858 In
1232 2822 1344 2859 tutela
1373 2830 1498 2858 autem
1532 2820 1664 2856 Bacchi
1699 2819 1830 2855 Poeta-s
1859 2816 1928 2854 effe
1955 2817 2202 2862 constitutos,

1161 2872 1240 2919 quis
1267 2871 1438 2908 dubitat?
1476 2869 1518 2907 Id
1543 2868 1758 2918 apertissime
1786 2868 1931 2905 Flaccus
1953 2869 1989 2905 in
2016 2868 2194 2914 Epistola·

1161 2932 1243 2958 rum
1260 2921 1320 2958 lib.
1345 2932 1375 2958 1.
1394 2921 1440 2958 ad
1456 2921 1715 2957 Maecenatem
1732 2918 1973 2960 demonstrat,
2000 2919 2166 2965 inquiens
2181 2926 2203 2953 εἰ

1717 2974 1760 3004 Ut
1781 2969 1871 3005 male
1891 2967 1994 3016 sanos

1214 3017 1400 3069 Adscripfit
1420 3020 1517 3057 Liber
1539 3019 1692 3068 Satyris,
1721 3018 1914 3068 Faunisque
1936 3020 2079 3060 Po‘e‘tas,

1212 3071 1300 3106 Vina
1320 3074 1386 3111 sere
1402 3071 1513 3107 dulces
1529 3071 1687 3106 oluerunt
1705 3081 1806 3105 mane
1827 3074 2028 3104 camoenae.

1166 3120 1272 3158 Idem
1288 3121 1379 3158 libro
1398 3121 1612 3158 Carminum
1634 3119 1791 3156 secundo
1806 3131 1814 3154 :

1212 3170 1385 3206 Bacchum
1408 3172 1445 3208 in
1465 3171 1599 3207 remotis
1618 3169 1774 3206 carmina
1793 3166 1930 3217 rupibus

1214 3219 1301 3258 Vidi«
1315 3221 1485 3261 docentem
1500 3248 1511 3268 ‚
1539 3231 1610 3261 <7⁴⁶-

1631 3267 1669 3307 T
1687 3276 1703 3305 t
1738 3277 1761 3315 3

2089 3263 2206 3310 lde-113²
