2553 3676
511 185 1331 252 MEDICAMINA
1402 190 1840 252 FACIEI.

2143 222 2238 247 *JDV-

2148 248 2191 259 r*

388 291 601 347 Profuit
628 291 682 344 δε
707 283 998 342 marathros
1023 281 1160 338 bene
1186 286 1450 344 olentibus
1477 289 1678 346 addere
1710 292 1967 361 myrrhis;

460 366 718 438 Quinque
743 356 950 413 trahant
977 356 1228 410 marathri
1251 359 1516 432 scrupula,
1554 363 1767 438 myrrha
1792 382 2010 422 novem.

379 439 713 509 Arentisque
743 429 889 484 rosae
924 442 1184 503 quantum
1209 448 1391 484 manus
1416 453 1521 489 una
1544 437 1875 506 prehendat,

456 510 706 580 Cumque
732 504 1093 557 Ammoniaco
1121 503 1347 558 mascula
1388 517 1504 559 tura
1526 508 1640 563 sale.

274 601 341 656 95
382 582 609 639 Hordea
633 595 796 652 quem
822 576 1022 632 faciunt
1049 577 1146 631 illis
1171 577 1409 633 adfunde
1433 597 1761 639 cremorem.

458 656 714 726 Aequent
738 650 987 722 expensas
1011 668 1137 704 cum
1162 649 1260 704 sale
1285 663 1403 705 tura
1429 652 1586 706 rosaS.

379 726 660 798 Tempore
685 725 743 780 sis
766 741 931 796 parvo
957 724 1143 778 molles
1167 723 1294 777 licet
1326 725 1454 779 illita
1479 727 1686 791 vultus;

454 800 719 856 Haerebit
745 810 865 851 toto
888 798 1086 852 multus
1109 796 1166 850 in
1193 815 1287 851 ore
1314 799 1480 853 color.

91 1005 160 1043 pro
188 991 315 1031 teffera
345 991 518 1042 quadrata
546 991 812 1040 interpretatur.
864 989 925 1026 Ne
946 986 1034 1026 illud
1054 988 1138 1037 qui-

89 1046 175 1083 dem
195 1045 331 1095 placet:
363 1054 402 1083 ut
425 1043 520 1082 dicat
545 1043 702 1081 Ovidius
726 1042 911 1091 myrrham
933 1040 1137 1078 addendam

87 1095 156 1134 effe
185 1097 230 1134 ad
262 1096 468 1134 mensuram
500 1095 670 1133 modicae
704 1093 865 1131 tefferae.
919 1091 988 1129 Sed
1025 1102 1138 1140 quare

90 1148 261 1199 myrrhae
290 1149 350 1185 hic
379 1147 578 1190 meminit,
615 1157 702 1183 cum
732 1144 841 1194 paulo
870 1142 947 1193 post
967 1143 1137 1193 myrrhae

88 1198 151 1237 fiat
173 1198 343 1236 mentio?
382 1199 499 1236 codex
524 1197 788 1245 Neapolitanus
810 1204 893 1233 ante
914 1195 1136 1244 quingentos

88 1259 206 1288 annos
222 1249 371 1298 scriptus
385 1278 394 1294 ‚
422 1249 595 1286 modicum
615 1247 764 1284 emiriris
779 1245 940 1295 pigribus.
993 1245 1139 1300 Patavi-

86 1309 156 1337 nus
171 1326 180 1342 ,
216 1300 233 1335 ἒ
253 1301 369 1337 mutis.
397 1302 512 1348 prima
533 1299 646 1336 editio
664 1325 674 1342 ‚
711 1296 883 1334 modicum
903 1295 1035 1331 meritis
1050 1295 1138 1343 pige-

88 1347 163 1387 bus.
200 1349 401 1388 Bartholini
431 1350 520 1387 liber
553 1350 593 1385 τῦ
621 1349 637 1384 ὲ
666 1359 743 1384 11011
771 1345 954 1395 agnoscit,
996 1354 1035 1382 ut
1064 1357 1135 1383 nec

87 1407 249 1448 quatuor
265 1401 336 1437 alii.
389 1400 588 1437 Vaticanus
604 1427 613 1443 ,
640 1397 766 1435 mirtis.
793 1409 859 1446 pro
872 1395 985 1433 cibum
998 1397 1107 1433 etiam
1123 1424 1133 1439 ‚

85 1449 252 1498 thymum
269 1451 475 1488 patavinus.
513 1450 660 1493 Scribo,
687 1453 734 1485 Et
755 1447 929 1485 modicum
959 1446 1065 1494 mistis
1079 1447 1134 1496 pi-

85 1500 200 1538 eribus
217 1501 305 1537 adde
328 1501 501 1550 thymum.
527 1500 594 1538 nifi
616 1499 718 1538 malis
732 1527 741 1544 ‚
762 1498 854 1548 pistis
870 1497 1042 1547 picribus‚
1061 1498 1136 1536 hoc

87 1552 136 1589 est
159 1552 196 1589 in
218 1553 293 1600 pilo
314 1552 435 1590 tunsis.
463 1552 604 1601 thymus
625 1558 722 1588 certe
743 1551 830 1588 huic
852 1550 904 1588 rei
923 1562 1001 1587 non
1014 1549 1137 1598 inepta

88 1601 248 1640 videtur.
303 1603 359 1640 De
386 1603 546 1640 Picribus
568 1602 703 1639 Plinius
723 1601 785 1638 lib.
809 1614 906 1638 xxxi.
932 1613 1008 1650 cap.
1027 1613 1138 1639 xxrr.

87 1652 201 1690 Pieris
222 1652 266 1689 ab
285 1652 408 1701 insigni
430 1653 668 1690 amaritudine
691 1652 970 1700 cognominatur,
986 1661 1026 1688 ut
1043 1651 1139 1688 dixi-

89 1715 168 1740 mus
181 1719 192 1740 .·
220 1704 365 1740 rotundo
375 1703 472 1750 folio.
502 1703 604 1740 Tollit
628 1703 752 1739 eximie
771 1716 945 1740 verrucas.
974 1703 1086 1751 potest
1099 1704 1137 1740 &

85 1753 186 1802 legi,
215 1754 387 1790 modicum
405 1754 495 1801 misti
518 1754 642 1802 thymi.
672 1754 883 1790 Herusius.
914 1754 1137 1802 Sligtenhor-

85 1804 172 1842 stius
189 1805 360 1849 volebat,
387 1805 477 1841 adde
493 1805 657 1853 scrupum
672 1833 681 1848 ‚
712 1805 808 1841 unde
820 1804 1023 1853 scrupulum
1037 1833 1046 1848 ‚
1073 1816 1137 1842 cu-

82 1853 144 1904 jus
176 1856 332 1904 primam
363 1857 538 1905 corripuit
564 1857 714 1893 Remm.
742 1856 955 1893 Palaemon.
985 1856 1050 1904 qui
1074 1855 1137 1893 sub

90 1905 251 1944 Claudio
274 1907 388 1944 vixit:

143 1961 321 1994 Gramma
342 1966 490 2001 vocant,
504 1956 706 2006 scrupulum
727 1956 828 2002 nostri
846 1956 963 1994 dixere
972 1956 1114 2006 priores.

91 2006 192 2044 Mox
213 2020 292 2045 vers
309 2020 368 2054 92.
395 2007 559 2057 scrupula
578 2017 775 2046 memorat.

144 2057 204 2107 89.
234 2065 325 2095 Haec
344 2058 402 2095 ubi
423 2058 643 2108 contiveris.]
685 2059 838 2107 Legitur
856 2059 894 2096 in
924 2057 1143 2106 exemplari-

90 2107 157 2146 bus
184 2110 321 2154 etiam,
361 2109 558 2153 contereris,
595 2109 655 2147 sed
678 2110 873 2159 utrobique
900 2108 942 2146 fit
960 2109 1140 2147 mendum

89 2158 234 2197 necesse
247 2160 307 2197 est.
361 2161 459 2197 Nam
483 2159 507 2197 fi
525 2161 716 2197 contereris
736 2161 833 2210 leges
848 2188 858 2204 ,
885 2172 984 2208 gram
993 2160 1143 2197 marica-

89 2208 132 2248 lis
152 2212 274 2259 regula
298 2218 498 2260 repugnat:
526 2220 595 2247 tero
617 2213 718 2249 enim
738 2212 891 2249 verbum
911 2211 1018 2248 habet
1037 2223 1138 2259 prae-

89 2261 240 2299 teritum
265 2261 379 2306 trivi,
410 2263 448 2299 &
469 2262 597 2310 (quod
616 2261 675 2299 vel
699 2262 815 2310 pueris
829 2262 1057 2299 notissimum
1073 2262 1141 2309 est)

90 2313 326 2358 praeteritum
357 2311 560 2361 perfectum
581 2341 591 2355 ‚
628 2312 1027 2362 plusquamperfectum
1050 2340 1060 2356 ,
1098 2314 1136 2350 ὃ(

92 2360 259 2399 futurum
275 2363 377 2400 modi
393 2364 466 2412 subj
474 2363 613 2401 unitivi
631 2363 849 2413 debetsequi
860 2364 1017 2400 formam
1038 2375 1142 2411 prae-

93 2413 193 2449 teriti
219 2412 421 2449 indicativi.
476 2415 594 2460 Quod
624 2413 650 2450 fi
676 2416 756 2463 quis
786 2414 1002 2450 contriveris
1019 2414 1140 2462 legere

93 2462 275 2507 voluerit,
304 2463 440 2500 incidet
459 2464 494 2499 in
516 2463 673 2510 Scyllam
689 2491 699 2506 ,
728 2465 878 2511 cupiens
899 2465 1012 2500 vitare
1043 2466 1140 2501 Cha-

91 2512 236 2561 rybdin.
291 2513 481 2562 Siquidem
506 2512 637 2561 syllaba
653 2513 887 2561 repugnabit:
925 2514 1143 2550 Contriveris

96 2564 198 2600 enim
232 2564 268 2600 in
298 2564 373 2601 hoc
400 2564 487 2601 loco
524 2564 696 2611 corripiet
728 2563 923 2601 secundam
944 2563 1112 2611 syllabam
1130 2593 1140 2608 ,

96 2612 236 2661 alioqui
254 2622 380 2652 natura
402 2615 573 2662 longam:
602 2625 687 2651 cum
706 2615 794 2651 trivi
817 2616 1052 2662 praeteritum
1077 2615 1144 2651 bis-

96 2662 273 2711 syllabum
302 2665 455 2712 primam
477 2664 667 2713 producat.
717 2666 860 2702 Verum
885 2664 1034 2714 quando
1051 2665 1139 2702 nus-

97 2725 210 2764 quam
231 2714 330 2751 aliter
349 2716 501 2764 legitur,
539 2715 733 2764 sequamur
751 2715 984 2753 vetustiorem
1009 2715 1140 2753 lectio-

97 2776 186 2803 nem
201 2792 211 2809 ‚
247 2776 341 2813 quae
363 2768 430 2810 est,
466 2766 703 2803 contriveris:
734 2767 770 2804 ἃ
791 2765 952 2803 dicamus
976 2764 1046 2804 effe
1065 2775 1142 2803 tro-

98 2827 190 2865 pum
202 2815 365 2862 Systolen
382 2844 391 2859 ‚
414 2817 476 2865 qui
496 2816 535 2854 fit
550 2845 560 2860 ,
581 2818 726 2865 quoties
746 2818 857 2865 longa
877 2817 1009 2865 syllaba
1031 2817 1143 2854 corri-

99 2868 198 2915 pitur
225 2869 333 2903 metri
360 2867 579 2904 necestitate.
633 2868 692 2904 Sic
717 2869 825 2904 Maro
853 2868 890 2904 in
925 2880 953 2905 1.
980 2867 1142 2905 Aeneid.

152 2915 330 2954 connuhio
345 2917 491 2964 jungam
505 2917 624 2966 stabili
637 2946 647 2962 ,
668 2918 907 2968 propriamque
928 2917 1056 2955 dicabo.

102 2967 302 3006 Sciendum
334 2975 458 3003 tamen
489 2968 538 3004 est
560 2969 625 3016 (ut
647 2969 767 3017 inquit
800 2969 1039 3015 Honoratus)
1066 2969 1142 3017 ple-

99 3030 259 3067 rumque
277 3018 314 3054 in
326 3016 596 3064 compofitione
614 3020 674 3057 vel
692 3019 921 3057 derivatione
941 3019 1144 3068 principali-

99 3071 183 3107 tatis
213 3076 380 3105 naturam
412 3067 566 3104 mutari:
605 3080 692 3116 ergo
709 3070 770 3107 hic
788 3078 937 3119 propter
960 3068 1144 3118 compoti-

101 3120 249 3158 tionem
270 3125 409 3155 mutata
429 3117 477 3155 est
496 3126 623 3156 natura
652 3119 816 3167 syllabae.
868 3120 972 3168 Quid
1002 3120 1028 3157 fi
1054 3125 1145 3156 Con-

101 3169 217 3210 zrieris
236 3181 299 3216 per
316 3168 503 3217 syncopen
523 3168 717 3218 legamus?
744 3170 781 3208 id
800 3171 950 3219 quidem
978 3195 1003 3215 ,-
1024 3170 1087 3208 etsi
1108 3171 1146 3206 in

103 3220 210 3258 nullis
232 3219 289 3256 vel
310 3218 505 3267 impmsfis,
533 3220 593 3256 vel
614 3218 861 3268 manuscriptis
881 3221 1146 3269 exemplaribus

105 3269 129 3307 ὲ
158 3282 219 3307 1116
247 3269 385 3307 lectum
416 3268 482 3314 fit,
522 3270 614 3308 mihi
640 3278 767 3306 tamen
786 3272 899 3319 magis
930 3272 1071 3318 placet,
1099 3282 1147 3307 ne

105 3328 169 3360 aut
185 3322 225 3360 in
244 3320 377 3372 syllaba
404 3331 552 3360 carmen
574 3319 775 3368 claudicet,
802 3331 864 3358 aut
892 3322 1149 3368 grammatica-

2100 877 2154 935 V
2159 880 2174 933 i
2182 879 2236 935 di

1193 988 1236 1026 lis
1261 988 1384 1038 regula
1416 997 1607 1040 repugnet.
1656 990 1830 1027 Manius.
1872 991 2095 1030 contriveris
2128 994 2246 1042 prima

1197 1039 1310 1077 editio
1334 1042 1370 1077 ἃ
1391 1040 1554 1091 plerique
1574 1041 1705 1090 scripti,
1734 1042 1913 1078 contereris
1939 1043 2079 1081 Moreti
2111 1044 2259 1084 codex..

1197 1090 1386 1128 Contrieris
1404 1104 1470 1140 pro
1491 1092 1704 1131 contriveris.
1759 1093 1856 1130 Nam
1880 1093 2059 1130 Charifius
2076 1104 2180 1132 notat
2197 1108 2245 1133 ex

1196 1142 1359 1192 Apulejo
1375 1171 1384 1186 ‚
1414 1148 1516 1188 Tero,
1546 1144 1624 1180 terii
1648 1144 1685 1181 &
1709 1142 1809 1180 trivi.
1837 1144 2006 1182 dicebant
2029 1146 2067 1182 &
2083 1147 2246 1184 contemti.

1194 1192 1240 1231 de
1269 1205 1346 1242 quo
1373 1194 1544 1231 nonnihil
1566 1196 1644 1244 jam
1675 1194 1815 1232 dietum
1848 1194 1893 1232 ad
1924 1195 2031 1243 Epist.
2053 1207 2131 1233 xix.
2152 1208 2247 1235 vers,

1197 1255 1252 1289 17.
1281 1252 1321 1281 ut
1336 1245 1428 1282 haec
1449 1245 1671 1286 cohaereant
1691 1257 1775 1283 cum
1788 1246 2041 1295 sequentibus,
2071 1247 2248 1296 castigan-

1194 1294 1282 1332 dum
1313 1295 1428 1333 forte:

1243 1345 1328 1389 His,
1358 1345 1416 1382 ubi
1438 1346 1613 1383 contrieris
1627 1374 1636 1389 ‚
1659 1355 1720 1395 per
1737 1346 1839 1395 densa
1849 1346 2032 1393 foramina
2053 1347 2150 1384 cretis
2164 1375 2174 1391 ,

1294 1396 1419 1433 Pulvis
1436 1396 1480 1433 ab
1499 1399 1609 1445 infuso
1627 1397 1726 1434 melle
1737 1397 1944 1447 premendus
1970 1398 2046 1434 erit.
2099 1399 2249 1438 Hfimsss

1187 1446 1310 1485 Posset
1339 1447 1486 1486 defendi
1514 1447 1671 1485 contriris
1692 1476 1704 1494 ‚
1737 1457 1777 1486 ut
1804 1448 1933 1495 intristi
1966 1448 2063 1498 apud
2085 1449 2242 1487 Terent.

1190 1499 1341 1537 Phorm.
1366 1509 1424 1538 11.
1447 1512 1503 1538 11.
1522 1505 1566 1547 4¹,

1243 1564 1304 1598 91.
1332 1550 1556 1601 Marathos.]
1595 1550 1718 1589 Flores
1739 1548 1808 1587 effe
1830 1557 1985 1588 autumo
1999 1577 2008 1593 ‚
2036 1548 2057 1586 a
2078 1561 2241 1599 quorum

1194 1602 1465 1650 pulchritudine
1501 1601 1645 1640 fortaffe
1684 1601 1853 1638 Tibullus
1890 1609 2045 1649 puerum
2069 1628 2079 1644 ‚
2127 1612 2255 1650 quem

1193 1653 1339 1690 amabat
1353 1682 1363 1698 ‚
1394 1652 1606 1690 Marathum
1629 1652 1838 1700 appellavit.
1866 1653 1927 1690 De
1948 1652 2001 1689 his
2023 1661 2148 1689 tamen
2159 1651 2245 1688 nus-

1193 1715 1304 1752 quarn
1325 1703 1410 1741 alibi
1430 1716 1491 1741 me
1517 1701 1637 1753 legiffe
1658 1703 1826 1740 memini.
1866 1703 1959 1741 Sane
1978 1702 2110 1739 Graeci
2129 1702 2246 1745 raupa«

1195 1753 1262 1796 θρον
1280 1754 1407 1792 dicunt
1421 1782 1430 1798 ‚
1458 1754 1561 1803 quod
1583 1754 1703 1792 Latini
1715 1753 1932 1799 foeniculum
1944 1751 2246 1801 appellantzlicet

1196 1806 1340 1842 Graeco
1363 1805 1545 1843 vocabulo
1568 1806 1605 1842 &
1636 1805 1759 1841 Latini
1784 1813 1941 1842 utantur.
1995 1803 2064 1841 Sed
2092 1814 2168 1840 non
2197 1802 2245 1840 de

1194 1856 1268 1893 hoc
1288 1856 1405 1905 agitur
1424 1856 1495 1894 hic.
1525 1856 1697 1893 Mamus.
1726 1855 1894 1893 Arbitror
1913 1853 2109 1904 legendum
2128 1881 2139 1898 ‚
2160 1859 2247 1890 Ma-

1195 1906 1334 1943 rathros
1349 1935 1358 1950 ‚
1387 1915 1427 1944 ut
1450 1907 1678 1945 foeniculum
1700 1904 1886 1953 significet.
1915 1906 2050 1954 Neque
2063 1912 2240 1953 repugnat

1195 1969 1332 2006 genus,
1362 1969 1445 1995 cum
1468 1957 1640 2007 pleraque
1661 1957 1840 2005 ejusmodi
1860 1957 2015 1994 nomina
2035 1957 2073 1994 in
2096 1969 2135 1990 us
2157 1956 2243 1993 &in

1197 2021 1257 2044 um
1287 2008 1465 2046 declinata
1495 2009 1731 2056 reperiantur.
1758 2016 1798 2045 ut
1829 2007 2002 2057 Hiſjopus‚
2044 2006 2212 2054 Hiffopum
2230 2033 2260 2050 ,.

1195 2056 1340 2107 Intybus
1358 2070 1402 2098 <7
1423 2058 1586 2106 Intylmm
1602 2087 1612 2103 ‚
1642 2069 1752 2095 crocus
1773 2059 1812 2095 &
1833 2071 1964 2094 crocum
1981 2086 1989 2102 ,
2018 2058 2054 2093 &
2075 2056 2109 2093 id
2128 2067 2259 2104 genus

1193 2110 1274 2147 ali-a.
1303 2111 1527 2148 M1crLLus.
1551 2108 1755 2145 Marathros
1771 2109 1860 2157 legit
1882 2109 2068 2156 Micyllus.
2098 2116 2137 2143 ut
2159 2107 2245 2144 foeo

1193 2160 1337 2199 niculus
1359 2160 1592 2209 intelligatur.
1621 2158 1813 2197 Marathus
1837 2168 1933 2197 certe
1953 2158 2058 2196 nihili
2078 2168 2152 2193 vox
2181 2156 2248 2195 611.

1195 2212 1411 2250 Ι-ΙΕΙΝεῐυς.

1243 2275 1304 2312 92.
1332 2263 1499 2311 ⁴&Quaque
1514 2260 1678 2311 parent.]
1707 2261 1825 2299 Vetus
1842 2260 1954 2298 1615110
1981 2258 2028 2296 611
2045 2287 2054 2301 ,
2087 2258 2243 2307 parent,'

1195 2322 1236 2351 ut
1258 2314 1299 2351 fit
1316 2314 1449 2351 modus
1470 2314 1718 2362 imperativus.
1747 2313 1920 2350 Maurus.
1948 2308 2251 2364 Muretuslegit2.

1197 2366 1363 2414 {Quinque
1381 2364 1541 2402 trahant.
1569 2364 1671 2412 quod
1690 2363 1842 2400 verbum
1865 2364 1909 2399 ad
1930 2360 2071 2409 pondus
2091 2358 2246 2396 mirifice

1196 2415 1513 2452 accommodatur.
1552 2416 1610 2451 Sic
1640 2415 1770 2450 Graeci
1799 2420 1951 2450 utuntur
1973 2411 2086 2448 verbo
2112 2409 2246 2447 ἕλκειν,

1197 2466 1367 2502 CloFAN.
1405 2464 1520 2502 Recte
1550 2465 1718 2501 Muretus
1740 2463 1851 2506 olim,
1879 2462 1965 2499 teste
1985 2461 2166 2498 Ciofanoz

1248 2517 1415 2563 {Qrinque
1427 2514 1566 2550 trahent
1586 2513 1743 2549 marathi
1761 2513 1917 2561 lcrupula
1928 2528 1939 2548 :
1952 2510 2095 2559 myrrha
2108 2513 2249 2548 nomm.v

1198 2565 1301 2601 DAN.
1330 2567 1540 2601 Hmusrus.
1568 2569 1704 2599 parant
1725 2563 1840 2611 scripti
1856 2564 2017 2611 plerique
2032 2573 2116 2599 cum
2127 2561 2246 2609 prima

1199 2615 1376 2652 editione.
1408 2614 1518 2651 Unde
1531 2615 1718 2658 Muretus,
1753 2614 1841 2651 16116
1865 2614 2026 2651 Ciofano
2042 2640 2051 2657 ,
2080 2611 2248 2660 Qinque

1198 2665 1358 2702 trahant.
1389 2674 1428 2702 ut
1448 2664 1571 2713 supra:

1246 2722 1513 2766 Sextantemque
1531 2713 1653 2752 trahat
1668 2714 1804 2763 gummi
1823 2727 1900 2752 cum
1908 2714 2042 2764 firmine
2051 2711 2193 2762 Thusico.

1196 2766 1266 2804 Et:

1250 2818 1354 2864 Qod
1373 2816 1486 2853 trahit
1510 2815 1547 2853 in
1562 2825 1676 2865 partes
1695 2816 1798 2852 uncia
1809 2816 1903 2865 seo't‘a
1921 2815 2024 2852 duas.
2065 2863 2073 2866 Δ

1197 2867 1268 2905 Pro
1292 2881 1415 2904 novem
1436 2867 1584 2916 quidam
1604 2868 1681 2904 libii
1698 2895 1706 2909 ,
1736 2867 1860 2904 decem.
1916 2868 2059 2904 Heras.

1248 2931 1309 2966 95.
1339 2919 1471 2954 Hordea
1489 2931 1574 2966 quae
1592 2917 1766 2965 faciunt]
1797 2918 1855 2954 Sic
1875 2916 2098 2965 equidemin
2123 2914 2245 2951 omni-2

1198 2968 1262 3006 bus
1294 2967 1412 3006 adhuc
1442 2968 1616 3016 impressis
1655 2968 1919 3016 exemplaribus
1955 2966 2152 3003 lectitatum
2183 2964 2245 3001 est.

1200 3019 1258 3056 sed
1286 3031 1362 3056 non
1394 3019 1501 3056 reete.
1539 3019 1620 3067 Ego
1640 3030 1729 3055 vero
1749 3030 1794 3056 ex
1812 3018 1960 3057 vetustis
1980 3014 2246 3062 exemplaribus

1198 3070 1305 3118 lego,
1334 3083 1447 3119 quem.
1500 3069 1672 3106 Maurus.

1251 3132 1313 3168 95.
1344 3119 1522 3169 infunde]
1553 3120 1702 3157 Rectius
1722 3114 2081 3169 treslibriffldfimde.
2103 3115 2246 3153 Heras.

1252 3182 1312 3217 95.
1341 3171 1574 3218 Cremorem.]
1605 3176 1746 3206 Cremor
1777 3170 1813 3206 id
1847 3166 1987 3203 fortune
2019 3166 2066 3202 est
2085 3193 2094 3206 ,
2141 3165 2247 3214 quod

1202 3220 1436 3256 Dioscorides
1467 3224 1606 3263 κρέμνεν
1625 3220 1789 3267 appellat.
1819 3216 2013 3253 Cornelius
2037 3216 2158 3253 Celsus
2177 3229 2248 3252 cre-

1202 3283 1331 3306 morem
1344 3269 1504 3320 ptisanae
1520 3282 1586 3319 pro
1605 3270 1713 3309 succo
1731 3269 1806 3307 fere
1816 3268 1948 3317 accipit
1961 3294 1972 3314 ,
2000 3274 2039 3305 ut
2057 3267 2118 3305 hic
2135 3267 2267 3306 Naso.-

1202 3320 1374 3360 Martiae
1611 3322 1614 3323 ⁷

1206 3369 1228 3371 ⁷⁷
1366 3366 1374 3370 ⁴
2086 3367 2146 3420 96.
2173 3369 2259 3412 Exi}
