2553 3676
262 216 286 269 3
525 208 680 266 AD
755 200 1223 263 LIVIAM
1300 194 2014 260 AUGUSTAM

483 306 604 378 Jam
627 303 836 358 veniet:
875 302 982 373 jam
1013 315 1102 353 me
1140 309 1439 370 gratantem
1464 299 1620 354 turba
1646 297 1877 355 videbit:

475 374 479 375 ⁷
559 377 678 449 Jam
707 376 836 431 mihi
861 391 961 447 pro
984 370 1164 426 Druso
1191 373 1335 427 dona
1362 372 1585 427 ferenda
1608 391 1748 428 meo,

491 451 669 508 Obvia
695 447 1040 522 progrediar,
1078 445 1314 518 felixque
1339 463 1435 516 per
1465 447 1663 518 oppida
1689 447 1870 510 dicar;

570 522 834 596 Collaque
862 521 914 576 &
942 520 1048 575 1106
1079 520 1264 572 oculos
1288 519 1424 572 illius
1450 535 1544 572 ore
1570 536 1828 590 premam.

387 618 450 669 35
491 597 641 653 Talis
667 598 795 652 erit:
837 595 906 650 fic
936 603 1215 648 occurret:
1258 590 1328 644 fic
1354 589 1530 643 oscula
1550 589 1767 662 junget:

564 670 698 726 Hoc
727 670 856 725 mihi
879 664 1135 723 narrabit:
1174 662 1244 718 fic
1270 662 1420 736 prior
1450 662 1558 736 ipsa
1583 664 1788 737 loquar.

497 744 711 801 Gaudia
736 761 869 797 vana
895 741 1073 796 foves:
1115 737 1263 810 spem
1286 754 1460 810 pone,
1498 736 1819 801 miserrima,
1843 735 2035 796 falsam.

576 817 773 872 Define
801 816 870 869 de
898 810 1080 869 Druso
1107 812 1243 866 laeta
1269 809 1473 865 referre
1498 823 1611 865 tuo,

492 890 729 948 Caesaris
753 887 885 943 illud
912 904 1074 959 opUS‚
1110 885 1227 940 voti
1251 901 1369 956 pars
1395 885 1559 939 altera
1582 883 1768 948 vestri,

392 985 462 1037 40

261 1163 367 1195 Hunc
386 1169 439 1206 ego
460 1165 493 1193 te
510 1156 633 1205 conjux
654 1153 703 1190 ad
722 1151 837 1190 dehita
855 1163 956 1201 regna
974 1150 1188 1200 profebiumg

260 1210 449 1245 Dafforem
471 1207 550 1243 belli
567 1217 797 1255 generumque
812 1203 962 1254 potentis
981 1201 1130 1250 Adrasti

259 1259 422 1309 Aspicio?
452 1258 577 1295 talisne
594 1256 664 1294 tais
682 1268 816 1292 occurro
838 1253 1025 1304 triumphis
1037 1263 1053 1291 ἒ

260 1321 321 1358 29.
359 1316 583 1360 perceptaque
623 1316 748 1345 mente.
766 1305 782 1355 ]
835 1306 939 1355 Lege
963 1333 973 1351 ‚
1012 1312 1268 1355 praeceptaque.

211 1361 380 1400 Pmrofi.
410 1362 536 1410 Lege,
558 1367 803 1410 praeceptaque
825 1367 949 1394 mente.
977 1356 1271 1405 Virgil.Ecl.nr.

214 1414 250 1450 Si
282 1412 336 1449 lac
359 1411 562 1462 praeceperit
587 1410 705 1460 aestas.
732 1409 950 1446 SCAL1GER.
977 1407 1066 1445 Vid.
1087 1407 1132 1444 ad
1158 1406 1270 1455 Epist.

213 1472 315 1503 xvn.
334 1475 421 1509 207.
450 1462 621 1500 Francius
633 1469 911 1510 ‚praecerptaque
928 1459 1165 1508 praeferebat.

268 1526 328 1565 31.
356 1514 449 1560 Jam
470 1512 628 1563 veniet.]
659 1511 745 1550 Vid.
765 1511 811 1549 ad
827 1510 1008 1561 Quincffl.
1028 1509 1135 1547 Decl.
1153 1521 1187 1546 x.
1202 1518 1236 1555 7.

265 1577 324 1614 34.
352 1565 518 1614 Collaque
540 1576 583 1604 (7
600 1577 633 1601 os
655 1562 870 1613 oculosque]
901 1562 1001 1599 Libri
1029 1560 1149 1609 scripti
1178 1571 1266 1598 cum

217 1616 339 1665 priscis
367 1615 590 1654 editionibus
607 1615 738 1664 partim
753 1642 763 1658 ,
790 1614 887 1664 osque
905 1611 1078 1662 oculosque
1090 1639 1100 1655 ,
1113 1611 1243 1660 partim
1257 1639 1268 1655 ‚

213 1681 247 1703 os
266 1667 375 1704 oculos
391 1695 402 1712 ,
433 1675 474 1705 ut
492 1667 643 1705 fortaffis
653 1664 853 1714 legendum
874 1664 936 1709 fit,
963 1663 1023 1700 hos
1042 1662 1171 1706 oculos,
1186 1662 1243 1700 vel
1259 1689 1269 1705 ‚

214 1717 276 1754 hoc
292 1717 401 1756 oculos
415 1718 510 1755 illias
531 1731 584 1754 ore
596 1726 768 1767 premam.
794 1717 871 1754 hoc
899 1727 988 1754 meo
1009 1725 1074 1753 Ore
1100 1725 1270 1763 premam

214 1768 311 1808 illius
332 1769 472 1807 oculos.
499 1769 559 1806 vel
578 1768 681 1818 quod
702 1768 826 1806 malo:

270 1827 338 1858 Hos
355 1820 464 1857 oculos
479 1819 575 1857 illias
591 1833 644 1856 ore
659 1828 809 1868 premar.

214 1873 273 1911 Ut
295 1871 338 1909 fit
368 1871 608 1909 Graecismus.
634 1871 848 1908 Hamsxus.
877 1875 924 1906 Os
951 1882 1005 1906 ore
1028 1877 1181 1919 premere
1210 1868 1273 1906 1116

214 1923 347 1962 vlocum
370 1934 449 1960 non
466 1923 597 1967 habet,
637 1923 675 1959 ὃς
696 1922 861 1960 lascivius
883 1921 1023 1959 dietum
1041 1948 1050 1963 ‚
1091 1931 1202 1968 quam
1233 1926 1274 1956 ut

220 1982 382 2013 matrem
403 1973 570 2017 deceret;
600 1974 638 2010 &
656 1972 701 2010 de
725 1972 855 2010 osculis
874 1972 978 2010 versu
999 1972 1176 2020 proximo
1194 1970 1275 2008 sub·

219 2025 357 2075 jungit.
386 2024 447 2061 hoc
462 2036 553 2062 vcro
573 2037 627 2060 ore
647 2024 692 2061 de
710 2024 774 2061 suo
789 2024 877 2061 dicit
893 2031 953 2068 ,111
971 2023 1064 2060 infra
1090 2034 1172 2072 134.

577 962 816 1021 Occidit.
856 961 1132 1034 indigna5‚
1170 957 1358 1023 Livia,
1396 957 1540 1013 solve
1565 975 1763 1013 comaS.

2226 1032 2378 1107 Quid

1319 1147 1421 1198 Ergo
1452 1147 1489 1187 se
1515 1146 1589 1198 ipse
1618 1148 1796 1187 imitatur.
1832 1147 2051 1187 ScAmGER.
2088 1146 2175 1187 Hac
2205 1148 2377 1199 Scaligeri

1322 1200 1571 1250 explicatione
1604 1201 1770 1238 contenti
1801 1199 1872 1237 effe
1901 1208 2114 1248 poteramus
2135 1228 2146 1244 ‚
2181 1198 2242 1238 sed
2263 1200 2380 1239 Patri-

1324 1253 1401 1290 cius
1421 1250 1669 1297 Genevensis,
1699 1262 1812 1301 quern
1844 1252 1882 1289 in
1910 1250 1991 1288 aula
2016 1251 2188 1300 principis
2226 1251 2379 1301 alicujus

1326 1310 1456 1341 natum
1462 1304 1601 1353 jurares
1614 1331 1625 1348 ‚
1637 1310 1740 1352 putat
1754 1301 1933 1341 decorum
1946 1302 2060 1351 magis
2073 1303 2211 1340 Po'e'tae
2230 1304 2311 1341 fore
2323 1330 2334 1347 ,
2353 1302 2380 1341 fi

1325 1353 1387 1391 hic
1424 1353 1591 1403 Augusto
1630 1353 1866 1403 exprobraret
1911 1352 2071 1391 Drusum
2111 1365 2177 1402 per
2215 1354 2384 1393 adulterii

1324 1403 1630 1442 consuetudinem
1653 1416 1738 1443 cum
1753 1405 1862 1443 Livia
1875 1403 1918 1442 ab
1936 1416 1984 1442 eo
1995 1412 2229 1453 procreatum
2243 1433 2253 1450 ,
2265 1417 2382 1455 quern

1323 1455 1362 1493 in
1396 1455 1510 1493 finem
1543 1456 1652 1493 verba
1684 1456 1851 1495 Suetonii
1880 1456 2191 1504 interpretationis
2209 1456 2297 1494 loco
2318 1457 2383 1494 ad-

1323 1507 1441 1555 ponit.
1472 1507 1509 1544 O
1524 1507 1711 1557 egregium
1737 1507 1956 1546 adulationis
1972 1507 2146 1545 Poeticae
2165 1507 2380 1545 vindicem!

1325 1559 1453 1606 Quam
1482 1566 1602 1607 gratus
1638 1558 1768 1596 Liviae
1799 1559 1942 1596 veniret
1980 1558 2058 1607 ejus
2090 1558 2386 1596 incontinentiae

1325 1608 1571 1647 admonitor?
1599 1608 1660 1646 sed
1680 1621 1834 1654 vereor,
1862 1608 1887 1646 fi
1905 1617 1981 1646 tam
2004 1608 2100 1646 male
2118 1608 2279 1657 palpatus
2301 1609 2386 1647 fuis-

1324 1660 1375 1698 set
1395 1660 1517 1698 noster
1536 1660 1675 1705 Poe‘ta,
1701 1672 1750 1698 ne
1771 1657 2023 1698 recalcitraffet
2042 1659 2237 1709 Augustus.
2266 1660 2388 1698 Miror

1326 1719 1452 1749 autem
1474 1710 1670 1749 Gorallum
1692 1711 1780 1749 huic
1797 1710 2005 1749 illustrando
2025 1722 2104 1748 non
2124 1710 2231 1760 ipsius
2255 1709 2388 1750 Ovidii

1326 1762 1455 1802 locum
1474 1762 1536 1802 lib.
1557 1775 1619 1801 xv.
1642 1763 1738 1801 Met.
1758 1774 1841 1812 751.
1857 1760 2065 1800 adduxisse:

1653 1820 1774 1864 Neque
1791 1813 1885 1851 enim
1906 1813 1947 1850 de
1969 1811 2127 1862 Caesaris
2147 1812 2234 1849 aeris
2247 1840 2257 1857 ,

1377 1864 1497 1903 Ullum
1517 1865 1633 1915 majus
1650 1875 1728 1916 opus
1742 1894 1752 1911 ‚
1781 1878 1888 1916 quam
1908 1864 2000 1916 quod
2012 1873 2113 1914 pater
2124 1863 2253 1910 exstitit
2267 1863 2385 1914 hujus.

1326 1916 1399 1955 Sed
1432 1917 1538 1955 miser
1572 1919 1610 1955 86
1640 1928 1779 1966 pauper
1809 1917 1980 1954 Gorallus
2003 1944 2012 1960 ,
2073 1915 2388 1965 quotiescumque

1326 1969 1458 2017 copiae
1471 1968 1737 2016 Stephanianae
1748 1967 1924 2005 deficiunt
1938 1976 2077 2012 ,tacere
2098 1967 2242 2015 cogitur
2258 1979 2266 2003 ε
2289 1967 2390 2004 recte

1332 2031 1425 2057 vero
1448 2019 1618 2068 Scaliger.
1654 2020 1762 2057 &ita
1781 2019 1911 2056 Senec.
1940 2019 2008 2067 Ep.
2038 2029 2170 2055 xxxxv.
2208 2016 2326 2065 Affero
2354 2026 2388 2054 te

275 2080 322 2112 Et
347 2085 452 2113 vorat
470 2075 528 2112 hos
546 2075 627 2124 ipsos
638 2073 793 2125 flamma
813 2072 1097 2124 rognsquefimts.
1334 2070 1446 2115 mihi,
1475 2083 1592 2107 meum
1622 2079 1700 2119 opus
1732 2083 1776 2107 es.
1825 2069 2031 2107 Audaciori
2069 2067 2182 2118 figura
2211 2068 2392 2106 Manilius

214 2127 387 2165 ¹Carmen
416 2125 487 2164 effe
518 2126 766 2164 Catullianum
788 2128 933 2163 notavit
955 2125 1115 2169 Douza,
1143 2123 1276 2162 scilicet
1335 2121 1398 2160 lib.
1433 2133 1463 2158 1.
1493 2133 1579 2167 772.
1630 2121 1690 2158 De
1724 2121 1878 2158 Platone
1912 2119 2089 2168 discipulo
2120 2119 2277 2157 Socratis
2297 2146 2308 2162 ‚
2347 2128 2392 2158 <9¹

221 2186 265 2216 ut
293 2177 488 2215 ediderunt
526 2177 630 2215 olim.
676 2176 734 2214 sed
766 2177 846 2226 jam
879 2175 1074 2214 Ovidianis
1114 2175 1281 2213 numeris
1338 2171 1400 2223 qui
1426 2170 1675 2219 fabricaverat
1711 2171 1827 2210 illum.
1870 2170 1933 2210 ubi
1985 2169 2072 2209 vide
2110 2171 2223 2208 etiam
2265 2169 2397 2219 Scalig.

224 2227 409 2268 restitutus
431 2228 494 2266 est.
544 2228 809 2266 Bummmus.
1340 2224 1613 2262 BURMANNus.

282 2291 341 2329 37.
368 2279 512 2317 Gaudia
542 2292 670 2328 magna
689 2278 832 2328 foves.]
863 2285 962 2316 Vana
982 2277 1142 2316 omnino
1160 2278 1287 2327 legen-
1392 2286 1451 2324 39.
1481 2274 1594 2311 Veluti
1618 2282 1700 2323 pars
1729 2274 1844 2311 altera
1873 2273 1986 2322 vestri.
2010 2272 2026 2323 ]
2068 2272 2293 2320 Castigetur,
2330 2270 2398 2310 etfi

226 2330 320 2370 dum
335 2358 345 2375 ‚
367 2330 472 2380 quod
500 2339 606 2368 notat
627 2342 671 2368 ex
694 2329 789 2367 libris
812 2330 1063 2368 Bersmannus.
1092 2341 1162 2367 nec
1184 2330 1288 2367 aliter
1343 2326 1581 2364 membranae
1598 2325 1650 2362 nil
1667 2326 1729 2362 hic
1742 2327 1898 2374 juvant,
1925 2324 2002 2361 voti
2027 2332 2106 2373 pars
2136 2323 2250 2359 altera
2280 2321 2399 2371 vestri.

225 2381 411 2432 postrema
441 2382 539 2419 Aldi.
577 2382 621 2419 In
651 2380 845 2418 Cataleffls
875 2382 1050 2425 pithoei,
1098 2381 1218 2429 capite
1248 2381 1289 2417 de

227 2433 329 2470 vitae
350 2438 382 2469 T
377 2432 625 2483 ranqus'llitate
633 2447 645 2477 ;
685 2432 751 2482 qui
770 2431 890 2470 versus
908 2433 1021 2481 vulgo
1044 2431 1211 2470 mendofi
1234 2431 1290 2469 le-

256 2492 386 2522 untur:

229 2496 253 2534 g
285 2535 410 2583 Castra
432 2534 518 2572 alios
539 2533 669 2584 operosa
685 2543 810 2571 vocent
825 2561 834 2576 .
854 2533 1028 2584 sellaeque
1048 2533 1203 2578 curules,

340 2591 367 2621 E
371 2596 385 2622 t
405 2586 578 2637 quidquid
598 2599 696 2622 vana
712 2585 844 2634 gaudia
872 2595 987 2622 mente
1002 2586 1118 2631 fimet,

236 2635 293 2674 Ita
325 2636 416 2675 Fast.
447 2649 483 2674 v.
507 2637 591 2683 684.
629 2638 667 2675 in
703 2636 814 2675 MSS.
849 2636 999 2673 numina
1030 2648 1186 2684 magna,
1223 2646 1292 2684 pro

238 2698 353 2723 vana.
404 2688 619 2725 Herusms.

294 2736 354 2785 38.
382 2743 490 2774 Laeta
516 2737 675 2788 referre]
717 2737 934 2787 Tamquam
967 2749 1060 2786 opus
1093 2735 1180 2775 effet
1209 2748 1296 2774 mo-

240 2799 354 2833 nere,
381 2796 486 2825 notat
505 2790 673 2827 Gorallus
692 2790 767 2828 hoc
788 2788 859 2828 effe
873 2818 882 2834 ‚
904 2802 1069 2832 narrare;
1097 2787 1157 2826 sed
1178 2800 1226 2826 ne
1246 2788 1296 2825 1ic

240 2838 395 2887 quidem
417 2840 455 2875 in
475 2841 605 2887 puerili
624 2841 738 2877 facilis
759 2841 860 2878 verbi
883 2840 1186 2888 interpretatione
1215 2839 1295 2876 sen—

241 2890 322 2928 sum
358 2889 479 2933 vidit;
528 2902 614 2927 nam
640 2892 768 2928 omnia
798 2891 1051 2939 praecedentia
1082 2890 1228 2936 secum,
1257 2891 1297 2927 &

246 2948 375 2979 mente
398 2940 455 2978 sua
475 2940 579 2978 finxit
601 2942 707 2978 Livia
727 2956 737 2984 ;
770 2942 855 2979 vide
872 2942 930 2983 y'ss.
950 2954 1009 2990 29.
1030 2941 1088 2978 Est
1107 2953 1219 2990 ergo,
1247 2954 1299 2978 re-

239 2993 336 3039 ferre
358 3020 368 3036 ‚
403 2993 521 3029 menti
547 2991 627 3029 suae
649 2992 847 3039 praesentia
867 2992 1003 3040 fingere
1026 3020 1035 3035 ‚
1090 3000 1129 3029 ut
1160 2992 1299 3030 centies

250 3042 411 3080 Ovidius
429 3071 438 3085 ,
460 3043 499 3079 &
529 3041 575 3079 de
605 3043 805 3090 praeteritis
834 3044 871 3079 &
892 3043 1020 3080 futuris
1042 3042 1178 3086 utitur,
1207 3042 1297 3079 sicut

247 3095 287 3131 ὃς
306 3093 409 3130 recolo
422 3095 460 3130 ὅ(
480 3093 683 3143 repeto.vid.
703 3093 748 3131 ad
762 3093 879 3130 Ovid.
907 3093 1014 3141 Epist.
1027 3104 1086 3129 xv,
1103 3106 1115 3129 1
1128 3104 1183 3141 13.
1197 3093 1298 3130 aliter

247 3145 432 3193 paulloita
446 3145 556 3182 Rem.
572 3145 703 3182 Amor.
723 3144 808 3192 695.
837 3157 895 3180 nec
913 3153 1051 3193 peccata
1071 3144 1157 3189 refer
1171 3172 1181 3189 ,
1194 3143 1230 3182 id
1249 3143 1297 3182 est

247 3197 441 3245 praeterita
463 3204 609 3244 repete,
648 3207 802 3234 renarra.
856 3195 1120 3232 Buummws.

303 3259 362 3297 39.
390 3248 547 3296 Caesaris
566 3247 657 3283 illud
674 3246 787 3296 opica]
820 3246 872 3284 Ita
897 3256 1006 3284 vocat
1028 3246 1229 3284 institutum
1260 3247 1300 3285 &

246 3298 453 3337 formatum
478 3311 497 3336 a
518 3298 691 3342 Caesare,
720 3299 755 3335 in
782 3299 1010 3336 Maecenatis
1032 3298 1235 3347 Epicedio:

301 3353 348 3387 Et
368 3362 535 3400 magnum
555 3350 674 3400 magni
687 3350 844 3400 Caesaris
866 3348 956 3389 illud
982 3357 1071 3399 opus.

1346 2376 1505 2414 Ovidius
1526 2376 1587 2414 lib.
1609 2388 1641 2412 v.
1666 2375 1800 2413 Fastor.
1817 2387 1902 2423 459.

1396 2433 1452 2464 En
1472 2441 1525 2476 ego
1541 2426 1731 2463 dimidium
1749 2425 1875 2473 vestri,
1897 2425 2044 2475 parsque
2071 2423 2204 2469 altera,
2232 2424 2321 2461 voti.

1347 2478 1408 2516 Sic
1424 2478 1524 2516 idem
1548 2477 1681 2515 Drusus
1694 2505 1703 2520 ‚
1718 2477 1862 2526 duplicis
1873 2486 1955 2526 pars
1972 2475 2085 2511 altera
2099 2484 2225 2525 partus
2247 2487 2323 2513 non
2342 2474 2396 2512 se-

1347 2529 1424 2567 mel
1442 2529 1535 2566 infra
1556 2529 1758 2567 vocabitur.
1788 2527 1866 2566 Nisi
1886 2528 1967 2577 quis
1989 2526 2116 2572 malit,
2144 2526 2234 2563 uteri
2251 2535 2344 2576 pars.
2357 2533 2399 2564 ut

1342 2580 1481 2619 Statius
1504 2593 1566 2618 111.
1587 2579 1713 2618 Theb.
1738 2591 1820 2628 154.

1780 2632 1882 2679 Vosne
1899 2628 1965 2666 illa
1977 2627 2132 2678 potentia
2153 2627 2280 2666 matris
2293 2655 2305 2674 ,

1398 2688 1460 2719 Vos
1479 2682 1568 2720 uteri
1579 2683 1732 2729 fhrtuna
1752 2682 1843 2719 mei?
1880 2681 2090 2717 Hemsxus.

1347 2733 1447 2772 Vide
1474 2734 1522 2771 ibi
1541 2733 1743 2771 Barthium.
1781 2731 2023 2769 nihilominus
2065 2742 2137 2780 ego
2168 2728 2244 2767 voti
2265 2730 2402 2770 retine-

1347 2797 1450 2823 rem:
1480 2784 1528 2822 fic
1552 2784 1711 2822 Ovidius
1737 2784 1799 2821 lib.
1820 2795 1873 2820 1v.
1894 2783 2004 2820 Pont.
2028 2793 2083 2830 13.

1400 2836 1452 2872 sic
1472 2835 1618 2872 valeant
1629 2834 1730 2885 pueri
1750 2862 1760 2879 ‚
1786 2844 1910 2870 votum
1932 2846 2110 2870 commune
2131 2832 2292 2871 datorum.

1349 2886 1564 2931 Adeantur,
1593 2898 1688 2936 quae
1717 2887 1762 2923 ad
1786 2885 1953 2923 Petronii
1979 2896 2056 2934 cap.
2087 2896 2173 2921 cxi..
2204 2884 2273 2922 viri
2302 2882 2404 2923 docsti

1350 2937 1584 2976 adnotarunt.
1639 2937 1907 2975 BURMANNUS.

1407 3001 1468 3036 42.
1497 2994 1585 3024 Tam
1600 2987 1798 3037 placmffi’.]
1829 2988 1921 3032 Jam
1943 2985 2124 3023 editiones
2145 2987 2296 3034 priores.

1405 3051 1464 3089 43.
1493 3039 1659 3089 {Quidque
1672 3037 1843 3087 pudicitia
1865 3047 2009 3074 tantum
2030 3036 2207 3074 inviolata
2220 3036 2407 3083 bonorum,

1353 3090 1486 3127 Ultima
1499 3089 1548 3139 fit
1567 3088 1687 3126 landes
1706 3089 1799 3125 inter
1820 3098 1861 3125 ut
1880 3088 1945 3125 illa
1967 3088 2085 3137 tuas.]
2119 3089 2243 3126 Locus
2256 3087 2384 3126 dubius
2398 3115 2410 3133 ,

1354 3142 1394 3179 &
1426 3150 1465 3179 ut
1497 3152 1596 3178 nunc
1620 3140 1784 3189 legitur,
1833 3151 1911 3177 non
1954 3141 2003 3177 ita
2030 3139 2136 3177 facile
2165 3138 2413 3187 explicandus,

1357 3193 1456 3230 Nam
1482 3191 1557 3229 sive
1577 3193 1814 3229 nominativo
1834 3191 1914 3229 casu
1948 3191 2102 3239 accipias
2124 3201 2267 3227 nomen
2300 3189 2410 3227 Padi-

1358 3243 1441 3280 ciria
1471 3244 1553 3289 (cui
1573 3251 1699 3280 tamen
1723 3250 1902 3292 repugnat
1921 3243 2126 3292 quantitas,
2172 3240 2239 3279 nifi
2269 3240 2411 3278 caesura

1356 3294 1526 3344 syllabam
1548 3295 1698 3333 brevem
1728 3306 1794 3343 pro
1814 3295 1924 3342 longa
1953 3293 2153 3340 defendat)
2182 3291 2257 3330 five
2287 3292 2412 3329 ablati-

1359 3358 1411 3386 vo
1442 3344 1626 3396 positum,
1663 3345 1842 3386 sententia
1866 3353 1976 3395 atque
1999 3344 2094 3383 ordo
2117 3344 2313 3382 verborum
2333 3352 2412 3430 111011

2351 3401 2414 3430 atis
