<?xml version="1.0" encoding="UTF-8"?>
<!DOCTYPE html PUBLIC "-//W3C//DTD XHTML 1.0 Transitional//EN"
    "http://www.w3.org/TR/xhtml1/DTD/xhtml1-transitional.dtd">
<html xmlns="http://www.w3.org/1999/xhtml" xml:lang="en" lang="en">
 <head>
  <title>
</title>
<meta http-equiv="Content-Type" content="text/html;charset=utf-8" />
  <meta name='ocr-system' content='tesseract 3.04.00' />
  <meta name='ocr-capabilities' content='ocr_page ocr_carea ocr_par ocr_line ocrx_word'/>
</head>
<body>
  <div class='ocr_page' id='page_1' title='image "./publiiovidiinaso01ovid_0053.png"; bbox 0 0 2553 3676; ppageno 0'>
   <div class='ocr_carea' id='block_1_1' title="bbox 653 192 1598 262">
    <p class='ocr_par' dir='ltr' id='par_1_1' title="bbox 653 192 1598 262">
     <span class='ocr_line' id='line_1_1' title="bbox 653 192 1598 262; baseline -0.005 0"><span class='ocrx_word' id='word_1_1' title='bbox 653 198 1300 262; x_wconf 86' lang='lat' dir='ltr'>HEROIDES</span> <span class='ocrx_word' id='word_1_2' title='bbox 1373 192 1491 255; x_wconf 71' lang='lat' dir='ltr'>Er’.¹</span> <span class='ocrx_word' id='word_1_3' title='bbox 1543 222 1598 258; x_wconf 87' lang='lat'>11.</span> 
     </span>
    </p>
   </div>
   <div class='ocr_carea' id='block_1_2' title="bbox 2163 223 2232 273">
    <p class='ocr_par' dir='ltr' id='par_1_2' title="bbox 2163 223 2232 273">
     <span class='ocr_line' id='line_1_2' title="bbox 2163 223 2232 273; baseline 0 0"><span class='ocrx_word' id='word_1_4' title='bbox 2163 223 2232 273; x_wconf 78' lang='lat'>25</span> 
     </span>
    </p>
   </div>
   <div class='ocr_carea' id='block_1_3' title="bbox 374 293 1771 517">
    <p class='ocr_par' dir='ltr' id='par_1_3' title="bbox 374 293 1771 517">
     <span class='ocr_line' id='line_1_3' title="bbox 380 293 1771 376; baseline -0.001 -21"><span class='ocrx_word' id='word_1_5' title='bbox 380 304 536 376; x_wconf 81' lang='lat' dir='ltr'>Quae</span> <span class='ocrx_word' id='word_1_6' title='bbox 562 296 688 361; x_wconf 85' lang='lat' dir='ltr'>tibi,</span> <span class='ocrx_word' id='word_1_7' title='bbox 723 295 1092 367; x_wconf 89' lang='lat' dir='ltr'>Demophoon</span> <span class='ocrx_word' id='word_1_8' title='bbox 1106 333 1127 371; x_wconf 33' lang='lat'>‚·</span> <span class='ocrx_word' id='word_1_9' title='bbox 1157 293 1329 375; x_wconf 77' lang='lat' dir='ltr'>longis</span> <span class='ocrx_word' id='word_1_10' title='bbox 1355 294 1623 376; x_wconf 82' lang='lat' dir='ltr'>erroribus</span> <span class='ocrx_word' id='word_1_11' title='bbox 1654 298 1771 354; x_wconf 54' lang='lat' dir='ltr'>asto</span> 
     </span>
     <span class='ocr_line' id='line_1_4' title="bbox 452 366 1551 441; baseline -0.004 -16"><span class='ocrx_word' id='word_1_12' title='bbox 452 371 742 426; x_wconf 71' lang='lat' dir='ltr'>Threicios</span> <span class='ocrx_word' id='word_1_13' title='bbox 768 380 954 441; x_wconf 88' lang='lat' dir='ltr'>portus</span> <span class='ocrx_word' id='word_1_14' title='bbox 983 366 1380 438; x_wconf 84' lang='lat' dir='ltr'>hospitiumque</span> <span class='ocrx_word' id='word_1_15' title='bbox 1407 367 1551 421; x_wconf 87' lang='lat' dir='ltr'>dedi.</span> 
     </span>
     <span class='ocr_line' id='line_1_5' title="bbox 374 437 1639 517; baseline -0.005 -17"><span class='ocrx_word' id='word_1_16' title='bbox 374 443 542 517; x_wconf 87' lang='lat' dir='ltr'>Cujus</span> <span class='ocrx_word' id='word_1_17' title='bbox 575 460 704 514; x_wconf 88' lang='lat' dir='ltr'>opes</span> <span class='ocrx_word' id='word_1_18' title='bbox 730 458 924 495; x_wconf 79' lang='lat' dir='ltr'>auxere</span> <span class='ocrx_word' id='word_1_19' title='bbox 949 456 1125 493; x_wconf 85' lang='lat' dir='ltr'>meae:</span> <span class='ocrx_word' id='word_1_20' title='bbox 1166 437 1253 492; x_wconf 88' lang='lat' dir='ltr'>cui</span> <span class='ocrx_word' id='word_1_21' title='bbox 1280 438 1429 492; x_wconf 82' lang='lat' dir='ltr'>dives</span> <span class='ocrx_word' id='word_1_22' title='bbox 1458 442 1639 511; x_wconf 87' lang='lat' dir='ltr'>egenti</span> 
     </span>
    </p>
   </div>
   <div class='ocr_carea' id='block_1_4' title="bbox 239 538 333 574">
    <p class='ocr_par' dir='ltr' id='par_1_4' title="bbox 239 538 333 574">
     <span class='ocr_line' id='line_1_6' title="bbox 239 538 333 574; baseline -0.011 0"><span class='ocrx_word' id='word_1_23' title='bbox 239 538 333 574; x_wconf 87' lang='lat'>110</span> 
     </span>
    </p>
   </div>
   <div class='ocr_carea' id='block_1_5' title="bbox 375 510 1630 664">
    <p class='ocr_par' dir='ltr' id='par_1_5' title="bbox 375 510 1630 664">
     <span class='ocr_line' id='line_1_7' title="bbox 441 510 1592 574; baseline -0.003 -5"><span class='ocrx_word' id='word_1_24' title='bbox 441 515 674 569; x_wconf 79' lang='lat' dir='ltr'>Munera</span> <span class='ocrx_word' id='word_1_25' title='bbox 706 514 871 568; x_wconf 86' lang='lat' dir='ltr'>multa</span> <span class='ocrx_word' id='word_1_26' title='bbox 901 512 1060 574; x_wconf 86' lang='lat' dir='ltr'>dedi,</span> <span class='ocrx_word' id='word_1_27' title='bbox 1097 511 1263 565; x_wconf 79' lang='lat' dir='ltr'>multa</span> <span class='ocrx_word' id='word_1_28' title='bbox 1289 510 1475 565; x_wconf 81' lang='lat' dir='ltr'>datura</span> <span class='ocrx_word' id='word_1_29' title='bbox 1501 512 1592 566; x_wconf 88' lang='lat' dir='ltr'>fui.</span> 
     </span>
     <span class='ocr_line' id='line_1_8' title="bbox 375 583 1630 664; baseline -0.004 -23"><span class='ocrx_word' id='word_1_30' title='bbox 375 588 531 661; x_wconf 82' lang='lat' dir='ltr'>Quae</span> <span class='ocrx_word' id='word_1_31' title='bbox 560 587 656 640; x_wconf 90' lang='lat' dir='ltr'>tibi</span> <span class='ocrx_word' id='word_1_32' title='bbox 684 586 882 657; x_wconf 87' lang='lat' dir='ltr'>subjeci</span> <span class='ocrx_word' id='word_1_33' title='bbox 905 583 1144 638; x_wconf 83' lang='lat' dir='ltr'>latiflima</span> <span class='ocrx_word' id='word_1_34' title='bbox 1169 599 1332 654; x_wconf 81' lang='lat' dir='ltr'>regna</span> <span class='ocrx_word' id='word_1_35' title='bbox 1360 583 1630 664; x_wconf 79' lang='lat' dir='ltr'>Lycurgi,</span> 
     </span>
    </p>
   </div>
   <div class='ocr_carea' id='block_1_6' title="bbox 233 656 1986 1150">
    <p class='ocr_par' dir='ltr' id='par_1_6' title="bbox 233 656 1986 1150">
     <span class='ocr_line' id='line_1_9' title="bbox 447 656 1518 727; baseline -0.004 -14"><span class='ocrx_word' id='word_1_36' title='bbox 447 660 683 714; x_wconf 87' lang='lat' dir='ltr'>Nomine</span> <span class='ocrx_word' id='word_1_37' title='bbox 710 659 946 712; x_wconf 87' lang='lat' dir='ltr'>femineo</span> <span class='ocrx_word' id='word_1_38' title='bbox 970 657 1063 710; x_wconf 80' lang='lat' dir='ltr'>vix</span> <span class='ocrx_word' id='word_1_39' title='bbox 1088 656 1205 709; x_wconf 85' lang='lat' dir='ltr'>satis</span> <span class='ocrx_word' id='word_1_40' title='bbox 1229 668 1349 727; x_wconf 82' lang='lat' dir='ltr'>apta</span> <span class='ocrx_word' id='word_1_41' title='bbox 1378 674 1518 726; x_wconf 85' lang='lat' dir='ltr'>regi:</span> 
     </span>
     <span class='ocr_line' id='line_1_10' title="bbox 375 727 1986 805; baseline -0.001 -19"><span class='ocrx_word' id='word_1_42' title='bbox 375 733 497 805; x_wconf 81' lang='lat' dir='ltr'>Qua</span> <span class='ocrx_word' id='word_1_43' title='bbox 523 744 669 805; x_wconf 86' lang='lat' dir='ltr'>patet</span> <span class='ocrx_word' id='word_1_44' title='bbox 703 729 1012 784; x_wconf 88' lang='lat' dir='ltr'>umbrosum</span> <span class='ocrx_word' id='word_1_45' title='bbox 1036 727 1312 800; x_wconf 87' lang='lat' dir='ltr'>Rhodope</span> <span class='ocrx_word' id='word_1_46' title='bbox 1340 728 1565 799; x_wconf 84' lang='lat' dir='ltr'>glacialis</span> <span class='ocrx_word' id='word_1_47' title='bbox 1594 729 1660 784; x_wconf 87' lang='lat' dir='ltr'>ad</span> <span class='ocrx_word' id='word_1_48' title='bbox 1684 727 1986 793; x_wconf 84' lang='lat' dir='ltr'>Haemum,</span> 
     </span>
     <span class='ocr_line' id='line_1_11' title="bbox 448 799 1601 874; baseline -0.003 -15"><span class='ocrx_word' id='word_1_49' title='bbox 448 801 521 859; x_wconf 85' lang='lat' dir='ltr'>Et</span> <span class='ocrx_word' id='word_1_50' title='bbox 549 805 691 859; x_wconf 82' lang='lat' dir='ltr'>sacer</span> <span class='ocrx_word' id='word_1_51' title='bbox 720 801 956 857; x_wconf 83' lang='lat' dir='ltr'>admiffas</span> <span class='ocrx_word' id='word_1_52' title='bbox 987 801 1153 871; x_wconf 73' lang='lat' dir='ltr'>exigit</span> <span class='ocrx_word' id='word_1_53' title='bbox 1181 799 1402 855; x_wconf 81' lang='lat' dir='ltr'>Hebrus</span> <span class='ocrx_word' id='word_1_54' title='bbox 1428 819 1601 874; x_wconf 79' lang='lat' dir='ltr'>aquas,</span> 
     </span>
     <span class='ocr_line' id='line_1_12' title="bbox 233 872 1575 948; baseline -0.004 -15"><span class='ocrx_word' id='word_1_55' title='bbox 233 897 328 948; x_wconf 82' lang='lat'>115</span> <span class='ocrx_word' id='word_1_56' title='bbox 364 877 471 932; x_wconf 77' lang='lat' dir='ltr'>Cui</span> <span class='ocrx_word' id='word_1_57' title='bbox 499 895 616 931; x_wconf 83' lang='lat' dir='ltr'>mea</span> <span class='ocrx_word' id='word_1_58' title='bbox 645 876 918 947; x_wconf 79' lang='lat' dir='ltr'>virginitas</span> <span class='ocrx_word' id='word_1_59' title='bbox 948 873 1127 927; x_wconf 79' lang='lat' dir='ltr'>avibus</span> <span class='ocrx_word' id='word_1_60' title='bbox 1154 872 1309 926; x_wconf 83' lang='lat' dir='ltr'>libata</span> <span class='ocrx_word' id='word_1_61' title='bbox 1339 873 1575 936; x_wconf 81' lang='lat' dir='ltr'>finistriS,</span> 
     </span>
     <span class='ocr_line' id='line_1_13' title="bbox 447 944 1529 1022; baseline -0.004 -19"><span class='ocrx_word' id='word_1_62' title='bbox 447 948 709 1022; x_wconf 84' lang='lat' dir='ltr'>Castaque</span> <span class='ocrx_word' id='word_1_63' title='bbox 743 947 910 1001; x_wconf 83' lang='lat' dir='ltr'>fallaci</span> <span class='ocrx_word' id='word_1_64' title='bbox 939 964 1075 1000; x_wconf 83' lang='lat' dir='ltr'>zona</span> <span class='ocrx_word' id='word_1_65' title='bbox 1102 944 1332 999; x_wconf 67' lang='lat' dir='ltr'>recincta</span> <span class='ocrx_word' id='word_1_66' title='bbox 1355 963 1529 999; x_wconf 74' lang='lat' dir='ltr'>manu,</span> 
     </span>
     <span class='ocr_line' id='line_1_14' title="bbox 372 1017 1688 1092; baseline -0.005 -15"><span class='ocrx_word' id='word_1_67' title='bbox 372 1022 622 1078; x_wconf 82' lang='lat' dir='ltr'>Pronuba</span> <span class='ocrx_word' id='word_1_68' title='bbox 647 1020 944 1092; x_wconf 82' lang='lat' dir='ltr'>Tisiphone</span> <span class='ocrx_word' id='word_1_69' title='bbox 977 1017 1215 1073; x_wconf 77' lang='lat' dir='ltr'>thalamis</span> <span class='ocrx_word' id='word_1_70' title='bbox 1239 1019 1456 1072; x_wconf 79' lang='lat' dir='ltr'>ululavit</span> <span class='ocrx_word' id='word_1_71' title='bbox 1484 1019 1538 1071; x_wconf 91' lang='lat' dir='ltr'>in</span> <span class='ocrx_word' id='word_1_72' title='bbox 1562 1019 1688 1080; x_wconf 76' lang='lat' dir='ltr'>illis,</span> 
     </span>
     <span class='ocr_line' id='line_1_15' title="bbox 444 1090 1594 1150; baseline -0.004 -1"><span class='ocrx_word' id='word_1_73' title='bbox 444 1094 518 1149; x_wconf 85' lang='lat' dir='ltr'>Et</span> <span class='ocrx_word' id='word_1_74' title='bbox 543 1094 741 1150; x_wconf 77' lang='lat' dir='ltr'>cecinit</span> <span class='ocrx_word' id='word_1_75' title='bbox 767 1091 1029 1148; x_wconf 86' lang='lat' dir='ltr'>moestum</span> <span class='ocrx_word' id='word_1_76' title='bbox 1054 1090 1210 1145; x_wconf 79' lang='lat' dir='ltr'>devia</span> <span class='ocrx_word' id='word_1_77' title='bbox 1235 1109 1451 1146; x_wconf 80' lang='lat' dir='ltr'>carmen</span> <span class='ocrx_word' id='word_1_78' title='bbox 1473 1091 1594 1147; x_wconf 79' lang='lat' dir='ltr'>avis,</span> 
     </span>
    </p>
   </div>
   <div class='ocr_carea' id='block_1_7' title="bbox 72 1296 1123 3311">
    <p class='ocr_par' dir='ltr' id='par_1_7' title="bbox 80 1296 1123 1444">
     <span class='ocr_line' id='line_1_16' title="bbox 139 1296 1121 1347; baseline -0.003 -11"><span class='ocrx_word' id='word_1_79' title='bbox 139 1297 223 1336; x_wconf 80' lang='lat'>108.</span> <span class='ocrx_word' id='word_1_80' title='bbox 250 1296 408 1347; x_wconf 58' lang='lat' dir='ltr'>Portus]</span> <span class='ocrx_word' id='word_1_81' title='bbox 439 1297 558 1346; x_wconf 66' lang='lat' dir='ltr'>Pastas</span> <span class='ocrx_word' id='word_1_82' title='bbox 584 1297 788 1336; x_wconf 83' lang='lat' dir='ltr'>Puteaneus</span> <span class='ocrx_word' id='word_1_83' title='bbox 816 1307 838 1335; x_wconf 80' lang='lat' dir='ltr'>a</span> <span class='ocrx_word' id='word_1_84' title='bbox 856 1296 973 1347; x_wconf 81' lang='lat' dir='ltr'>prima</span> <span class='ocrx_word' id='word_1_85' title='bbox 996 1307 1121 1334; x_wconf 84' lang='lat' dir='ltr'>manu.</span> 
     </span>
     <span class='ocr_line' id='line_1_17' title="bbox 80 1349 1123 1399; baseline -0.003 -12"><span class='ocrx_word' id='word_1_86' title='bbox 80 1349 187 1399; x_wconf 78' lang='lat' dir='ltr'>quod</span> <span class='ocrx_word' id='word_1_87' title='bbox 203 1349 359 1386; x_wconf 89' lang='lat' dir='ltr'>minime</span> <span class='ocrx_word' id='word_1_88' title='bbox 378 1349 507 1397; x_wconf 83' lang='lat' dir='ltr'>placet.</span> <span class='ocrx_word' id='word_1_89' title='bbox 526 1349 647 1386; x_wconf 86' lang='lat' dir='ltr'>Valer.</span> <span class='ocrx_word' id='word_1_90' title='bbox 668 1349 764 1387; x_wconf 81' lang='lat' dir='ltr'>Flac.</span> <span class='ocrx_word' id='word_1_91' title='bbox 790 1360 845 1388; x_wconf 87' lang='lat'>11.</span> <span class='ocrx_word' id='word_1_92' title='bbox 868 1360 950 1398; x_wconf 82' lang='lat'>322.</span> <span class='ocrx_word' id='word_1_93' title='bbox 977 1354 1123 1385; x_wconf 81' lang='lat' dir='ltr'>Portum</span> 
     </span>
     <span class='ocr_line' id='line_1_18' title="bbox 83 1399 612 1444; baseline 0.002 -8"><span class='ocrx_word' id='word_1_94' title='bbox 83 1399 316 1444; x_wconf 55' lang='lat' dir='ltr'>demna-,ain</span> <span class='ocrx_word' id='word_1_95' title='bbox 343 1399 612 1437; x_wconf 60' lang='lat' dir='ltr'>BuRMANNus.</span> 
     </span>
    </p>

    <p class='ocr_par' dir='ltr' id='par_1_8' title="bbox 75 1447 1123 1948">
     <span class='ocr_line' id='line_1_19' title="bbox 137 1447 1123 1499; baseline 0 -12"><span class='ocrx_word' id='word_1_96' title='bbox 137 1462 217 1487; x_wconf 72' lang='grc' dir='ltr'>ηπ.</span> <span class='ocrx_word' id='word_1_97' title='bbox 244 1447 460 1499; x_wconf 69' lang='lat' dir='ltr'>Latiffima.]</span> <span class='ocrx_word' id='word_1_98' title='bbox 491 1448 684 1497; x_wconf 79' lang='lat' dir='ltr'>Laettffima</span> <span class='ocrx_word' id='word_1_99' title='bbox 711 1458 787 1488; x_wconf 86' lang='lat' dir='ltr'>erat</span> <span class='ocrx_word' id='word_1_100' title='bbox 814 1451 851 1488; x_wconf 91' lang='lat' dir='ltr'>in</span> <span class='ocrx_word' id='word_1_101' title='bbox 880 1451 1070 1489; x_wconf 86' lang='lat' dir='ltr'>Puteaneo</span> <span class='ocrx_word' id='word_1_102' title='bbox 1102 1462 1123 1487; x_wconf 90' lang='lat' dir='ltr'>a</span> 
     </span>
     <span class='ocr_line' id='line_1_20' title="bbox 78 1500 1122 1550; baseline 0.001 -13"><span class='ocrx_word' id='word_1_103' title='bbox 78 1510 195 1538; x_wconf 73' lang='lat' dir='ltr'>&#39;manu</span> <span class='ocrx_word' id='word_1_104' title='bbox 213 1501 340 1549; x_wconf 80' lang='lat' dir='ltr'>prima.</span> <span class='ocrx_word' id='word_1_105' title='bbox 366 1500 427 1538; x_wconf 89' lang='lat' dir='ltr'>sed</span> <span class='ocrx_word' id='word_1_106' title='bbox 457 1501 615 1538; x_wconf 87' lang='lat' dir='ltr'>fertilem</span> <span class='ocrx_word' id='word_1_107' title='bbox 637 1500 740 1538; x_wconf 78' lang='lat' dir='ltr'>fuiss&#39;e</span> <span class='ocrx_word' id='word_1_108' title='bbox 763 1501 963 1539; x_wconf 73' lang='lat' dir='ltr'>Thraciam</span> <span class='ocrx_word' id='word_1_109' title='bbox 986 1510 1122 1550; x_wconf 85' lang='lat' dir='ltr'>negant</span> 
     </span>
     <span class='ocr_line' id='line_1_21' title="bbox 79 1550 1123 1600; baseline 0.002 -12"><span class='ocrx_word' id='word_1_110' title='bbox 79 1550 268 1600; x_wconf 76' lang='lat' dir='ltr'>scriptores</span> <span class='ocrx_word' id='word_1_111' title='bbox 281 1579 291 1595; x_wconf 92' lang='lat'>,</span> <span class='ocrx_word' id='word_1_112' title='bbox 305 1552 343 1588; x_wconf 67' lang='grc' dir='ltr'>δε</span> <span class='ocrx_word' id='word_1_113' title='bbox 364 1563 434 1588; x_wconf 89' lang='lat' dir='ltr'>nec</span> <span class='ocrx_word' id='word_1_114' title='bbox 451 1550 538 1588; x_wconf 75' lang='lat' dir='ltr'>caelo</span> <span class='ocrx_word' id='word_1_115' title='bbox 558 1550 702 1596; x_wconf 81' lang='lat' dir='ltr'>laetam,</span> <span class='ocrx_word' id='word_1_116' title='bbox 716 1565 774 1588; x_wconf 86' lang='lat' dir='ltr'>nec</span> <span class='ocrx_word' id='word_1_117' title='bbox 787 1552 858 1600; x_wconf 78' lang='lat' dir='ltr'>fhlo</span> <span class='ocrx_word' id='word_1_118' title='bbox 867 1567 878 1595; x_wconf 89' lang='lat'>;</span> <span class='ocrx_word' id='word_1_119' title='bbox 893 1554 932 1590; x_wconf 66' lang='grc' dir='ltr'>ὃς</span> <span class='ocrx_word' id='word_1_120' title='bbox 951 1553 1123 1590; x_wconf 88' lang='lat' dir='ltr'>infecun-</span> 
     </span>
     <span class='ocr_line' id='line_1_22' title="bbox 80 1601 1122 1650; baseline 0 -11"><span class='ocrx_word' id='word_1_121' title='bbox 80 1601 167 1639; x_wconf 86' lang='lat' dir='ltr'>dam</span> <span class='ocrx_word' id='word_1_122' title='bbox 181 1630 191 1645; x_wconf 94' lang='lat'>‚</span> <span class='ocrx_word' id='word_1_123' title='bbox 213 1601 278 1638; x_wconf 81' lang='lat' dir='ltr'>nisi</span> <span class='ocrx_word' id='word_1_124' title='bbox 299 1613 370 1650; x_wconf 82' lang='lat' dir='ltr'>qua</span> <span class='ocrx_word' id='word_1_125' title='bbox 392 1603 483 1640; x_wconf 77' lang='lat' dir='ltr'>mari</span> <span class='ocrx_word' id='word_1_126' title='bbox 501 1603 651 1650; x_wconf 76' lang='lat' dir='ltr'>propior</span> <span class='ocrx_word' id='word_1_127' title='bbox 665 1630 675 1646; x_wconf 89' lang='lat'>‚</span> <span class='ocrx_word' id='word_1_128' title='bbox 695 1604 733 1639; x_wconf 69' lang='grc' dir='ltr'>δε</span> <span class='ocrx_word' id='word_1_129' title='bbox 754 1603 922 1650; x_wconf 80' lang='lat' dir='ltr'>frigidam</span> <span class='ocrx_word' id='word_1_130' title='bbox 945 1601 1015 1640; x_wconf 88' lang='lat' dir='ltr'>effe</span> <span class='ocrx_word' id='word_1_131' title='bbox 1034 1602 1122 1639; x_wconf 90' lang='lat' dir='ltr'>dicit</span> 
     </span>
     <span class='ocr_line' id='line_1_23' title="bbox 81 1650 1118 1700; baseline -0.001 -13"><span class='ocrx_word' id='word_1_132' title='bbox 81 1651 185 1688; x_wconf 60' lang='lat' dir='ltr'>hdr-:la</span> <span class='ocrx_word' id='word_1_133' title='bbox 202 1652 262 1687; x_wconf 88' lang='lat' dir='ltr'>lib.</span> <span class='ocrx_word' id='word_1_134' title='bbox 288 1663 300 1687; x_wconf 92' lang='lat'>1</span> <span class='ocrx_word' id='word_1_135' title='bbox 313 1664 342 1688; x_wconf 90' lang='lat'>1.</span> <span class='ocrx_word' id='word_1_136' title='bbox 362 1663 397 1687; x_wconf 84' lang='lat'>2.</span> <span class='ocrx_word' id='word_1_137' title='bbox 423 1663 533 1700; x_wconf 80' lang='lat' dir='ltr'>quare</span> <span class='ocrx_word' id='word_1_138' title='bbox 553 1653 695 1688; x_wconf 79' lang='lat' dir='ltr'>retineo</span> <span class='ocrx_word' id='word_1_139' title='bbox 715 1651 912 1699; x_wconf 60' lang='lat' dir='ltr'>vulgatam.</span> <span class='ocrx_word' id='word_1_140' title='bbox 940 1650 1118 1698; x_wconf 80' lang='lat' dir='ltr'>Latiffima</span> 
     </span>
     <span class='ocr_line' id='line_1_24' title="bbox 83 1700 1120 1749; baseline 0.002 -13"><span class='ocrx_word' id='word_1_141' title='bbox 83 1711 175 1737; x_wconf 85' lang='lat' dir='ltr'>vero</span> <span class='ocrx_word' id='word_1_142' title='bbox 187 1711 295 1749; x_wconf 85' lang='lat' dir='ltr'>regna</span> <span class='ocrx_word' id='word_1_143' title='bbox 313 1702 457 1749; x_wconf 83' lang='lat' dir='ltr'>proprie</span> <span class='ocrx_word' id='word_1_144' title='bbox 479 1701 550 1738; x_wconf 85' lang='lat' dir='ltr'>dici</span> <span class='ocrx_word' id='word_1_145' title='bbox 573 1700 794 1738; x_wconf 84' lang='lat' dir='ltr'>ostendimus</span> <span class='ocrx_word' id='word_1_146' title='bbox 815 1700 861 1738; x_wconf 84' lang='lat' dir='ltr'>ad</span> <span class='ocrx_word' id='word_1_147' title='bbox 879 1701 1027 1738; x_wconf 89' lang='lat' dir='ltr'>Petron.</span> <span class='ocrx_word' id='word_1_148' title='bbox 1041 1713 1120 1749; x_wconf 87' lang='lat' dir='ltr'>cap.</span> 
     </span>
     <span class='ocr_line' id='line_1_25' title="bbox 83 1751 1117 1797; baseline 0 -11"><span class='ocrx_word' id='word_1_149' title='bbox 83 1761 227 1786; x_wconf 74' lang='lat' dir='ltr'>Lxxxn.</span> <span class='ocrx_word' id='word_1_150' title='bbox 250 1751 347 1786; x_wconf 87' lang='lat' dir='ltr'>unde</span> <span class='ocrx_word' id='word_1_151' title='bbox 368 1763 456 1788; x_wconf 81' lang='lat' dir='ltr'>vero</span> <span class='ocrx_word' id='word_1_152' title='bbox 480 1751 632 1788; x_wconf 86' lang='lat' dir='ltr'>Volscus</span> <span class='ocrx_word' id='word_1_153' title='bbox 651 1751 829 1792; x_wconf 76' lang='lat' dir='ltr'>hauserit,</span> <span class='ocrx_word' id='word_1_154' title='bbox 850 1751 950 1787; x_wconf 87' lang='lat' dir='ltr'>hunc</span> <span class='ocrx_word' id='word_1_155' title='bbox 971 1752 1117 1797; x_wconf 81' lang='lat' dir='ltr'>Lycur-</span> 
     </span>
     <span class='ocr_line' id='line_1_26' title="bbox 79 1797 1116 1848; baseline 0.002 -13"><span class='ocrx_word' id='word_1_156' title='bbox 79 1809 169 1847; x_wconf 87' lang='lat' dir='ltr'>gum</span> <span class='ocrx_word' id='word_1_157' title='bbox 182 1797 285 1836; x_wconf 73' lang='lat' dir='ltr'>fuiss&#39;e</span> <span class='ocrx_word' id='word_1_158' title='bbox 295 1807 433 1847; x_wconf 79' lang='lat' dir='ltr'>patrem</span> <span class='ocrx_word' id='word_1_159' title='bbox 446 1799 783 1848; x_wconf 81' lang='lat' dir='ltr'>Hypfipiles‚quem</span> <span class='ocrx_word' id='word_1_160' title='bbox 796 1811 926 1836; x_wconf 89' lang='lat' dir='ltr'>omnes</span> <span class='ocrx_word' id='word_1_161' title='bbox 939 1800 1116 1837; x_wconf 81' lang='lat' dir='ltr'>Thoanta</span> 
     </span>
     <span class='ocr_line' id='line_1_27' title="bbox 75 1848 1115 1898; baseline 0.001 -12"><span class='ocrx_word' id='word_1_162' title='bbox 75 1849 216 1887; x_wconf 72' lang='lat' dir='ltr'>faciunt</span> <span class='ocrx_word' id='word_1_163' title='bbox 230 1849 368 1892; x_wconf 77' lang='lat' dir='ltr'>‚fateor</span> <span class='ocrx_word' id='word_1_164' title='bbox 391 1861 450 1886; x_wconf 89' lang='lat' dir='ltr'>me</span> <span class='ocrx_word' id='word_1_165' title='bbox 472 1850 650 1898; x_wconf 81' lang='lat' dir='ltr'>ignorare.</span> <span class='ocrx_word' id='word_1_166' title='bbox 678 1861 763 1886; x_wconf 87' lang='lat' dir='ltr'>cum</span> <span class='ocrx_word' id='word_1_167' title='bbox 784 1862 887 1897; x_wconf 78' lang='lat' dir='ltr'>regna</span> <span class='ocrx_word' id='word_1_168' title='bbox 908 1849 1052 1898; x_wconf 69' lang='lat' dir='ltr'>Lycurgi</span> <span class='ocrx_word' id='word_1_169' title='bbox 1073 1848 1115 1887; x_wconf 86' lang='lat' dir='ltr'>fit</span> 
     </span>
     <span class='ocr_line' id='line_1_28' title="bbox 78 1899 1091 1948; baseline 0.002 -12"><span class='ocrx_word' id='word_1_170' title='bbox 78 1899 288 1948; x_wconf 61' lang='lat' dir='ltr'>periphrasis</span> <span class='ocrx_word' id='word_1_171' title='bbox 317 1900 511 1937; x_wconf 74' lang='lat' dir='ltr'>Thraciae.</span> <span class='ocrx_word' id='word_1_172' title='bbox 538 1908 579 1937; x_wconf 86' lang='lat' dir='ltr'>ut</span> <span class='ocrx_word' id='word_1_173' title='bbox 609 1899 738 1948; x_wconf 82' lang='lat' dir='ltr'>Virgil.</span> <span class='ocrx_word' id='word_1_174' title='bbox 774 1911 828 1937; x_wconf 90' lang='lat'>11.</span> <span class='ocrx_word' id='word_1_175' title='bbox 849 1899 1009 1937; x_wconf 78' lang='lat' dir='ltr'>Aene‘i&#39;d.</span> <span class='ocrx_word' id='word_1_176' title='bbox 1037 1911 1091 1947; x_wconf 79' lang='lat'>14.</span> 
     </span>
    </p>

    <p class='ocr_par' dir='ltr' id='par_1_9' title="bbox 74 1950 1117 2302">
     <span class='ocr_line' id='line_1_29' title="bbox 129 1950 1054 2000; baseline 0.001 -14"><span class='ocrx_word' id='word_1_177' title='bbox 129 1950 273 1986; x_wconf 83' lang='lat' dir='ltr'>Thraces</span> <span class='ocrx_word' id='word_1_178' title='bbox 290 1960 421 1994; x_wconf 58' lang='lat' dir='ltr'>arant,</span> <span class='ocrx_word' id='word_1_179' title='bbox 446 1950 519 1987; x_wconf 81' lang='lat' dir='ltr'>acri</span> <span class='ocrx_word' id='word_1_180' title='bbox 538 1950 713 2000; x_wconf 77' lang='lat' dir='ltr'>quondam</span> <span class='ocrx_word' id='word_1_181' title='bbox 732 1960 874 1998; x_wconf 81' lang='lat' dir='ltr'>regnata</span> <span class='ocrx_word' id='word_1_182' title='bbox 894 1956 1054 1999; x_wconf 75' lang='lat' dir='ltr'>Lycurgo.</span> 
     </span>
     <span class='ocr_line' id='line_1_30' title="bbox 77 2001 1117 2049; baseline 0.002 -11"><span class='ocrx_word' id='word_1_183' title='bbox 77 2001 200 2049; x_wconf 88' lang='lat' dir='ltr'>Hujus</span> <span class='ocrx_word' id='word_1_184' title='bbox 229 2009 352 2038; x_wconf 86' lang='lat' dir='ltr'>autem</span> <span class='ocrx_word' id='word_1_185' title='bbox 379 2008 587 2049; x_wconf 78' lang='lat' dir='ltr'>opportune</span> <span class='ocrx_word' id='word_1_186' title='bbox 613 2001 674 2038; x_wconf 88' lang='lat' dir='ltr'>hic</span> <span class='ocrx_word' id='word_1_187' title='bbox 699 2001 841 2038; x_wconf 88' lang='lat' dir='ltr'>mentio</span> <span class='ocrx_word' id='word_1_188' title='bbox 861 2001 1047 2049; x_wconf 84' lang='lat' dir='ltr'>injicitur,</span> <span class='ocrx_word' id='word_1_189' title='bbox 1076 2009 1117 2040; x_wconf 86' lang='lat' dir='ltr'>ut</span> 
     </span>
     <span class='ocr_line' id='line_1_31' title="bbox 75 2051 1112 2102; baseline 0.002 -14"><span class='ocrx_word' id='word_1_190' title='bbox 75 2051 296 2089; x_wconf 81' lang='lat' dir='ltr'>beneficium</span> <span class='ocrx_word' id='word_1_191' title='bbox 331 2051 434 2089; x_wconf 89' lang='lat' dir='ltr'>suum</span> <span class='ocrx_word' id='word_1_192' title='bbox 471 2063 517 2089; x_wconf 88' lang='lat' dir='ltr'>eo</span> <span class='ocrx_word' id='word_1_193' title='bbox 557 2052 671 2100; x_wconf 80' lang='lat' dir='ltr'>magis</span> <span class='ocrx_word' id='word_1_194' title='bbox 701 2052 942 2089; x_wconf 87' lang='lat' dir='ltr'>commendet</span> <span class='ocrx_word' id='word_1_195' title='bbox 961 2080 971 2097; x_wconf 91' lang='lat'><strong>,</strong></span> <span class='ocrx_word' id='word_1_196' title='bbox 1016 2064 1112 2102; x_wconf 81' lang='lat' dir='ltr'>quae</span> 
     </span>
     <span class='ocr_line' id='line_1_32' title="bbox 74 2102 1112 2150; baseline 0.002 -12"><span class='ocrx_word' id='word_1_197' title='bbox 74 2109 260 2150; x_wconf 83' lang='lat' dir='ltr'>receperat</span> <span class='ocrx_word' id='word_1_198' title='bbox 284 2102 458 2150; x_wconf 86' lang='lat' dir='ltr'>portubus</span> <span class='ocrx_word' id='word_1_199' title='bbox 486 2102 553 2139; x_wconf 90' lang='lat' dir='ltr'>suis</span> <span class='ocrx_word' id='word_1_200' title='bbox 575 2103 893 2150; x_wconf 75' lang='lat' dir='ltr'>Demophoonta,</span> <span class='ocrx_word' id='word_1_201' title='bbox 921 2102 1019 2140; x_wconf 87' lang='lat' dir='ltr'>unde</span> <span class='ocrx_word' id='word_1_202' title='bbox 1038 2103 1112 2140; x_wconf 74' lang='lat' dir='ltr'>sae-</span> 
     </span>
     <span class='ocr_line' id='line_1_33' title="bbox 76 2151 1110 2202; baseline 0.002 -13"><span class='ocrx_word' id='word_1_203' title='bbox 76 2154 192 2189; x_wconf 82' lang='lat' dir='ltr'>vus&amp;</span> <span class='ocrx_word' id='word_1_204' title='bbox 205 2151 424 2200; x_wconf 79' lang='lat' dir='ltr'>inhospitalis</span> <span class='ocrx_word' id='word_1_205' title='bbox 445 2153 634 2202; x_wconf 81' lang='lat' dir='ltr'>Lycurgus</span> <span class='ocrx_word' id='word_1_206' title='bbox 654 2152 777 2190; x_wconf 79' lang='lat' dir='ltr'>solitus</span> <span class='ocrx_word' id='word_1_207' title='bbox 797 2162 872 2190; x_wconf 86' lang='lat' dir='ltr'>erat</span> <span class='ocrx_word' id='word_1_208' title='bbox 892 2164 969 2190; x_wconf 89' lang='lat' dir='ltr'>non</span> <span class='ocrx_word' id='word_1_209' title='bbox 992 2153 1110 2192; x_wconf 87' lang='lat' dir='ltr'>modo</span> 
     </span>
     <span class='ocr_line' id='line_1_34' title="bbox 75 2202 1109 2252; baseline 0.003 -13"><span class='ocrx_word' id='word_1_210' title='bbox 75 2214 197 2240; x_wconf 85' lang='lat' dir='ltr'>arcere</span> <span class='ocrx_word' id='word_1_211' title='bbox 215 2202 372 2251; x_wconf 79' lang='lat' dir='ltr'>hospites</span> <span class='ocrx_word' id='word_1_212' title='bbox 385 2231 395 2247; x_wconf 93' lang='lat'><strong>‚</strong></span> <span class='ocrx_word' id='word_1_213' title='bbox 423 2203 483 2240; x_wconf 85' lang='lat' dir='ltr'>sed</span> <span class='ocrx_word' id='word_1_214' title='bbox 502 2203 683 2241; x_wconf 85' lang='lat' dir='ltr'>occidere.</span> <span class='ocrx_word' id='word_1_215' title='bbox 708 2204 794 2241; x_wconf 85' lang='lat' dir='ltr'>vide</span> <span class='ocrx_word' id='word_1_216' title='bbox 815 2215 910 2252; x_wconf 80' lang='lat' dir='ltr'>quae</span> <span class='ocrx_word' id='word_1_217' title='bbox 930 2215 997 2241; x_wconf 91' lang='lat' dir='ltr'>nos</span> <span class='ocrx_word' id='word_1_218' title='bbox 1017 2204 1109 2242; x_wconf 91' lang='lat' dir='ltr'>olim</span> 
     </span>
     <span class='ocr_line' id='line_1_35' title="bbox 75 2253 1083 2302; baseline 0.002 -12"><span class='ocrx_word' id='word_1_219' title='bbox 75 2253 121 2290; x_wconf 79' lang='lat' dir='ltr'>ad</span> <span class='ocrx_word' id='word_1_220' title='bbox 141 2254 287 2291; x_wconf 89' lang='lat' dir='ltr'>Petron.</span> <span class='ocrx_word' id='word_1_221' title='bbox 305 2265 380 2302; x_wconf 86' lang='lat' dir='ltr'>cap.</span> <span class='ocrx_word' id='word_1_222' title='bbox 401 2266 567 2291; x_wconf 76' lang='lat' dir='ltr'>Lxxxrxr.</span> <span class='ocrx_word' id='word_1_223' title='bbox 584 2255 803 2291; x_wconf 84' lang='lat' dir='ltr'>notavimus.</span> <span class='ocrx_word' id='word_1_224' title='bbox 826 2254 1083 2292; x_wconf 77' lang='lat' dir='ltr'>BURMANNUS.</span> 
     </span>
    </p>

    <p class='ocr_par' dir='ltr' id='par_1_10' title="bbox 72 2303 1111 2758">
     <span class='ocr_line' id='line_1_36' title="bbox 130 2303 1109 2354; baseline 0.004 -14"><span class='ocrx_word' id='word_1_225' title='bbox 130 2315 209 2350; x_wconf 85' lang='lat'>114.</span> <span class='ocrx_word' id='word_1_226' title='bbox 245 2309 352 2342; x_wconf 84' lang='lat' dir='ltr'>Sacer.</span> <span class='ocrx_word' id='word_1_227' title='bbox 370 2303 385 2353; x_wconf 90' lang='lat'>]</span> <span class='ocrx_word' id='word_1_228' title='bbox 423 2305 520 2342; x_wconf 84' lang='lat' dir='ltr'>Bene</span> <span class='ocrx_word' id='word_1_229' title='bbox 539 2318 558 2348; x_wconf 67' lang='grc'>;’</span> <span class='ocrx_word' id='word_1_230' title='bbox 600 2304 674 2342; x_wconf 78' lang='lat' dir='ltr'>five</span> <span class='ocrx_word' id='word_1_231' title='bbox 705 2305 807 2354; x_wconf 79' lang='lat' dir='ltr'>quod</span> <span class='ocrx_word' id='word_1_232' title='bbox 837 2317 967 2342; x_wconf 86' lang='lat' dir='ltr'>omnes</span> <span class='ocrx_word' id='word_1_233' title='bbox 1007 2305 1109 2344; x_wconf 87' lang='lat' dir='ltr'>fluvii</span> 
     </span>
     <span class='ocr_line' id='line_1_37' title="bbox 74 2352 1111 2405; baseline 0.005 -15"><span class='ocrx_word' id='word_1_234' title='bbox 74 2352 185 2398; x_wconf 76' lang='lat' dir='ltr'>sacri,</span> <span class='ocrx_word' id='word_1_235' title='bbox 207 2355 245 2392; x_wconf 62' lang='grc' dir='ltr'>ὃς</span> <span class='ocrx_word' id='word_1_236' title='bbox 274 2354 443 2392; x_wconf 81' lang='lat' dir='ltr'>Deorum</span> <span class='ocrx_word' id='word_1_237' title='bbox 472 2367 630 2393; x_wconf 87' lang='lat' dir='ltr'>numero</span> <span class='ocrx_word' id='word_1_238' title='bbox 657 2355 843 2403; x_wconf 72' lang='lat' dir='ltr'>adscripti,</span> <span class='ocrx_word' id='word_1_239' title='bbox 871 2355 945 2393; x_wconf 78' lang='lat' dir='ltr'>five</span> <span class='ocrx_word' id='word_1_240' title='bbox 963 2364 1111 2405; x_wconf 88' lang='lat' dir='ltr'>propter</span> 
     </span>
     <span class='ocr_line' id='line_1_38' title="bbox 73 2402 1110 2454; baseline 0.005 -13"><span class='ocrx_word' id='word_1_241' title='bbox 73 2402 206 2442; x_wconf 80' lang='lat' dir='ltr'>Bacchi</span> <span class='ocrx_word' id='word_1_242' title='bbox 232 2406 342 2454; x_wconf 75' lang='lat' dir='ltr'>orgia.</span> <span class='ocrx_word' id='word_1_243' title='bbox 369 2406 454 2442; x_wconf 80' lang='lat' dir='ltr'>vide</span> <span class='ocrx_word' id='word_1_244' title='bbox 487 2407 637 2444; x_wconf 88' lang='lat' dir='ltr'>Colum.</span> <span class='ocrx_word' id='word_1_245' title='bbox 673 2405 719 2443; x_wconf 85' lang='lat' dir='ltr'>ad</span> <span class='ocrx_word' id='word_1_246' title='bbox 747 2406 843 2443; x_wconf 89' lang='lat' dir='ltr'>Enn.</span> <span class='ocrx_word' id='word_1_247' title='bbox 874 2405 922 2443; x_wconf 84' lang='lat' dir='ltr'>fic</span> <span class='ocrx_word' id='word_1_248' title='bbox 952 2408 990 2444; x_wconf 88' lang='lat'>&amp;</span> <span class='ocrx_word' id='word_1_249' title='bbox 1022 2408 1110 2446; x_wconf 85' lang='lat' dir='ltr'>Stat.</span> 
     </span>
     <span class='ocr_line' id='line_1_39' title="bbox 78 2454 1110 2506; baseline 0.004 -15"><span class='ocrx_word' id='word_1_250' title='bbox 78 2465 110 2491; x_wconf 89' lang='lat'>1.</span> <span class='ocrx_word' id='word_1_251' title='bbox 129 2454 227 2503; x_wconf 88' lang='lat' dir='ltr'>Sylv.</span> <span class='ocrx_word' id='word_1_252' title='bbox 246 2467 305 2492; x_wconf 84' lang='lat' dir='ltr'>vr.</span> <span class='ocrx_word' id='word_1_253' title='bbox 325 2455 384 2493; x_wconf 78' lang='lat'>80.</span> <span class='ocrx_word' id='word_1_254' title='bbox 412 2455 517 2493; x_wconf 77' lang='lat' dir='ltr'>Nilus</span> <span class='ocrx_word' id='word_1_255' title='bbox 528 2456 624 2504; x_wconf 81' lang='lat' dir='ltr'>sacer</span> <span class='ocrx_word' id='word_1_256' title='bbox 645 2457 693 2494; x_wconf 93' lang='lat' dir='ltr'>ob</span> <span class='ocrx_word' id='word_1_257' title='bbox 715 2456 809 2494; x_wconf 78' lang='lat' dir='ltr'>sacra</span> <span class='ocrx_word' id='word_1_258' title='bbox 828 2456 1012 2506; x_wconf 75' lang='lat' dir='ltr'>Aegyptia</span> <span class='ocrx_word' id='word_1_259' title='bbox 1027 2459 1110 2501; x_wconf 88' lang='lat' dir='ltr'>,ubi</span> 
     </span>
     <span class='ocr_line' id='line_1_40' title="bbox 74 2504 1107 2557; baseline 0.003 -16"><span class='ocrx_word' id='word_1_260' title='bbox 74 2504 159 2542; x_wconf 89' lang='lat' dir='ltr'>vide</span> <span class='ocrx_word' id='word_1_261' title='bbox 181 2506 329 2543; x_wconf 79' lang='lat' dir='ltr'>Gevart.</span> <span class='ocrx_word' id='word_1_262' title='bbox 349 2506 483 2557; x_wconf 69' lang='lat' dir='ltr'>Avien.</span> <span class='ocrx_word' id='word_1_263' title='bbox 505 2507 683 2555; x_wconf 86' lang='lat' dir='ltr'>Descript.</span> <span class='ocrx_word' id='word_1_264' title='bbox 705 2508 795 2544; x_wconf 89' lang='lat' dir='ltr'>Orb.</span> <span class='ocrx_word' id='word_1_265' title='bbox 819 2513 916 2543; x_wconf 80' lang='lat' dir='ltr'>Sacer</span> <span class='ocrx_word' id='word_1_266' title='bbox 938 2507 1107 2556; x_wconf 68' lang='lat' dir='ltr'>Alpheus,</span> 
     </span>
     <span class='ocr_line' id='line_1_41' title="bbox 72 2556 1108 2607; baseline 0.004 -15"><span class='ocrx_word' id='word_1_267' title='bbox 72 2563 221 2603; x_wconf 81' lang='lat' dir='ltr'>propter</span> <span class='ocrx_word' id='word_1_268' title='bbox 250 2556 354 2593; x_wconf 81' lang='lat' dir='ltr'>ludos</span> <span class='ocrx_word' id='word_1_269' title='bbox 376 2557 630 2606; x_wconf 85' lang='lat' dir='ltr'>Olympiacos.</span> <span class='ocrx_word' id='word_1_270' title='bbox 657 2564 756 2593; x_wconf 82' lang='lat' dir='ltr'>Sacer</span> <span class='ocrx_word' id='word_1_271' title='bbox 783 2562 930 2594; x_wconf 65' lang='lat' dir='ltr'>Eurotas</span> <span class='ocrx_word' id='word_1_272' title='bbox 950 2559 1108 2607; x_wconf 82' lang='lat' dir='ltr'>Virgilio</span> 
     </span>
     <span class='ocr_line' id='line_1_42' title="bbox 72 2605 1110 2658; baseline 0.005 -17"><span class='ocrx_word' id='word_1_273' title='bbox 72 2605 124 2641; x_wconf 78' lang='lat' dir='ltr'>ob</span> <span class='ocrx_word' id='word_1_274' title='bbox 136 2606 390 2645; x_wconf 78' lang='lat' dir='ltr'>Palaestricam:</span> <span class='ocrx_word' id='word_1_275' title='bbox 401 2606 516 2655; x_wconf 80' lang='lat' dir='ltr'>poffet</span> <span class='ocrx_word' id='word_1_276' title='bbox 527 2616 651 2645; x_wconf 83' lang='lat' dir='ltr'>tamen</span> <span class='ocrx_word' id='word_1_277' title='bbox 663 2608 733 2656; x_wconf 72' lang='lat' dir='ltr'>legi</span> <span class='ocrx_word' id='word_1_278' title='bbox 747 2607 839 2644; x_wconf 81' lang='lat' dir='ltr'>celer.</span> <span class='ocrx_word' id='word_1_279' title='bbox 852 2609 937 2657; x_wconf 81' lang='lat' dir='ltr'>quia</span> <span class='ocrx_word' id='word_1_280' title='bbox 947 2609 1110 2658; x_wconf 77' lang='lat' dir='ltr'>admifflze</span> 
     </span>
     <span class='ocr_line' id='line_1_43' title="bbox 76 2657 1109 2705; baseline 0.008 -16"><span class='ocrx_word' id='word_1_281' title='bbox 76 2666 184 2704; x_wconf 78' lang='lat' dir='ltr'>aquae</span> <span class='ocrx_word' id='word_1_282' title='bbox 208 2657 377 2705; x_wconf 85' lang='lat' dir='ltr'>sequitur.</span> <span class='ocrx_word' id='word_1_283' title='bbox 412 2657 459 2695; x_wconf 81' lang='lat' dir='ltr'>fic</span> <span class='ocrx_word' id='word_1_284' title='bbox 485 2670 506 2695; x_wconf 81' lang='lat' dir='ltr'>a</span> <span class='ocrx_word' id='word_1_285' title='bbox 533 2659 659 2696; x_wconf 86' lang='lat' dir='ltr'>Senec.</span> <span class='ocrx_word' id='word_1_286' title='bbox 689 2659 810 2696; x_wconf 86' lang='lat' dir='ltr'>Theb.</span> <span class='ocrx_word' id='word_1_287' title='bbox 842 2660 926 2705; x_wconf 69' lang='lat'>607.</span> <span class='ocrx_word' id='word_1_288' title='bbox 955 2670 1109 2698; x_wconf 77' lang='lat' dir='ltr'>vocatur</span> 
     </span>
     <span class='ocr_line' id='line_1_44' title="bbox 79 2703 919 2758; baseline 0.011 -20"><span class='ocrx_word' id='word_1_289' title='bbox 79 2705 212 2752; x_wconf 73' lang='lat' dir='ltr'>rapidus</span> <span class='ocrx_word' id='word_1_290' title='bbox 231 2703 368 2744; x_wconf 70' lang='lat' dir='ltr'>Hebrus.</span> <span class='ocrx_word' id='word_1_291' title='bbox 397 2709 434 2745; x_wconf 67' lang='grc' dir='ltr'>δε</span> <span class='ocrx_word' id='word_1_292' title='bbox 455 2709 504 2746; x_wconf 84' lang='lat' dir='ltr'>ita</span> <span class='ocrx_word' id='word_1_293' title='bbox 527 2721 559 2746; x_wconf 91' lang='lat'>1.</span> <span class='ocrx_word' id='word_1_294' title='bbox 577 2709 709 2746; x_wconf 87' lang='lat' dir='ltr'>Amor.</span> <span class='ocrx_word' id='word_1_295' title='bbox 731 2721 775 2746; x_wconf 83' lang='lat' dir='ltr'>vr</span> <span class='ocrx_word' id='word_1_296' title='bbox 788 2722 800 2747; x_wconf 91' lang='lat'>1</span> <span class='ocrx_word' id='word_1_297' title='bbox 815 2722 842 2747; x_wconf 85' lang='lat' dir='ltr'>r.</span> <span class='ocrx_word' id='word_1_298' title='bbox 863 2722 919 2758; x_wconf 81' lang='lat'>50.</span> 
     </span>
    </p>

    <p class='ocr_par' dir='ltr' id='par_1_11' title="bbox 129 2756 1105 2810">
     <span class='ocr_line' id='line_1_45' title="bbox 129 2756 1105 2810; baseline 0.008 -20"><span class='ocrx_word' id='word_1_299' title='bbox 129 2759 171 2789; x_wconf 85' lang='lat' dir='ltr'>Ut</span> <span class='ocrx_word' id='word_1_300' title='bbox 191 2756 270 2792; x_wconf 85' lang='lat' dir='ltr'>celer</span> <span class='ocrx_word' id='word_1_301' title='bbox 285 2756 433 2804; x_wconf 67' lang='lat' dir='ltr'>admaffis</span> <span class='ocrx_word' id='word_1_302' title='bbox 454 2758 585 2795; x_wconf 74' lang='lat' dir='ltr'>labitur</span> <span class='ocrx_word' id='word_1_303' title='bbox 604 2760 719 2796; x_wconf 81' lang='lat' dir='ltr'>amnis</span> <span class='ocrx_word' id='word_1_304' title='bbox 737 2761 841 2810; x_wconf 75' lang='lat' dir='ltr'>equis.</span> <span class='ocrx_word' id='word_1_305' title='bbox 895 2760 1105 2799; x_wconf 73' lang='lat' dir='ltr'>Hfimsrus.</span> 
     </span>
    </p>

    <p class='ocr_par' dir='ltr' id='par_1_12' title="bbox 72 2805 1104 3311">
     <span class='ocr_line' id='line_1_46' title="bbox 130 2805 1104 2859; baseline 0.01 -21"><span class='ocrx_word' id='word_1_306' title='bbox 130 2806 176 2838; x_wconf 84' lang='lat' dir='ltr'>Et</span> <span class='ocrx_word' id='word_1_307' title='bbox 186 2805 278 2852; x_wconf 85' lang='lat' dir='ltr'>sacer</span> <span class='ocrx_word' id='word_1_308' title='bbox 296 2808 486 2858; x_wconf 68' lang='lat' dir='ltr'>admiffizs]</span> <span class='ocrx_word' id='word_1_309' title='bbox 507 2809 560 2847; x_wconf 82' lang='lat' dir='ltr'>Ita</span> <span class='ocrx_word' id='word_1_310' title='bbox 582 2810 779 2859; x_wconf 82' lang='lat' dir='ltr'>legendum</span> <span class='ocrx_word' id='word_1_311' title='bbox 801 2811 921 2858; x_wconf 89' lang='lat' dir='ltr'>potius</span> <span class='ocrx_word' id='word_1_312' title='bbox 941 2811 1104 2856; x_wconf 80' lang='lat' dir='ltr'>arbitror,</span> 
     </span>
     <span class='ocr_line' id='line_1_47' title="bbox 80 2857 1104 2909; baseline 0.01 -21"><span class='ocrx_word' id='word_1_313' title='bbox 80 2863 190 2900; x_wconf 78' lang='lat' dir='ltr'>quam</span> <span class='ocrx_word' id='word_1_314' title='bbox 209 2857 332 2905; x_wconf 78' lang='lat' dir='ltr'>emissas</span> <span class='ocrx_word' id='word_1_315' title='bbox 346 2886 356 2902; x_wconf 95' lang='lat'><strong><em>‚</em></strong></span> <span class='ocrx_word' id='word_1_316' title='bbox 375 2868 522 2907; x_wconf 88' lang='lat' dir='ltr'>propter</span> <span class='ocrx_word' id='word_1_317' title='bbox 540 2861 693 2897; x_wconf 86' lang='lat' dir='ltr'>verbum</span> <span class='ocrx_word' id='word_1_318' title='bbox 714 2861 818 2908; x_wconf 77' lang='lat' dir='ltr'>exigit</span> <span class='ocrx_word' id='word_1_319' title='bbox 831 2889 840 2904; x_wconf 89' lang='lat'>‚</span> <span class='ocrx_word' id='word_1_320' title='bbox 871 2870 910 2898; x_wconf 87' lang='lat' dir='ltr'>ut</span> <span class='ocrx_word' id='word_1_321' title='bbox 928 2861 1104 2909; x_wconf 83' lang='lat' dir='ltr'>significet</span> 
     </span>
     <span class='ocr_line' id='line_1_48' title="bbox 79 2903 1102 2960; baseline 0.012 -23"><span class='ocrx_word' id='word_1_322' title='bbox 79 2903 211 2958; x_wconf 77' lang='lat' dir='ltr'>celeres</span> <span class='ocrx_word' id='word_1_323' title='bbox 236 2917 341 2954; x_wconf 80' lang='lat' dir='ltr'>aquas</span> <span class='ocrx_word' id='word_1_324' title='bbox 357 2936 369 2952; x_wconf 92' lang='lat'>‚</span> <span class='ocrx_word' id='word_1_325' title='bbox 403 2920 490 2957; x_wconf 89' lang='lat' dir='ltr'>quas</span> <span class='ocrx_word' id='word_1_326' title='bbox 512 2910 656 2948; x_wconf 86' lang='lat' dir='ltr'>Hebrus</span> <span class='ocrx_word' id='word_1_327' title='bbox 686 2911 784 2948; x_wconf 85' lang='lat' dir='ltr'>cursu</span> <span class='ocrx_word' id='word_1_328' title='bbox 806 2911 869 2948; x_wconf 88' lang='lat' dir='ltr'>suo</span> <span class='ocrx_word' id='word_1_329' title='bbox 891 2912 1034 2960; x_wconf 78' lang='lat' dir='ltr'>exigat,</span> <span class='ocrx_word' id='word_1_330' title='bbox 1063 2914 1102 2949; x_wconf 65' lang='grc' dir='ltr'>δε</span> 
     </span>
     <span class='ocr_line' id='line_1_49' title="bbox 77 2956 1100 3010; baseline 0.011 -22"><span class='ocrx_word' id='word_1_331' title='bbox 77 2958 177 3000; x_wconf 80' lang='lat' dir='ltr'>quan</span> <span class='ocrx_word' id='word_1_332' title='bbox 200 2956 369 3002; x_wconf 83' lang='lat' dir='ltr'>propellat</span> <span class='ocrx_word' id='word_1_333' title='bbox 390 2959 427 2995; x_wconf 87' lang='lat' dir='ltr'>in</span> <span class='ocrx_word' id='word_1_334' title='bbox 447 2971 557 2997; x_wconf 84' lang='lat' dir='ltr'>mare.</span> <span class='ocrx_word' id='word_1_335' title='bbox 583 2972 669 2997; x_wconf 81' lang='lat' dir='ltr'>nam</span> <span class='ocrx_word' id='word_1_336' title='bbox 691 2962 729 2998; x_wconf 89' lang='lat'>&amp;</span> <span class='ocrx_word' id='word_1_337' title='bbox 752 2962 923 3010; x_wconf 79' lang='lat' dir='ltr'>Virgilius</span> <span class='ocrx_word' id='word_1_338' title='bbox 944 2962 1100 2999; x_wconf 86' lang='lat' dir='ltr'>celerem</span> 
     </span>
     <span class='ocr_line' id='line_1_50' title="bbox 78 3003 1100 3061; baseline 0.008 -22"><span class='ocrx_word' id='word_1_339' title='bbox 78 3003 247 3058; x_wconf 82' lang='lat' dir='ltr'>Hebrum</span> <span class='ocrx_word' id='word_1_340' title='bbox 270 3014 396 3049; x_wconf 82' lang='lat' dir='ltr'>vocat,</span> <span class='ocrx_word' id='word_1_341' title='bbox 423 3009 484 3046; x_wconf 87' lang='lat' dir='ltr'>ubi</span> <span class='ocrx_word' id='word_1_342' title='bbox 504 3011 645 3060; x_wconf 77' lang='lat' dir='ltr'>inquit,</span> <span class='ocrx_word' id='word_1_343' title='bbox 673 3011 874 3061; x_wconf 75' lang='lat' dir='ltr'>celeremque</span> <span class='ocrx_word' id='word_1_344' title='bbox 889 3013 978 3059; x_wconf 67' lang='lat' dir='ltr'>stiga</span> <span class='ocrx_word' id='word_1_345' title='bbox 1000 3021 1100 3060; x_wconf 78' lang='lat' dir='ltr'>prae-</span> 
     </span>
     <span class='ocr_line' id='line_1_51' title="bbox 75 3053 1101 3111; baseline 0.011 -23"><span class='ocrx_word' id='word_1_346' title='bbox 75 3063 229 3089; x_wconf 64' lang='lat' dir='ltr'>vertitur</span> <span class='ocrx_word' id='word_1_347' title='bbox 250 3053 410 3110; x_wconf 67' lang='lat' dir='ltr'>Hebrum3</span> <span class='ocrx_word' id='word_1_348' title='bbox 444 3058 562 3103; x_wconf 75' lang='lat' dir='ltr'>Pofi&#39;et</span> <span class='ocrx_word' id='word_1_349' title='bbox 578 3070 701 3098; x_wconf 86' lang='lat' dir='ltr'>tamen</span> <span class='ocrx_word' id='word_1_350' title='bbox 725 3064 763 3098; x_wconf 62' lang='grc' dir='ltr'>ὃς</span> <span class='ocrx_word' id='word_1_351' title='bbox 781 3061 910 3111; x_wconf 72' lang='lat' dir='ltr'>emilsizs</span> <span class='ocrx_word' id='word_1_352' title='bbox 929 3062 1075 3100; x_wconf 76' lang='lat' dir='ltr'>defendi</span> <span class='ocrx_word' id='word_1_353' title='bbox 1091 3091 1101 3107; x_wconf 90' lang='lat'>‚</span> 
     </span>
     <span class='ocr_line' id='line_1_52' title="bbox 72 3105 1102 3160; baseline 0.011 -21"><span class='ocrx_word' id='word_1_354' title='bbox 72 3114 305 3159; x_wconf 78' lang='lat' dir='ltr'>nequaquam</span> <span class='ocrx_word' id='word_1_355' title='bbox 337 3105 471 3153; x_wconf 65' lang='lat' dir='ltr'>amissas</span> <span class='ocrx_word' id='word_1_356' title='bbox 485 3135 495 3150; x_wconf 93' lang='lat'>,</span> <span class='ocrx_word' id='word_1_357' title='bbox 522 3110 611 3148; x_wconf 83' lang='lat' dir='ltr'>circa</span> <span class='ocrx_word' id='word_1_358' title='bbox 631 3112 733 3160; x_wconf 87' lang='lat' dir='ltr'>quod</span> <span class='ocrx_word' id='word_1_359' title='bbox 751 3113 902 3150; x_wconf 83' lang='lat' dir='ltr'>verbum</span> <span class='ocrx_word' id='word_1_360' title='bbox 926 3113 1102 3151; x_wconf 61' lang='lat' dir='ltr'>Hubert}-</span> 
     </span>
     <span class='ocr_line' id='line_1_53' title="bbox 73 3155 1102 3211; baseline 0.012 -22"><span class='ocrx_word' id='word_1_361' title='bbox 73 3165 162 3196; x_wconf 88' lang='lat' dir='ltr'>nus,</span> <span class='ocrx_word' id='word_1_362' title='bbox 185 3155 223 3190; x_wconf 70' lang='grc' dir='ltr'>δε</span> <span class='ocrx_word' id='word_1_363' title='bbox 240 3155 320 3198; x_wconf 86' lang='lat' dir='ltr'>hic,</span> <span class='ocrx_word' id='word_1_364' title='bbox 348 3156 388 3211; x_wconf 81' lang='lat'>&amp;</span> <span class='ocrx_word' id='word_1_365' title='bbox 406 3156 504 3203; x_wconf 88' lang='lat' dir='ltr'>supra</span> <span class='ocrx_word' id='word_1_366' title='bbox 524 3159 559 3194; x_wconf 89' lang='lat' dir='ltr'>in</span> <span class='ocrx_word' id='word_1_367' title='bbox 581 3160 735 3207; x_wconf 86' lang='lat' dir='ltr'>Epistola</span> <span class='ocrx_word' id='word_1_368' title='bbox 758 3163 959 3210; x_wconf 83' lang='lat' dir='ltr'>Penelopes</span> <span class='ocrx_word' id='word_1_369' title='bbox 978 3172 1102 3201; x_wconf 72' lang='lat' dir='ltr'>tanto-</span> 
     </span>
     <span class='ocr_line' id='line_1_54' title="bbox 75 3204 1101 3254; baseline 0.013 -15"><span class='ocrx_word' id='word_1_370' title='bbox 75 3213 160 3251; x_wconf 87' lang='lat' dir='ltr'>pere</span> <span class='ocrx_word' id='word_1_371' title='bbox 181 3204 328 3241; x_wconf 75' lang='lat' dir='ltr'>laborat.</span> <span class='ocrx_word' id='word_1_372' title='bbox 354 3212 570 3243; x_wconf 74' lang='lat' dir='ltr'>MICYLLUS.</span> <span class='ocrx_word' id='word_1_373' title='bbox 596 3211 793 3249; x_wconf 77' lang='lat' dir='ltr'>vindicavit</span> <span class='ocrx_word' id='word_1_374' title='bbox 819 3213 896 3250; x_wconf 80' lang='lat' dir='ltr'>satis</span> <span class='ocrx_word' id='word_1_375' title='bbox 916 3215 1008 3254; x_wconf 74' lang='lat' dir='ltr'>hanc</span> <span class='ocrx_word' id='word_1_376' title='bbox 1030 3226 1101 3251; x_wconf 83' lang='lat' dir='ltr'>vo-</span> 
     </span>
     <span class='ocr_line' id='line_1_55' title="bbox 74 3254 1100 3311; baseline 0.014 -21"><span class='ocrx_word' id='word_1_377' title='bbox 74 3264 156 3291; x_wconf 81' lang='lat' dir='ltr'>cem</span> <span class='ocrx_word' id='word_1_378' title='bbox 178 3254 338 3305; x_wconf 81' lang='lat' dir='ltr'>admiffizs</span> <span class='ocrx_word' id='word_1_379' title='bbox 360 3256 459 3295; x_wconf 86' lang='lat' dir='ltr'>Nob.</span> <span class='ocrx_word' id='word_1_380' title='bbox 472 3256 642 3296; x_wconf 83' lang='lat' dir='ltr'>Heinsius</span> <span class='ocrx_word' id='word_1_381' title='bbox 660 3259 704 3298; x_wconf 79' lang='lat' dir='ltr'>ad</span> <span class='ocrx_word' id='word_1_382' title='bbox 723 3262 831 3309; x_wconf 85' lang='lat' dir='ltr'>Epist.</span> <span class='ocrx_word' id='word_1_383' title='bbox 852 3264 1100 3311; x_wconf 72' lang='lat' dir='ltr'>praecedentis</span> 
     </span>
    </p>
   </div>
   <div class='ocr_carea' id='block_1_8' title="bbox 2110 1164 2227 1220">
    <p class='ocr_par' dir='ltr' id='par_1_13' title="bbox 2110 1164 2227 1220">
     <span class='ocr_line' id='line_1_56' title="bbox 2110 1164 2227 1220; baseline 0.009 -1"><span class='ocrx_word' id='word_1_384' title='bbox 2110 1164 2227 1220; x_wconf 82' lang='lat' dir='ltr'>Ad-</span> 
     </span>
    </p>
   </div>
   <div class='ocr_carea' id='block_1_9' title="bbox 1170 1291 2226 1848">
    <p class='ocr_par' dir='ltr' id='par_1_14' title="bbox 1170 1291 2226 1848">
     <span class='ocr_line' id='line_1_57' title="bbox 1178 1291 2226 1346; baseline -0.002 -12"><span class='ocrx_word' id='word_1_385' title='bbox 1178 1305 1270 1334; x_wconf 82' lang='lat' dir='ltr'>vers.</span> <span class='ocrx_word' id='word_1_386' title='bbox 1295 1296 1353 1346; x_wconf 83' lang='lat'>36.</span> <span class='ocrx_word' id='word_1_387' title='bbox 1376 1293 1519 1334; x_wconf 89' lang='lat' dir='ltr'>Illustris</span> <span class='ocrx_word' id='word_1_388' title='bbox 1542 1307 1632 1335; x_wconf 85' lang='lat' dir='ltr'>vero</span> <span class='ocrx_word' id='word_1_389' title='bbox 1655 1294 1880 1345; x_wconf 84' lang='lat' dir='ltr'>Busbequius</span> <span class='ocrx_word' id='word_1_390' title='bbox 1901 1291 2062 1343; x_wconf 86' lang='lat' dir='ltr'>Epistola</span> <span class='ocrx_word' id='word_1_391' title='bbox 2082 1293 2226 1343; x_wconf 60' lang='lat' dir='ltr'>prima:</span> 
     </span>
     <span class='ocr_line' id='line_1_58' title="bbox 1178 1343 2224 1397; baseline -0.002 -14"><span class='ocrx_word' id='word_1_392' title='bbox 1178 1346 1316 1397; x_wconf 75' lang='lat' dir='ltr'>amiffizs</span> <span class='ocrx_word' id='word_1_393' title='bbox 1333 1360 1444 1397; x_wconf 77' lang='lat' dir='ltr'>aquas</span> <span class='ocrx_word' id='word_1_394' title='bbox 1462 1347 1522 1383; x_wconf 88' lang='lat' dir='ltr'>hic</span> <span class='ocrx_word' id='word_1_395' title='bbox 1539 1347 1737 1396; x_wconf 83' lang='lat' dir='ltr'>legendum</span> <span class='ocrx_word' id='word_1_396' title='bbox 1761 1345 1832 1384; x_wconf 74' lang='lat' dir='ltr'>else</span> <span class='ocrx_word' id='word_1_397' title='bbox 1855 1343 2070 1388; x_wconf 86' lang='lat' dir='ltr'>contendit,</span> <span class='ocrx_word' id='word_1_398' title='bbox 2098 1345 2138 1381; x_wconf 89' lang='lat'>&amp;</span> <span class='ocrx_word' id='word_1_399' title='bbox 2160 1344 2224 1382; x_wconf 82' lang='lat' dir='ltr'>ad-</span> 
     </span>
     <span class='ocr_line' id='line_1_59' title="bbox 1176 1395 2223 1444; baseline -0.004 -9"><span class='ocrx_word' id='word_1_400' title='bbox 1176 1398 1254 1436; x_wconf 87' lang='lat' dir='ltr'>ludi</span> <span class='ocrx_word' id='word_1_401' title='bbox 1272 1398 1318 1435; x_wconf 85' lang='lat' dir='ltr'>ad</span> <span class='ocrx_word' id='word_1_402' title='bbox 1337 1398 1553 1436; x_wconf 75' lang='lat' dir='ltr'>brevitatem</span> <span class='ocrx_word' id='word_1_403' title='bbox 1575 1398 1677 1436; x_wconf 81' lang='lat' dir='ltr'>fluvii</span> <span class='ocrx_word' id='word_1_404' title='bbox 1702 1400 1740 1436; x_wconf 74' lang='grc' dir='ltr'>ὅ(</span> <span class='ocrx_word' id='word_1_405' title='bbox 1763 1397 1929 1444; x_wconf 82' lang='lat' dir='ltr'>inopiam</span> <span class='ocrx_word' id='word_1_406' title='bbox 1957 1406 2085 1444; x_wconf 84' lang='lat' dir='ltr'>aquae.</span> <span class='ocrx_word' id='word_1_407' title='bbox 2138 1395 2223 1432; x_wconf 89' lang='lat' dir='ltr'>Hu-</span> 
     </span>
     <span class='ocr_line' id='line_1_60' title="bbox 1177 1445 2222 1500; baseline -0.002 -15"><span class='ocrx_word' id='word_1_408' title='bbox 1177 1448 1336 1486; x_wconf 86' lang='lat' dir='ltr'>bertinus</span> <span class='ocrx_word' id='word_1_409' title='bbox 1368 1449 1478 1485; x_wconf 86' lang='lat' dir='ltr'>etiam</span> <span class='ocrx_word' id='word_1_410' title='bbox 1509 1448 1646 1497; x_wconf 77' lang='lat' dir='ltr'>amiffizs</span> <span class='ocrx_word' id='word_1_411' title='bbox 1672 1461 1783 1499; x_wconf 75' lang='lat' dir='ltr'><em>aquas</em></span> <span class='ocrx_word' id='word_1_412' title='bbox 1814 1447 1874 1484; x_wconf 87' lang='lat' dir='ltr'>hic</span> <span class='ocrx_word' id='word_1_413' title='bbox 1896 1475 1906 1490; x_wconf 93' lang='lat'>‚</span> <span class='ocrx_word' id='word_1_414' title='bbox 1946 1446 1984 1483; x_wconf 89' lang='lat'>&amp;</span> <span class='ocrx_word' id='word_1_415' title='bbox 2014 1445 2128 1500; x_wconf 76' lang='lat' dir='ltr'>altero</span> <span class='ocrx_word' id='word_1_416' title='bbox 2156 1445 2222 1483; x_wconf 84' lang='lat' dir='ltr'>illo</span> 
     </span>
     <span class='ocr_line' id='line_1_61' title="bbox 1176 1495 2223 1549; baseline -0.005 -12"><span class='ocrx_word' id='word_1_417' title='bbox 1176 1500 1264 1537; x_wconf 92' lang='lat' dir='ltr'>loco</span> <span class='ocrx_word' id='word_1_418' title='bbox 1286 1498 1419 1548; x_wconf 65' lang='lat' dir='ltr'>amiffiJs</span> <span class='ocrx_word' id='word_1_419' title='bbox 1436 1511 1535 1549; x_wconf 77' lang='lat' dir='ltr'>equos</span> <span class='ocrx_word' id='word_1_420' title='bbox 1554 1506 1677 1537; x_wconf 87' lang='lat' dir='ltr'>tuetur</span> <span class='ocrx_word' id='word_1_421' title='bbox 1698 1528 1708 1544; x_wconf 93' lang='lat'>‚</span> <span class='ocrx_word' id='word_1_422' title='bbox 1748 1499 1786 1536; x_wconf 90' lang='lat'>&amp;</span> <span class='ocrx_word' id='word_1_423' title='bbox 1817 1497 1972 1546; x_wconf 79' lang='lat' dir='ltr'>explicat</span> <span class='ocrx_word' id='word_1_424' title='bbox 1994 1495 2126 1533; x_wconf 87' lang='lat' dir='ltr'>celeres</span> <span class='ocrx_word' id='word_1_425' title='bbox 2141 1523 2151 1539; x_wconf 92' lang='lat'>,</span> <span class='ocrx_word' id='word_1_426' title='bbox 2179 1496 2223 1533; x_wconf 80' lang='lat' dir='ltr'>li-</span> 
     </span>
     <span class='ocr_line' id='line_1_62' title="bbox 1178 1546 2222 1598; baseline -0.003 -11"><span class='ocrx_word' id='word_1_427' title='bbox 1178 1549 1282 1587; x_wconf 89' lang='lat' dir='ltr'>beros</span> <span class='ocrx_word' id='word_1_428' title='bbox 1305 1562 1326 1587; x_wconf 85' lang='lat' dir='ltr'>a</span> <span class='ocrx_word' id='word_1_429' title='bbox 1347 1551 1452 1587; x_wconf 88' lang='lat' dir='ltr'>freno</span> <span class='ocrx_word' id='word_1_430' title='bbox 1464 1565 1474 1592; x_wconf 87' lang='lat'>;</span> <span class='ocrx_word' id='word_1_431' title='bbox 1494 1549 1555 1586; x_wconf 90' lang='lat' dir='ltr'>sed</span> <span class='ocrx_word' id='word_1_432' title='bbox 1576 1551 1700 1598; x_wconf 88' lang='lat' dir='ltr'>inepte</span> <span class='ocrx_word' id='word_1_433' title='bbox 1721 1557 1898 1598; x_wconf 81' lang='lat' dir='ltr'>uterque3</span> <span class='ocrx_word' id='word_1_434' title='bbox 1922 1548 1961 1584; x_wconf 72' lang='grc' dir='ltr'>ὅτ.</span> <span class='ocrx_word' id='word_1_435' title='bbox 1979 1546 2114 1583; x_wconf 87' lang='lat' dir='ltr'>vellem</span> <span class='ocrx_word' id='word_1_436' title='bbox 2134 1546 2222 1584; x_wconf 84' lang='lat' dir='ltr'>tales</span> 
     </span>
     <span class='ocr_line' id='line_1_63' title="bbox 1178 1596 2222 1648; baseline -0.005 -11"><span class='ocrx_word' id='word_1_437' title='bbox 1178 1601 1281 1637; x_wconf 90' lang='lat' dir='ltr'>vocis</span> <span class='ocrx_word' id='word_1_438' title='bbox 1299 1599 1437 1648; x_wconf 79' lang='lat' dir='ltr'>amissas</span> <span class='ocrx_word' id='word_1_439' title='bbox 1457 1599 1736 1648; x_wconf 79' lang='lat' dir='ltr'>significationes</span> <span class='ocrx_word' id='word_1_440' title='bbox 1758 1600 1863 1637; x_wconf 87' lang='lat' dir='ltr'>nobis</span> <span class='ocrx_word' id='word_1_441' title='bbox 1883 1597 1954 1636; x_wconf 84' lang='lat' dir='ltr'>ulla</span> <span class='ocrx_word' id='word_1_442' title='bbox 1975 1596 2101 1634; x_wconf 89' lang='lat' dir='ltr'>idonei</span> <span class='ocrx_word' id='word_1_443' title='bbox 2114 1597 2222 1645; x_wconf 85' lang='lat' dir='ltr'>scrip-</span> 
     </span>
     <span class='ocr_line' id='line_1_64' title="bbox 1173 1647 2221 1698; baseline -0.003 -11"><span class='ocrx_word' id='word_1_444' title='bbox 1173 1651 1261 1687; x_wconf 88' lang='lat' dir='ltr'>toris</span> <span class='ocrx_word' id='word_1_445' title='bbox 1280 1650 1495 1687; x_wconf 63' lang='lat' dir='ltr'>auetoritate</span> <span class='ocrx_word' id='word_1_446' title='bbox 1516 1649 1797 1687; x_wconf 71' lang='lat' dir='ltr'>confirmassent.</span> <span class='ocrx_word' id='word_1_447' title='bbox 1825 1661 1892 1698; x_wconf 89' lang='lat' dir='ltr'>pro</span> <span class='ocrx_word' id='word_1_448' title='bbox 1921 1647 2025 1694; x_wconf 82' lang='lat' dir='ltr'>exigit</span> <span class='ocrx_word' id='word_1_449' title='bbox 2043 1647 2079 1683; x_wconf 90' lang='lat' dir='ltr'>in</span> <span class='ocrx_word' id='word_1_450' title='bbox 2103 1647 2221 1684; x_wconf 80' lang='lat' dir='ltr'>Sarra-</span> 
     </span>
     <span class='ocr_line' id='line_1_65' title="bbox 1176 1697 2220 1749; baseline -0.001 -12"><span class='ocrx_word' id='word_1_451' title='bbox 1176 1701 1289 1737; x_wconf 85' lang='lat' dir='ltr'>viano</span> <span class='ocrx_word' id='word_1_452' title='bbox 1321 1699 1448 1737; x_wconf 81' lang='lat' dir='ltr'>codice</span> <span class='ocrx_word' id='word_1_453' title='bbox 1480 1708 1555 1737; x_wconf 81' lang='lat' dir='ltr'>erat</span> <span class='ocrx_word' id='word_1_454' title='bbox 1580 1700 1734 1749; x_wconf 52' lang='lat' dir='ltr'>exstet-im</span> <span class='ocrx_word' id='word_1_455' title='bbox 1771 1699 1832 1736; x_wconf 85' lang='lat' dir='ltr'>sed</span> <span class='ocrx_word' id='word_1_456' title='bbox 1863 1697 1954 1735; x_wconf 86' lang='lat' dir='ltr'>nihil</span> <span class='ocrx_word' id='word_1_457' title='bbox 1985 1697 2220 1736; x_wconf 79' lang='lat' dir='ltr'>mutandum.</span> 
     </span>
     <span class='ocr_line' id='line_1_66' title="bbox 1170 1746 2217 1798; baseline -0.002 -12"><span class='ocrx_word' id='word_1_458' title='bbox 1170 1751 1354 1798; x_wconf 76' lang='lat' dir='ltr'>eleganter</span> <span class='ocrx_word' id='word_1_459' title='bbox 1374 1751 1475 1786; x_wconf 86' lang='lat' dir='ltr'>enim</span> <span class='ocrx_word' id='word_1_460' title='bbox 1496 1758 1602 1787; x_wconf 80' lang='lat' dir='ltr'>notat</span> <span class='ocrx_word' id='word_1_461' title='bbox 1621 1751 1795 1787; x_wconf 85' lang='lat' dir='ltr'>evolvere</span> <span class='ocrx_word' id='word_1_462' title='bbox 1821 1750 1859 1785; x_wconf 64' lang='grc' dir='ltr'>ὃς</span> <span class='ocrx_word' id='word_1_463' title='bbox 1881 1746 2061 1794; x_wconf 85' lang='lat' dir='ltr'>expellere</span> <span class='ocrx_word' id='word_1_464' title='bbox 2083 1758 2217 1795; x_wconf 74' lang='lat' dir='ltr'>aquam</span> 
     </span>
     <span class='ocr_line' id='line_1_67' title="bbox 1170 1796 2166 1848; baseline -0.003 -13"><span class='ocrx_word' id='word_1_465' title='bbox 1170 1811 1235 1848; x_wconf 84' lang='lat' dir='ltr'>per</span> <span class='ocrx_word' id='word_1_466' title='bbox 1257 1799 1392 1836; x_wconf 85' lang='lat' dir='ltr'>ostium</span> <span class='ocrx_word' id='word_1_467' title='bbox 1414 1800 1453 1837; x_wconf 90' lang='lat' dir='ltr'>in</span> <span class='ocrx_word' id='word_1_468' title='bbox 1474 1811 1575 1837; x_wconf 67' lang='lat' dir='ltr'>mare</span> <span class='ocrx_word' id='word_1_469' title='bbox 1589 1827 1599 1844; x_wconf 88' lang='lat'>,</span> <span class='ocrx_word' id='word_1_470' title='bbox 1626 1800 1676 1837; x_wconf 78' lang='lat' dir='ltr'>ita</span> <span class='ocrx_word' id='word_1_471' title='bbox 1696 1800 1862 1847; x_wconf 85' lang='lat' dir='ltr'>Propcrt.</span> <span class='ocrx_word' id='word_1_472' title='bbox 1887 1809 1969 1834; x_wconf 85' lang='lat'>111.</span> <span class='ocrx_word' id='word_1_473' title='bbox 1989 1796 2082 1844; x_wconf 86' lang='lat' dir='ltr'>eleg.</span> <span class='ocrx_word' id='word_1_474' title='bbox 2109 1808 2166 1845; x_wconf 84' lang='lat'>19.</span> 
     </span>
    </p>
   </div>
   <div class='ocr_carea' id='block_1_10' title="bbox 1225 1864 2131 1964">
    <p class='ocr_par' dir='ltr' id='par_1_15' title="bbox 1225 1864 2131 1964">
     <span class='ocr_line' id='line_1_68' title="bbox 1225 1864 2131 1919; baseline -0.003 -14"><span class='ocrx_word' id='word_1_475' title='bbox 1225 1873 1277 1906; x_wconf 77' lang='lat' dir='ltr'>Tu</span> <span class='ocrx_word' id='word_1_476' title='bbox 1294 1881 1424 1918; x_wconf 71' lang='lat' dir='ltr'>quoque</span> <span class='ocrx_word' id='word_1_477' title='bbox 1438 1896 1448 1913; x_wconf 92' lang='lat'>,</span> <span class='ocrx_word' id='word_1_478' title='bbox 1469 1866 1529 1919; x_wconf 76' lang='lat' dir='ltr'>qui</span> <span class='ocrx_word' id='word_1_479' title='bbox 1548 1866 1690 1915; x_wconf 83' lang='lat' dir='ltr'>aestivos</span> <span class='ocrx_word' id='word_1_480' title='bbox 1700 1865 1879 1917; x_wconf 73' lang='lat' dir='ltr'>spatiofins</span> <span class='ocrx_word' id='word_1_481' title='bbox 1897 1865 2002 1913; x_wconf 80' lang='lat' dir='ltr'>exigis</span> <span class='ocrx_word' id='word_1_482' title='bbox 2019 1864 2131 1913; x_wconf 80' lang='lat' dir='ltr'>ignes,</span> 
     </span>
     <span class='ocr_line' id='line_1_69' title="bbox 1272 1917 2018 1964; baseline -0.001 -9"><span class='ocrx_word' id='word_1_483' title='bbox 1272 1919 1423 1964; x_wconf 83' lang='lat' dir='ltr'>Phoebe,</span> <span class='ocrx_word' id='word_1_484' title='bbox 1442 1929 1641 1956; x_wconf 78' lang='lat' dir='ltr'>moratuare</span> <span class='ocrx_word' id='word_1_485' title='bbox 1660 1917 1820 1956; x_wconf 77' lang='lat' dir='ltr'>contrahe</span> <span class='ocrx_word' id='word_1_486' title='bbox 1838 1917 1923 1954; x_wconf 67' lang='lat' dir='ltr'>lucis</span> <span class='ocrx_word' id='word_1_487' title='bbox 1941 1917 2018 1954; x_wconf 84' lang='lat' dir='ltr'>iter.</span> 
     </span>
    </p>
   </div>
   <div class='ocr_carea' id='block_1_11' title="bbox 1171 1983 1488 2034">
    <p class='ocr_par' dir='ltr' id='par_1_16' title="bbox 1171 1983 1488 2034">
     <span class='ocr_line' id='line_1_70' title="bbox 1171 1983 1488 2034; baseline 0.003 -12"><span class='ocrx_word' id='word_1_488' title='bbox 1171 1983 1275 2022; x_wconf 74' lang='lat' dir='ltr'>Silius</span> <span class='ocrx_word' id='word_1_489' title='bbox 1303 1995 1385 2023; x_wconf 90' lang='lat'>111.</span> <span class='ocrx_word' id='word_1_490' title='bbox 1404 1996 1488 2034; x_wconf 77' lang='lat'>295.</span> 
     </span>
    </p>
   </div>
   <div class='ocr_carea' id='block_1_12' title="bbox 1401 2061 1501 2072">
    <p class='ocr_par' dir='ltr' id='par_1_17' title="bbox 1401 2061 1501 2072">
     <span class='ocr_line' id='line_1_71' title="bbox 1401 2061 1501 2072; baseline 0 1604"><span class='ocrx_word' id='word_1_491' title='bbox 1401 2061 1501 2072; x_wconf 95' lang='lat' dir='ltr'> </span> 
     </span>
    </p>
   </div>
   <div class='ocr_carea' id='block_1_13' title="bbox 1154 2049 2212 3349">
    <p class='ocr_par' dir='ltr' id='par_1_18' title="bbox 1528 2049 1872 2100">
     <span class='ocr_line' id='line_1_72' title="bbox 1528 2049 1872 2100; baseline -0.003 -12"><span class='ocrx_word' id='word_1_492' title='bbox 1528 2055 1610 2088; x_wconf 76' lang='lat' dir='ltr'>Aut</span> <span class='ocrx_word' id='word_1_493' title='bbox 1628 2050 1732 2100; x_wconf 79' lang='lat' dir='ltr'>exigit</span> <span class='ocrx_word' id='word_1_494' title='bbox 1748 2049 1872 2088; x_wconf 69' lang='lat' dir='ltr'>Umber</span> 
     </span>
    </p>

    <p class='ocr_par' dir='ltr' id='par_1_19' title="bbox 1227 2101 1699 2150">
     <span class='ocr_line' id='line_1_73' title="bbox 1227 2101 1699 2150; baseline 0.004 -14"><span class='ocrx_word' id='word_1_495' title='bbox 1227 2105 1323 2137; x_wconf 78' lang='lat' dir='ltr'>Nare</span> <span class='ocrx_word' id='word_1_496' title='bbox 1335 2101 1445 2150; x_wconf 76' lang='lat' dir='ltr'><em>sagax</em></span> <span class='ocrx_word' id='word_1_497' title='bbox 1462 2115 1477 2138; x_wconf 90' lang='lat' dir='ltr'>e</span> <span class='ocrx_word' id='word_1_498' title='bbox 1496 2102 1581 2138; x_wconf 87' lang='lat' dir='ltr'>calle</span> <span class='ocrx_word' id='word_1_499' title='bbox 1589 2104 1699 2149; x_wconf 82' lang='lat' dir='ltr'>feras.</span> 
     </span>
    </p>

    <p class='ocr_par' dir='ltr' id='par_1_20' title="bbox 1165 2150 2212 2301">
     <span class='ocr_line' id='line_1_74' title="bbox 1167 2150 2212 2202; baseline 0 -15"><span class='ocrx_word' id='word_1_500' title='bbox 1167 2151 1298 2188; x_wconf 90' lang='lat' dir='ltr'>Livius</span> <span class='ocrx_word' id='word_1_501' title='bbox 1324 2164 1403 2189; x_wconf 89' lang='lat'>111.</span> <span class='ocrx_word' id='word_1_502' title='bbox 1423 2153 1482 2189; x_wconf 90' lang='lat'>61.</span> <span class='ocrx_word' id='word_1_503' title='bbox 1510 2152 1654 2201; x_wconf 62' lang='lat' dir='ltr'>Pulsum</span> <span class='ocrx_word' id='word_1_504' title='bbox 1675 2165 1736 2188; x_wconf 79' lang='lat' dir='ltr'>vos</span> <span class='ocrx_word' id='word_1_505' title='bbox 1754 2151 1907 2199; x_wconf 74' lang='lat' dir='ltr'>immissis</span> <span class='ocrx_word' id='word_1_506' title='bbox 1928 2150 2021 2202; x_wconf 69' lang='lat' dir='ltr'>equis</span> <span class='ocrx_word' id='word_1_507' title='bbox 2047 2150 2168 2201; x_wconf 81' lang='lat' dir='ltr'>exigite</span> <span class='ocrx_word' id='word_1_508' title='bbox 2194 2163 2212 2187; x_wconf 77' lang='lat' dir='ltr'>e</span> 
     </span>
     <span class='ocr_line' id='line_1_75' title="bbox 1166 2202 2210 2252; baseline 0.002 -15"><span class='ocrx_word' id='word_1_509' title='bbox 1166 2210 1292 2250; x_wconf 71' lang='lat' dir='ltr'>campo.</span> <span class='ocrx_word' id='word_1_510' title='bbox 1317 2203 1362 2239; x_wconf 87' lang='lat' dir='ltr'>Et</span> <span class='ocrx_word' id='word_1_511' title='bbox 1382 2202 1545 2251; x_wconf 83' lang='lat' dir='ltr'>apposite</span> <span class='ocrx_word' id='word_1_512' title='bbox 1564 2204 1678 2252; x_wconf 81' lang='lat' dir='ltr'>magis</span> <span class='ocrx_word' id='word_1_513' title='bbox 1701 2204 1866 2241; x_wconf 82' lang='lat' dir='ltr'>Avienus</span> <span class='ocrx_word' id='word_1_514' title='bbox 1886 2203 1963 2240; x_wconf 78' lang='lat' dir='ltr'>Ora</span> <span class='ocrx_word' id='word_1_515' title='bbox 1976 2203 2099 2240; x_wconf 86' lang='lat' dir='ltr'>Marit.</span> <span class='ocrx_word' id='word_1_516' title='bbox 2119 2214 2210 2240; x_wconf 77' lang='lat' dir='ltr'>vers.</span> 
     </span>
     <span class='ocr_line' id='line_1_76' title="bbox 1165 2251 1552 2301; baseline 0.008 -13"><span class='ocrx_word' id='word_1_517' title='bbox 1165 2251 1251 2301; x_wconf 78' lang='lat'>635.</span> <span class='ocrx_word' id='word_1_518' title='bbox 1277 2252 1321 2289; x_wconf 86' lang='lat' dir='ltr'>de</span> <span class='ocrx_word' id='word_1_519' title='bbox 1344 2253 1552 2291; x_wconf 81' lang='lat' dir='ltr'>Rhodano:</span> 
     </span>
    </p>

    <p class='ocr_par' dir='ltr' id='par_1_21' title="bbox 1203 2303 1890 2353">
     <span class='ocr_line' id='line_1_77' title="bbox 1203 2303 1890 2353; baseline 0.004 -15"><span class='ocrx_word' id='word_1_520' title='bbox 1203 2345 1208 2351; x_wconf 47' lang='grc'><strong>,</strong></span> <span class='ocrx_word' id='word_1_521' title='bbox 1268 2303 1402 2352; x_wconf 62' lang='lat' dir='ltr'>Efficfits</span> <span class='ocrx_word' id='word_1_522' title='bbox 1419 2303 1477 2340; x_wconf 84' lang='lat' dir='ltr'>ille</span> <span class='ocrx_word' id='word_1_523' title='bbox 1494 2316 1537 2344; x_wconf 61' lang='grc' dir='ltr'>(φ</span> <span class='ocrx_word' id='word_1_524' title='bbox 1553 2318 1606 2340; x_wconf 83' lang='lat' dir='ltr'>ore</span> <span class='ocrx_word' id='word_1_525' title='bbox 1618 2304 1725 2353; x_wconf 86' lang='lat' dir='ltr'>semet</span> <span class='ocrx_word' id='word_1_526' title='bbox 1745 2304 1890 2353; x_wconf 77' lang='lat' dir='ltr'>exigens.</span> 
     </span>
    </p>

    <p class='ocr_par' dir='ltr' id='par_1_22' title="bbox 1166 2352 2206 2450">
     <span class='ocr_line' id='line_1_78' title="bbox 1166 2352 2206 2404; baseline 0.002 -15"><span class='ocrx_word' id='word_1_527' title='bbox 1166 2352 1308 2390; x_wconf 83' lang='lat' dir='ltr'>Eadem</span> <span class='ocrx_word' id='word_1_528' title='bbox 1336 2355 1428 2391; x_wconf 83' lang='lat' dir='ltr'>ratio</span> <span class='ocrx_word' id='word_1_529' title='bbox 1459 2356 1496 2392; x_wconf 90' lang='lat' dir='ltr'>in</span> <span class='ocrx_word' id='word_1_530' title='bbox 1526 2355 1719 2393; x_wconf 86' lang='lat' dir='ltr'>locutione</span> <span class='ocrx_word' id='word_1_531' title='bbox 1748 2356 1875 2404; x_wconf 69' lang='lat' dir='ltr'>exigere</span> <span class='ocrx_word' id='word_1_532' title='bbox 1904 2354 2035 2404; x_wconf 84' lang='lat' dir='ltr'>ensem,</span> <span class='ocrx_word' id='word_1_533' title='bbox 2063 2353 2108 2391; x_wconf 89' lang='lat' dir='ltr'>de</span> <span class='ocrx_word' id='word_1_534' title='bbox 2134 2364 2206 2403; x_wconf 78' lang='lat' dir='ltr'>qua</span> 
     </span>
     <span class='ocr_line' id='line_1_79' title="bbox 1166 2404 1918 2450; baseline 0.001 -10"><span class='ocrx_word' id='word_1_535' title='bbox 1166 2404 1212 2441; x_wconf 86' lang='lat' dir='ltr'>ad</span> <span class='ocrx_word' id='word_1_536' title='bbox 1229 2404 1290 2441; x_wconf 88' lang='lat' dir='ltr'>lib.</span> <span class='ocrx_word' id='word_1_537' title='bbox 1310 2416 1346 2441; x_wconf 86' lang='lat' dir='ltr'>v.</span> <span class='ocrx_word' id='word_1_538' title='bbox 1365 2406 1523 2443; x_wconf 87' lang='lat' dir='ltr'>Metam.</span> <span class='ocrx_word' id='word_1_539' title='bbox 1551 2418 1630 2450; x_wconf 83' lang='lat'>171.</span> <span class='ocrx_word' id='word_1_540' title='bbox 1658 2406 1918 2443; x_wconf 58' lang='lat' dir='ltr'>Burmmuus.</span> 
     </span>
    </p>

    <p class='ocr_par' dir='ltr' id='par_1_23' title="bbox 1163 2453 2204 2707">
     <span class='ocr_line' id='line_1_80' title="bbox 1219 2453 2204 2506; baseline -0.002 -14"><span class='ocrx_word' id='word_1_541' title='bbox 1219 2467 1301 2504; x_wconf 77' lang='lat'>115.</span> <span class='ocrx_word' id='word_1_542' title='bbox 1328 2456 1397 2491; x_wconf 81' lang='lat' dir='ltr'>Cui</span> <span class='ocrx_word' id='word_1_543' title='bbox 1424 2456 1547 2506; x_wconf 49' lang='lat' dir='ltr'>mem]</span> <span class='ocrx_word' id='word_1_544' title='bbox 1580 2457 1732 2494; x_wconf 81' lang='lat' dir='ltr'>Mallem</span> <span class='ocrx_word' id='word_1_545' title='bbox 1760 2457 1833 2493; x_wconf 90' lang='lat' dir='ltr'>hoc</span> <span class='ocrx_word' id='word_1_546' title='bbox 1862 2455 2053 2492; x_wconf 86' lang='lat' dir='ltr'>Distichon</span> <span class='ocrx_word' id='word_1_547' title='bbox 2082 2453 2204 2502; x_wconf 82' lang='lat' dir='ltr'>legere</span> 
     </span>
     <span class='ocr_line' id='line_1_81' title="bbox 1164 2505 2203 2556; baseline -0.002 -13"><span class='ocrx_word' id='word_1_548' title='bbox 1164 2517 1250 2543; x_wconf 91' lang='lat' dir='ltr'>cum</span> <span class='ocrx_word' id='word_1_549' title='bbox 1278 2514 1367 2543; x_wconf 80' lang='lat' dir='ltr'>nota</span> <span class='ocrx_word' id='word_1_550' title='bbox 1392 2506 1687 2556; x_wconf 74' lang='lat' dir='ltr'>interrogationis</span> <span class='ocrx_word' id='word_1_551' title='bbox 1709 2535 1718 2549; x_wconf 92' lang='lat'>‚</span> <span class='ocrx_word' id='word_1_552' title='bbox 1755 2515 1796 2543; x_wconf 89' lang='lat' dir='ltr'>ut</span> <span class='ocrx_word' id='word_1_553' title='bbox 1827 2506 1879 2541; x_wconf 76' lang='lat' dir='ltr'>cui</span> <span class='ocrx_word' id='word_1_554' title='bbox 1908 2518 1990 2542; x_wconf 89' lang='lat' dir='ltr'>cum</span> <span class='ocrx_word' id='word_1_555' title='bbox 2012 2505 2203 2542; x_wconf 82' lang='lat' dir='ltr'>stomacho</span> 
     </span>
     <span class='ocr_line' id='line_1_82' title="bbox 1164 2555 2202 2605; baseline -0.002 -12"><span class='ocrx_word' id='word_1_556' title='bbox 1164 2557 1442 2604; x_wconf 88' lang='lat' dir='ltr'>pronuntietur,</span> <span class='ocrx_word' id='word_1_557' title='bbox 1470 2557 1509 2594; x_wconf 86' lang='lat' dir='ltr'>id</span> <span class='ocrx_word' id='word_1_558' title='bbox 1531 2557 1579 2593; x_wconf 86' lang='lat' dir='ltr'>est</span> <span class='ocrx_word' id='word_1_559' title='bbox 1605 2569 1716 2605; x_wconf 73' lang='lat' dir='ltr'>quam</span> <span class='ocrx_word' id='word_1_560' title='bbox 1738 2555 1853 2593; x_wconf 75' lang='lat' dir='ltr'>infido</span> <span class='ocrx_word' id='word_1_561' title='bbox 1873 2556 1911 2592; x_wconf 68' lang='grc' dir='ltr'>δε</span> <span class='ocrx_word' id='word_1_562' title='bbox 1934 2556 2079 2604; x_wconf 84' lang='lat' dir='ltr'>perjuro</span> <span class='ocrx_word' id='word_1_563' title='bbox 2101 2567 2202 2592; x_wconf 83' lang='lat' dir='ltr'>ama-</span> 
     </span>
     <span class='ocr_line' id='line_1_83' title="bbox 1163 2605 2202 2656; baseline 0 -13"><span class='ocrx_word' id='word_1_564' title='bbox 1163 2607 1235 2644; x_wconf 91' lang='lat' dir='ltr'>tori</span> <span class='ocrx_word' id='word_1_565' title='bbox 1258 2607 1502 2656; x_wconf 83' lang='lat' dir='ltr'>virginitatem</span> <span class='ocrx_word' id='word_1_566' title='bbox 1525 2607 1706 2644; x_wconf 78' lang='lat' dir='ltr'>libandam</span> <span class='ocrx_word' id='word_1_567' title='bbox 1740 2605 1852 2643; x_wconf 75' lang='lat' dir='ltr'>dedi?</span> <span class='ocrx_word' id='word_1_568' title='bbox 1881 2605 2029 2654; x_wconf 83' lang='lat' dir='ltr'>Epistol.</span> <span class='ocrx_word' id='word_1_569' title='bbox 2049 2605 2119 2654; x_wconf 87' lang='lat' dir='ltr'>seq.</span> <span class='ocrx_word' id='word_1_570' title='bbox 2141 2606 2202 2645; x_wconf 81' lang='lat'>61.</span> 
     </span>
     <span class='ocr_line' id='line_1_84' title="bbox 1164 2656 1965 2707; baseline -0.001 -14"><span class='ocrx_word' id='word_1_571' title='bbox 1164 2657 1233 2693; x_wconf 88' lang='lat' dir='ltr'>Cui</span> <span class='ocrx_word' id='word_1_572' title='bbox 1251 2670 1304 2694; x_wconf 85' lang='lat' dir='ltr'>me</span> <span class='ocrx_word' id='word_1_573' title='bbox 1324 2656 1472 2694; x_wconf 71' lang='lat' dir='ltr'>violente</span> <span class='ocrx_word' id='word_1_574' title='bbox 1489 2657 1678 2707; x_wconf 64' lang='lat' dir='ltr'>relinquis?</span> <span class='ocrx_word' id='word_1_575' title='bbox 1705 2657 1965 2693; x_wconf 57' lang='lat' dir='ltr'>DuRraANNus.</span> 
     </span>
    </p>

    <p class='ocr_par' dir='ltr' id='par_1_24' title="bbox 1154 2704 2200 3349">
     <span class='ocr_line' id='line_1_85' title="bbox 1217 2704 2200 2758; baseline 0 -14"><span class='ocrx_word' id='word_1_576' title='bbox 1217 2709 1298 2744; x_wconf 87' lang='lat'>116.</span> <span class='ocrx_word' id='word_1_577' title='bbox 1325 2708 1494 2758; x_wconf 73' lang='lat' dir='ltr'>Castaque</span> <span class='ocrx_word' id='word_1_578' title='bbox 1511 2708 1638 2754; x_wconf 63' lang='lat' dir='ltr'>fallaci</span> <span class='ocrx_word' id='word_1_579' title='bbox 1666 2720 1755 2744; x_wconf 69' lang='lat' dir='ltr'>zona</span> <span class='ocrx_word' id='word_1_580' title='bbox 1775 2707 1920 2743; x_wconf 60' lang='lat' dir='ltr'>recinffa</span> <span class='ocrx_word' id='word_1_581' title='bbox 1940 2704 2087 2755; x_wconf 56' lang='lat' dir='ltr'>mama]</span> <span class='ocrx_word' id='word_1_582' title='bbox 2119 2707 2200 2757; x_wconf 80' lang='lat' dir='ltr'>Nos</span> 
     </span>
     <span class='ocr_line' id='line_1_86' title="bbox 1162 2757 2200 2807; baseline -0.002 -12"><span class='ocrx_word' id='word_1_583' title='bbox 1162 2758 1207 2795; x_wconf 84' lang='lat' dir='ltr'>ad</span> <span class='ocrx_word' id='word_1_584' title='bbox 1227 2759 1483 2807; x_wconf 76' lang='lat' dir='ltr'>Virgineniem</span> <span class='ocrx_word' id='word_1_585' title='bbox 1504 2759 1625 2795; x_wconf 77' lang='lat' dir='ltr'>Deam</span> <span class='ocrx_word' id='word_1_586' title='bbox 1650 2785 1660 2801; x_wconf 91' lang='lat'>,</span> <span class='ocrx_word' id='word_1_587' title='bbox 1695 2769 1807 2806; x_wconf 84' lang='lat' dir='ltr'>quam</span> <span class='ocrx_word' id='word_1_588' title='bbox 1835 2757 1882 2794; x_wconf 92' lang='lat' dir='ltr'>illi</span> <span class='ocrx_word' id='word_1_589' title='bbox 1907 2757 2008 2805; x_wconf 87' lang='lat' dir='ltr'>prisci</span> <span class='ocrx_word' id='word_1_590' title='bbox 2031 2757 2200 2794; x_wconf 83' lang='lat' dir='ltr'>colebant</span> 
     </span>
     <span class='ocr_line' id='line_1_87' title="bbox 1160 2807 2200 2852; baseline -0.002 -6"><span class='ocrx_word' id='word_1_591' title='bbox 1160 2820 1202 2846; x_wconf 79' lang='lat' dir='ltr'>ac</span> <span class='ocrx_word' id='word_1_592' title='bbox 1223 2810 1508 2852; x_wconf 76' lang='lat' dir='ltr'>venerabantur,</span> <span class='ocrx_word' id='word_1_593' title='bbox 1536 2808 1766 2846; x_wconf 77' lang='lat' dir='ltr'>referendum</span> <span class='ocrx_word' id='word_1_594' title='bbox 1791 2807 2048 2845; x_wconf 81' lang='lat' dir='ltr'>existimamus.</span> <span class='ocrx_word' id='word_1_595' title='bbox 2096 2807 2200 2844; x_wconf 83' lang='lat' dir='ltr'>Sole-</span> 
     </span>
     <span class='ocr_line' id='line_1_88' title="bbox 1159 2858 2199 2907; baseline -0.001 -12"><span class='ocrx_word' id='word_1_596' title='bbox 1159 2859 1244 2896; x_wconf 74' lang='lat' dir='ltr'>bant</span> <span class='ocrx_word' id='word_1_597' title='bbox 1263 2861 1363 2896; x_wconf 80' lang='lat' dir='ltr'>enim</span> <span class='ocrx_word' id='word_1_598' title='bbox 1385 2860 1453 2896; x_wconf 79' lang='lat' dir='ltr'>viri</span> <span class='ocrx_word' id='word_1_599' title='bbox 1474 2860 1587 2907; x_wconf 73' lang='lat' dir='ltr'>prima</span> <span class='ocrx_word' id='word_1_600' title='bbox 1606 2858 1716 2895; x_wconf 65' lang='lat' dir='ltr'>noete</span> <span class='ocrx_word' id='word_1_601' title='bbox 1737 2858 1884 2906; x_wconf 81' lang='lat' dir='ltr'>sponsae</span> <span class='ocrx_word' id='word_1_602' title='bbox 1904 2870 2039 2895; x_wconf 74' lang='lat' dir='ltr'>zonam</span> <span class='ocrx_word' id='word_1_603' title='bbox 2061 2858 2098 2895; x_wconf 90' lang='lat' dir='ltr'>in</span> <span class='ocrx_word' id='word_1_604' title='bbox 2112 2858 2199 2895; x_wconf 88' lang='lat' dir='ltr'>Vir—</span> 
     </span>
     <span class='ocr_line' id='line_1_89' title="bbox 1156 2908 2196 2957; baseline -0.001 -12"><span class='ocrx_word' id='word_1_605' title='bbox 1156 2909 1311 2957; x_wconf 80' lang='lat' dir='ltr'>ginenfis</span> <span class='ocrx_word' id='word_1_606' title='bbox 1334 2910 1438 2946; x_wconf 85' lang='lat' dir='ltr'>Deae</span> <span class='ocrx_word' id='word_1_607' title='bbox 1459 2910 1643 2946; x_wconf 86' lang='lat' dir='ltr'>honorem</span> <span class='ocrx_word' id='word_1_608' title='bbox 1665 2909 1804 2946; x_wconf 83' lang='lat' dir='ltr'>solvere</span> <span class='ocrx_word' id='word_1_609' title='bbox 1827 2936 1838 2953; x_wconf 92' lang='lat'>‚</span> <span class='ocrx_word' id='word_1_610' title='bbox 1874 2909 1977 2957; x_wconf 87' lang='lat' dir='ltr'>quod</span> <span class='ocrx_word' id='word_1_611' title='bbox 2006 2908 2196 2945; x_wconf 84' lang='lat' dir='ltr'>Homerus</span> 
     </span>
     <span class='ocr_line' id='line_1_90' title="bbox 1156 2954 2196 3009; baseline 0.001 -13"><span class='ocrx_word' id='word_1_612' title='bbox 1156 2961 1193 2997; x_wconf 91' lang='lat' dir='ltr'>in</span> <span class='ocrx_word' id='word_1_613' title='bbox 1218 2954 1253 2996; x_wconf 74' lang='grc' dir='ltr'>λ’</span> <span class='ocrx_word' id='word_1_614' title='bbox 1275 2958 1457 3008; x_wconf 78' lang='lat' dir='ltr'>Odyfl&#39;eos</span> <span class='ocrx_word' id='word_1_615' title='bbox 1478 2961 1532 2997; x_wconf 87' lang='lat' dir='ltr'>his</span> <span class='ocrx_word' id='word_1_616' title='bbox 1556 2960 1671 2997; x_wconf 86' lang='lat' dir='ltr'>verbis</span> <span class='ocrx_word' id='word_1_617' title='bbox 1687 2960 1806 3009; x_wconf 77' lang='lat' dir='ltr'>tetigit</span> <span class='ocrx_word' id='word_1_618' title='bbox 1820 2987 1829 3003; x_wconf 90' lang='lat'>,</span> <span class='ocrx_word' id='word_1_619' title='bbox 1849 2962 1938 2994; x_wconf 78' lang='grc' dir='ltr'>λῦσε</span> <span class='ocrx_word' id='word_1_620' title='bbox 1958 2959 1998 2993; x_wconf 68' lang='grc' dir='ltr'>δὲ</span> <span class='ocrx_word' id='word_1_621' title='bbox 2016 2959 2196 3002; x_wconf 53' lang='grc' dir='ltr'>παρθενίην</span> 
     </span>
     <span class='ocr_line' id='line_1_91' title="bbox 1158 3007 2194 3059; baseline -0.001 -13"><span class='ocrx_word' id='word_1_622' title='bbox 1158 3009 1275 3057; x_wconf 62' lang='grc' dir='ltr'><strong>ζώνην·</strong></span> <span class='ocrx_word' id='word_1_623' title='bbox 1302 3012 1377 3048; x_wconf 84' lang='lat' dir='ltr'>hoc</span> <span class='ocrx_word' id='word_1_624' title='bbox 1407 3011 1454 3047; x_wconf 88' lang='lat' dir='ltr'>est</span> <span class='ocrx_word' id='word_1_625' title='bbox 1473 3011 1585 3059; x_wconf 82' lang='lat' dir='ltr'>solvit</span> <span class='ocrx_word' id='word_1_626' title='bbox 1603 3021 1721 3046; x_wconf 68' lang='lat' dir='ltr'>amem</span> <span class='ocrx_word' id='word_1_627' title='bbox 1737 3009 1945 3058; x_wconf 77' lang='lat' dir='ltr'>virginalem</span> <span class='ocrx_word' id='word_1_628' title='bbox 1967 3022 2096 3046; x_wconf 69' lang='lat' dir='ltr'>zonam</span> <span class='ocrx_word' id='word_1_629' title='bbox 2112 3037 2120 3051; x_wconf 90' lang='lat'><strong><em>‚</em></strong></span> <span class='ocrx_word' id='word_1_630' title='bbox 2148 3007 2194 3045; x_wconf 79' lang='lat' dir='ltr'>ad</span> 
     </span>
     <span class='ocr_line' id='line_1_92' title="bbox 1157 3058 2194 3110; baseline -0.004 -12"><span class='ocrx_word' id='word_1_631' title='bbox 1157 3061 1259 3110; x_wconf 87' lang='lat' dir='ltr'>quod</span> <span class='ocrx_word' id='word_1_632' title='bbox 1275 3062 1322 3099; x_wconf 89' lang='lat' dir='ltr'>est</span> <span class='ocrx_word' id='word_1_633' title='bbox 1344 3073 1496 3110; x_wconf 85' lang='lat' dir='ltr'>quoque</span> <span class='ocrx_word' id='word_1_634' title='bbox 1514 3062 1745 3098; x_wconf 77' lang='lat' dir='ltr'>referendum</span> <span class='ocrx_word' id='word_1_635' title='bbox 1759 3061 1891 3098; x_wconf 81' lang='lat' dir='ltr'>Catulli</span> <span class='ocrx_word' id='word_1_636' title='bbox 1909 3072 2053 3097; x_wconf 80' lang='lat' dir='ltr'>carmen</span> <span class='ocrx_word' id='word_1_637' title='bbox 2071 3058 2194 3106; x_wconf 58' lang='lat' dir='ltr'><em>:Qcod</em></span> 
     </span>
     <span class='ocr_line' id='line_1_93' title="bbox 1156 3110 2194 3161; baseline -0.004 -13"><span class='ocrx_word' id='word_1_638' title='bbox 1156 3125 1286 3149; x_wconf 71' lang='lat' dir='ltr'>zonam</span> <span class='ocrx_word' id='word_1_639' title='bbox 1305 3111 1417 3161; x_wconf 77' lang='lat' dir='ltr'>fhlvit</span> <span class='ocrx_word' id='word_1_640' title='bbox 1443 3112 1504 3148; x_wconf 74' lang='lat' dir='ltr'>diu</span> <span class='ocrx_word' id='word_1_641' title='bbox 1525 3112 1671 3159; x_wconf 68' lang='lat' dir='ltr'>ligatam</span> <span class='ocrx_word' id='word_1_642' title='bbox 1692 3140 1702 3156; x_wconf 89' lang='lat'>‚</span> <span class='ocrx_word' id='word_1_643' title='bbox 1729 3112 1814 3148; x_wconf 80' lang='lat' dir='ltr'>licet</span> <span class='ocrx_word' id='word_1_644' title='bbox 1832 3111 1957 3154; x_wconf 81' lang='lat' dir='ltr'>aliter,</span> <span class='ocrx_word' id='word_1_645' title='bbox 1987 3121 2062 3147; x_wconf 89' lang='lat' dir='ltr'>non</span> <span class='ocrx_word' id='word_1_646' title='bbox 2084 3110 2194 3154; x_wconf 86' lang='lat' dir='ltr'>bene,</span> 
     </span>
     <span class='ocr_line' id='line_1_94' title="bbox 1156 3159 2191 3207; baseline -0.003 -8"><span class='ocrx_word' id='word_1_647' title='bbox 1156 3162 1309 3200; x_wconf 77' lang='lat' dir='ltr'>sentiant</span> <span class='ocrx_word' id='word_1_648' title='bbox 1348 3171 1660 3200; x_wconf 77' lang='lat' dir='ltr'>commentatores</span> <span class='ocrx_word' id='word_1_649' title='bbox 1687 3190 1696 3205; x_wconf 93' lang='lat'>,</span> <span class='ocrx_word' id='word_1_650' title='bbox 1735 3163 1897 3200; x_wconf 56' lang='lat' dir='ltr'>Scoppa.</span> <span class='ocrx_word' id='word_1_651' title='bbox 1953 3162 2007 3197; x_wconf 71' lang='lat' dir='ltr'>Ex</span> <span class='ocrx_word' id='word_1_652' title='bbox 2038 3159 2191 3207; x_wconf 81' lang='lat' dir='ltr'>antiquo</span> 
     </span>
     <span class='ocr_line' id='line_1_95' title="bbox 1157 3209 2192 3262; baseline -0.004 -13"><span class='ocrx_word' id='word_1_653' title='bbox 1157 3225 1263 3250; x_wconf 90' lang='lat' dir='ltr'>more</span> <span class='ocrx_word' id='word_1_654' title='bbox 1282 3214 1465 3262; x_wconf 84' lang='lat' dir='ltr'>sumptum</span> <span class='ocrx_word' id='word_1_655' title='bbox 1488 3215 1560 3250; x_wconf 89' lang='lat' dir='ltr'>hoc</span> <span class='ocrx_word' id='word_1_656' title='bbox 1583 3213 1629 3249; x_wconf 83' lang='lat' dir='ltr'>est</span> <span class='ocrx_word' id='word_1_657' title='bbox 1642 3241 1652 3256; x_wconf 91' lang='lat'>‚</span> <span class='ocrx_word' id='word_1_658' title='bbox 1672 3225 1749 3260; x_wconf 88' lang='lat' dir='ltr'>quo</span> <span class='ocrx_word' id='word_1_659' title='bbox 1769 3213 1912 3261; x_wconf 83' lang='lat' dir='ltr'>sponsus</span> <span class='ocrx_word' id='word_1_660' title='bbox 1931 3210 2064 3247; x_wconf 73' lang='lat' dir='ltr'>solebat</span> <span class='ocrx_word' id='word_1_661' title='bbox 2083 3209 2192 3257; x_wconf 89' lang='lat' dir='ltr'>spon-</span> 
     </span>
     <span class='ocr_line' id='line_1_96' title="bbox 1154 3260 2193 3349; baseline -0.004 -47"><span class='ocrx_word' id='word_1_662' title='bbox 1154 3263 1210 3302; x_wconf 76' lang='lat' dir='ltr'>sae</span> <span class='ocrx_word' id='word_1_663' title='bbox 1229 3276 1363 3302; x_wconf 75' lang='lat' dir='ltr'>zonam</span> <span class='ocrx_word' id='word_1_664' title='bbox 1379 3292 1389 3310; x_wconf 95' lang='lat'>‚</span> <span class='ocrx_word' id='word_1_665' title='bbox 1417 3275 1488 3314; x_wconf 72' lang='lat' dir='ltr'>qua</span> <span class='ocrx_word' id='word_1_666' title='bbox 1507 3263 1710 3313; x_wconf 62' lang='lat' dir='ltr'>praecinet-a</span> <span class='ocrx_word' id='word_1_667' title='bbox 1731 3271 1829 3309; x_wconf 85' lang='lat' dir='ltr'>erat,</span> <span class='ocrx_word' id='word_1_668' title='bbox 1850 3263 1970 3311; x_wconf 87' lang='lat' dir='ltr'>primo</span> <span class='ocrx_word' id='word_1_669' title='bbox 1994 3260 2193 3349; x_wconf 54' lang='lat' dir='ltr'>copclubitu</span> 
     </span>
     <span class='ocr_line' id='line_1_97' title="bbox 2057 3322 2195 3349; baseline 0 -1"><span class='ocrx_word' id='word_1_670' title='bbox 2057 3323 2080 3349; x_wconf 92' lang='lat' dir='ltr'>o</span> <span class='ocrx_word' id='word_1_671' title='bbox 2099 3322 2195 3349; x_wconf 77' lang='lat' dir='ltr'>vere.</span> 
     </span>
    </p>
   </div>
  </div>
 </body>
</html>
