2553 3676
640 174 1174 246 AMORUM
1247 196 1420 234 L113.
1492 180 1530 235 I.
1609 185 1654 238 82

347 286 553 345 Evocat
577 276 799 348 antiquis
822 286 1046 344 proavos
1071 280 1358 341 atavosque
1382 270 1653 341 sepulcris:

410 359 482 412 Et
503 352 719 410 solidam
741 347 905 414 longo
931 339 1165 395 carmine
1189 340 1345 393 findit
1368 341 1605 397 humum.

343 430 498 485 Haec
524 424 615 477 fibi
638 415 912 492 proposuit
938 412 1190 468 thalamos
1215 423 1475 465 temerare
1499 415 1751 483 pudicos:

415 499 531 552 Nec
555 507 731 546 tamen
761 487 976 560 eloquio
1001 485 1178 555 lingua
1204 495 1436 537 nocente
1461 499 1621 538 caret.

344 570 474 625 Fors
499 582 586 619 me
609 561 840 619 sermoni
864 558 1053 612 testem
1081 555 1248 609 dedit.
1286 556 1374 609 illa.
1391 555 1643 610 monebat

415 637 601 698 Talia;
641 652 727 688 me
755 632 994 703 duplices
1019 628 1304 682 occuluere
1330 627 1501 681 fores:

343 710 453 766 Scis
478 709 607 762 here
630 719 712 769 te,
749 723 870 759 mea
894 705 1011 764 lux,
1047 700 1228 770 juveni
1251 699 1494 770 placuiffe
1518 698 1692 755 beato,

414 780 631 843 Haefit,
667 778 722 832 &
744 778 800 832 in
822 776 974 831 vultu
999 770 1237 826 constitit
1263 772 1426 843 usque
1451 784 1561 827 tUO.

2081 192 2173 257 35²7

238 521 309 555 20

2103 842 2176 902 Et

1138 982 1225 1022 ptet.
1254 974 1311 1011 Sic
1332 971 1441 1010 etiam
1468 963 1597 1019 incipit
1613 963 1739 1021 Elegia
1767 971 1813 1010 ad
1838 970 2174 1021 Demophoontem

1139 1025 1235 1073 apud
1254 1023 1481 1071 Propertium
1499 1022 1590 1059 libro
1610 1021 1770 1060 secundo
1785 1035 1793 1059 :

1187 1086 1255 1122 Scis
1271 1085 1347 1121 here
1367 1083 1419 1121 mi
1435 1083 1567 1120 multas
1576 1084 1710 1132 pariter
1721 1083 1878 1133 placuisse
1893 1084 2036 1133 puellas.

1138 1144 1181 1185 sn
1199 1146 1362 1197 quod-arn
1382 1153 1507 1183 tamen
1526 1143 1770 1194 manuscripto
1786 1147 1983 1195 exemplari
2005 1147 2177 1197 scriptum·

1136 1199 1232 1246 legi,
1258 1196 1333 1233 here
1351 1208 1470 1245 pere,
1498 1206 1574 1232 non
1598 1206 1661 1243 per
1683 1209 1715 1233 a.
1743 1208 1836 1245 quae
1858 1197 1968 1234 leciio
1989 1200 2080 1236 mihi
2099 1211 2178 1237 non

1140 1248 1325 1296 displicet,
1351 1255 1391 1284 ut
1411 1248 1511 1281 κατὰ
1533 1247 1575 1282 τὸ
1590 1247 1795 1291 σιοπώμενου
1818 1247 2081 1296 intelligamus,
2105 1251 2178 1297 pri—

1142 1298 1202 1336 die
1231 1310 1342 1347 quam
1369 1296 1414 1335 ad
1437 1295 1651 1349 tentandam
1679 1297 1836 1344 puellam
1858 1297 2048 1336 acceffiffet
2072 1300 2177 1338 laena

1140 1350 1256 1392 haec,
1283 1360 1364 1385 eam
1392 1346 1504 1383 visam
1532 1345 1634 1383 fuifle
1662 1345 1683 1382 a
1713 1347 1877 1395 quodam
1904 1348 2044 1395 juvene
2066 1370 2090 1393 2·
2112 1351 2177 1398 qui

1141 1400 1258 1437 statim
1283 1399 1375 1435 illius
1401 1408 1529 1434 amore
1556 1404 1741 1445 correptus
1769 1396 1810 1434 fit
1832 1424 1841 1439 ‚
1876 1409 1942 1445 pro
1971 1410 2047 1447 quo
2077 1411 2178 1437 nunc

1141 1450 1233 1487 haec
1260 1449 1369 1486 verba
1396 1448 1503 1485 faciat
1534 1445 1673 1494 Dipsas.
1715 1454 1799 1483 Here
1829 1448 1935 1495 igitur
1960 1448 2176 1487 adverbium

1137 1500 1211 1544 est,
1238 1511 1303 1548 pro
1330 1498 1432 1534 heri:
1468 1505 1508 1535 ut
1536 1497 1639 1534 staret
1666 1497 1797 1535 versus.
1824 1497 1893 1534 Sed
1920 1499 2174 1545 Quintilianus

1135 1550 1228 1587 libro
1251 1550 1370 1597 primo
1394 1547 1663 1585 Institutionum
1687 1548 1941 1584 Oratoriarum
1967 1549 2015 1585 ait
2041 1562 2049 1585 :
2091 1556 2176 1586 Here

1139 1612 1230 1636 nunc
1259 1601 1275 1634 ἒ
1302 1599 1403 1635 litera
1430 1598 1680 1641 terminamus,
1707 1608 1746 1633 at
1773 1607 1930 1633 veterum
1957 1598 2174 1636 Comicorum

1138 1649 1254 1685 adhue
1278 1648 1374 1685 libris
1402 1648 1566 1693 inveni03
1593 1647 1676 1683 Heri
1702 1647 1829 1684 ad'me
1847 1647 1956 1685 venit.
1985 1648 2043 1685 Sic
2062 1651 2175 1688 etiam

1140 1700 1314 1736 Martialis
1333 1711 1387 1736 xv.
1406 1710 1438 1744 7.

1191 1765 1264 1796 Cur
1285 1758 1361 1795 here
1383 1759 1472 1809 quod
1484 1755 1649 1804 dederas,
1672 1758 1770 1797 hodie
1780 1768 1865 1809 puer
1883 1758 1971 1807 Hyle
1989 1757 2126 1808 negasti.

1104 1834 1106 1836 ·
1140 1817 1188 1856 Et
1205 1819 1388 1873 Juvenalis
1410 1818 1524 1867 Satyr.
1541 1821 1646 1857 tertia
1660 1833 1682 1857 :⁷

1192 1887 1253 1918 Res
1271 1881 1366 1919 hodie
1386 1881 1498 1919 minor
1522 1881 1583 1929 est,
1611 1881 1687 1935 here
1710 1893 1816 1931 quam
1829 1879 1916 1928 suin
1942 1880 2128 1917 Mamm.

111 989 172 1029 18.r
192 982 334 1034 Longa]
364 980 479 1019 Primo
504 978 553 1017 est
579 980 618 1016 in
644 978 821 1017 Palatino.
847 975 945 1015 reete
964 976 1083 1019 forte5

13 1032 14 1051 z
58 1040 96 1082 {d
110 1039 157 1078 est
179 1037 340 1076 simulac
358 1040 499 1070 cantare
526 1030 664 1077 incipit.
690 1029 756 1065 nisi
775 1028 877 1077 privo
905 1037 1086 1073 reponen-

58 1092 166 1134 dum,
193 1088 229 1126 id
246 1086 293 1124 est
308 1113 318 1129 ‚
335 1083 397 1121 fibi
415 1081 576 1131 propriO.
603 1079 649 1117 de
669 1091 745 1128 quo
764 1079 810 1116 ad
832 1091 883 1116 rx.
908 1077 1003 1114 Met.
1023 1087 1083 1114 20.

14 1175 15 1179 ,
57 1143 95 1180 &
113 1153 142 1178 1.
159 1138 247 1177 Fast.
269 1147 348 1184 113.
376 1134 635 1171 Buruxmnnus.

14 1196 15 1206 ¹
107 1203 162 1239 19.
191 1186 373 1225 Thalamos
399 1182 530 1219 violare
549 1178 726 1230 pudicos.]
755 1184 931 1215 Temerare
951 1178 1083 1214 Putea-

13 1247 15 1288 l
55 1253 142 1282 neus
167 1240 298 1287 aliique
334 1234 514 1272 meliores.
552 1233 591 1268 ὃς
620 1229 728 1268 reete.
765 1229 924 1277 Epistola
952 1227 1085 1265 Oeno-

12 1295 15 1322 ἶ
55 1304 119 1332 nes
151 1302 232 1329 101.

102 1361 148 1391 Ut
167 1353 278 1391 minor
302 1346 443 1388 Atridis
462 1345 619 1384 temerati
628 1342 767 1392 foedera
786 1342 863 1380 leae·

155 1403 311 1440 Clamat.

51 1466 203 1505 Metam.
227 1477 283 1503 11.
306 1475 388 1512 591.

102 1533 168 1565 An
184 1541 270 1576 quae
285 1536 343 1575 per
360 1535 470 1561 totam
492 1536 542 1560 res
559 1520 600 1569 est
621 1520 787 1569 nottffima
812 1518 959 1563 Lesbon,‘

66 1621 71 1624 ³
100 1584 263 1625 Ignorata
282 1575 345 1612 tibi
365 1574 405 1623 est
417 1584 431 1612 ,ἓ
453 1573 612 1622 patrium
631 1571 799 1619 temerasse
816 1569 921 1606 cubile

104 1627 340 1675 Nyfflimenen.

53 1691 153 1729 Infra
172 1689 234 1727 lib.
255 1700 310 1726 11.
330 1687 386 1725 El.
402 1697 474 1724 vir.

692 1742 836 1793 Cypaffi's

102 1801 277 1850 objicitur·
299 1799 457 1837 dominae
488 1795 716 1842 contemerasse
747 1804 874 1831 torum.

57 1865 152 1905 Artis
175 1865 297 1900 Amat.
314 1862 374 1900 lib.
401 1874 430 1898 1.
451 1871 532 1908 745.

104 1931 159 1964 At
178 1937 245 1961 non
265 1922 442 1960 Asterides
460 1921 583 1958 leffium
602 1918 788 1957 temeravit
809 1917 974 1955 Achillis.

13 1673 18 1802 l

15 1811 19 1845 l

56 1989 113 2027 sic
133 1989 170 2025 &
190 1991 347 2023 Venerem
375 1994 538 2020 temerare
567 1982 736 2019 maritam
762 1980 921 2028 Epistola
943 1979 1088 2018 Paridis.

18 2042 20 2069 ἶ
54 2040 97 2077 &
116 2036 310 2086 Apollineae
332 2044 512 2070 temerator
531 2032 655 2070 matris
674 2031 810 2077 Tityos
830 2030 944 2067 Statio
962 2031 1085 2068 Theb.

20 2126 21 2130 ,
57 2101 92 2126 x.
118 2099 172 2125 η.
198 2086 280 2122 vide
307 2096 400 2134 quae
427 2091 598 2121 notamus
621 2084 726 2119 Pont.
745 2081 805 2118 lib.
829 2092 884 2117 11.
904 2081 1004 2130 Eleg.
1027 2093 1085 2118 11.

19 2141 21 2186 j
58 2138 112 2183 fis.
129 2149 186 2184 27.
214 2135 341 2173 Statius
362 2134 485 2172 Theb.
506 2147 536 2171 1.
556 2144 637 2182 572.

464 2208 633 2247 servabat
651 2216 737 2245 nata
748 2214 888 2256 penates

108 2269 317 2300 Intemerata
336 2261 454 2297 thoris.

21 2339 23 2394 l
64 2334 218 2374 Et-libro
239 2346 288 2372 ix.
308 2335 391 2383 613.
410 2333 456 2370 de
476 2332 685 2370 Atalanta:-

222 2399 332 2447 Invifh
351 2398 516 2447 quamvis
537 2406 706 2433 temerata
728 2393 842 2431 cubili.

63 2460 172 2549 Apdud
191 2461 388 2498 Maronem
410 2458 599 2496 Aeneidos
618 2470 653 2495 x.
680 2458 734 2500 Μ.
761 2457 844 2506 389.
875 2467 919 2493 ex
947 2455 1088 2493 vetusto

24 2533 25 2554 l
67 2524 111 2550 co
138 2523 211 2548 icc:

115 2573 348 2612 Anhemolum
369 2573 541 2611 thalamos
559 2573 681 2621 ausum
704 2581 867 2609 temerare
881 2585 1056 2609 novercae.

66 2635 154 2673 Non
178 2637 334 2685 incestare
371 2637 548 2686 Apulejus
575 2638 731 2674 Metam.
755 2637 846 2674 libro
880 2649 908 2673 r.
937 2640 1088 2672 Amato-

64 2699 136 2722 rem
152 2690 278 2734 suum,
305 2688 394 2737 quod
421 2689 460 2724 vi
483 2688 594 2724 aliam
622 2686 804 2735 temeraffet
824 2714 834 2730 ,
873 2687 1030 2722 mutavit
1050 2687 1088 2721 in

62 2738 174 2778 feram
201 2738 363 2783 castorem.
390 2739 451 2775 ubi
480 2738 587 2782 vide,
614 2749 662 2774 ne
689 2738 731 2774 τὸ
749 2739 868 2783 feram
895 2749 939 2774 ex
964 2735 1087 2774 Gloffa

67 2785 251 2831 irrepserit.
275 2788 481 2826 Heinsius.

99 2846 176 2889 ’21.
203 2838 388 2887 sermoni.]
418 2838 583 2875 Sermonis
603 2839 737 2887 Regius
753 2837 861 2874 Palat.
882 2838 919 2873 δε
939 2838 1089 2875 Moreti.

69 2883 142 2921 vid.
163 2896 206 2920 11.
228 2886 377 2939 Metam.
396 2899 452 2934 45.
471 2888 636 2924 Movebat
659 2889 770 2925 etiam
792 2888 953 2924 Glaserii.

119 2945 177 2970 22.
204 2934 358 2982 Duplices
378 2936 502 2986 [σγα]
530 2940 638 2982 Quae
658 2938 793 2986 duplici
811 2937 929 2974 tabula
952 2937 1090 2974 consta--

70 2981 155 3020 h'ant
182 3011 192 3027 ,
231 2983 489 3033 dupliciterque
527 2989 786 3034 aperiebantur.
835 2988 981 3024 Graecis
1017 2987 1092 3036 pari

72 3033 186 3070 modo
205 3032 370 3074 δικλίδες.
396 3035 600 3078 Heinsius.

123 3095 178 3120 22.
205 3082 422 3131 occiduam]
450 3084 632 3122 Detinuere
653 3087 908 3126 Mentelianus.
935 3100 982 3126 an
1001 3087 1095 3135 disti-

60 3144 191 3177 ›nuere,
216 3133 419 3180 separarunt
437 3133 479 3169 ab
500 3133 578 3169 illis.

124 3194 183 3231 23.
212 3190 312 3219 Hera.
336 3182 350 3231 ]
392 3182 428 3218 O
460 3182 623 3219 domina.
654 3190 777 3221 Horam
805 3187 956 3234 appellat
982 3188 1094 3236 ipsam

77 3233 229 3280 puellam
244 3261 255 3279 ‚
282 3241 322 3271 ut
344 3233 378 3270 ei
403 3232 625 3278 blandiatur,
651 3243 692 3270 ac
718 3235 1012 3277 benevolentiam
1038 3250 1097 3277 ca-

1142 1940 1258 1980 Reae
1275 1943 1422 1992 quidem
1444 1943 1594 1980 Marius.
1622 1941 1682 1979 sed
1710 1952 1786 1979 non
1816 1953 1906 1990 opus
1929 1940 1977 1977 est
1996 1953 2060 1989 per
2076 1941 2175 1987 here,

1142 1992 1256 2038 pridie
1276 1994 1498 2042 intelligere,
1529 2004 1613 2029 cum
1644 1993 1682 2029 ὃς
1707 1992 1851 2040 longius
1877 2000 2022 2039 tempus
2046 2001 2176 2036 notet,

1142 2041 1216 2079 vid.
1245 2045 1368 2080 Heins.
1398 2043 1502 2080 neec.
1522 2043 1687 2080 Theocr.
1714 2045 1747 2078 6.
1771 2043 1809 2079 &
1833 2053 1899 2090 pro
1919 2053 2034 2089 nuper
2056 2051 2176 2080 utatur

1141 2089 1285 2130 Tertul.
1315 2095 1425 2141 Apol.
1453 2106 1486 2137 4.
1513 2092 1561 2130 fic
1583 2105 1656 2129 cras
1676 2092 1786 2130 etiam
1806 2091 1851 2129 de
1871 2092 2020 2136 futuro,
2045 2101 2084 2131 ut
2103 2105 2175 2129 no-

1140 2148 1233 2178 tum.
1262 2143 1519 2180 Buamnnusv.

1192 2204 1250 2239 24.
1280 2191 1461 2241 Haefit,w
1483 2193 1520 2228 in
1541 2192 1647 2228 vultu
1666 2192 1811 2238 constitit
1829 2192 1931 2242 usque
1948 2191 2035 2241 tua]
2051 2192 2176 2229 Simile

1140 2244 1215 2281 hoc
1242 2243 1383 2280 Illustris
1414 2244 1547 2280 Douza'
1575 2240 1645 2279 effe
1677 2251 1782 2280 notat
1810 2242 1876 2280 illis
1906 2243 2067 2279 Petronii
2097 2254 2174 2289 cap.

1142 2306 1245 2331 xxvx.
1292 2298 1336 2329 Et
1374 2294 1456 2341 quia
1501 2290 1786 2341 confiderann'um
1824 2292 2002 2340 haeserant
2042 2291 2176 2329 vultus.

1143 2356 1236 2393 quae
1257 2351 1381 2380 tamen
1404 2355 1473 2391 ego
1494 2343 1630 2380 diversa
1651 2340 1720 2380 effe
1738 2351 1841 2390 puto.
1868 2343 1915 2379 ibi
1936 2342 2035 2378 enim
2063 2341 2178 2389 haese-

1145 2404 1227 2430 rant
1255 2393 1303 2430 est
1335 2405 1401 2441 pro
1438 2393 1669 2430 cohaeserant
1689 2420 1699 2436 ‚
1736 2393 1845 2429 vicini
1882 2400 1982 2428 erant
2001 2418 2011 2434 ,
2046 2391 2084 2426 &
2112 2402 2176 2438 per

1145 2444 1313 2482 eamdem
1334 2445 1463 2480 rimam
1478 2443 1637 2492 junctim
1659 2442 1889 2489 speculan-tes.
1916 2441 1975 2476 hic
1994 2440 2108 2487 agitur
2129 2440 2176 2478 de

1142 2495 1305 2543 juvene,
1327 2494 1391 2543 qui
1419 2494 1567 2530 obviam
1599 2492 1711 2528 factus
1740 2491 1904 2539 puellae,
1931 2490 1968 2526 ὅ(
2002 2490 2076 2537 ejus
2102 2490 2178 2527 for-

1146 2556 1246 2580 mam
1268 2545 1408 2591 stupens
1429 2543 1654 2584 constiterat,
1682 2542 1719 2577 ὃ(
1739 2548 1778 2577 ut
1795 2540 1927 2588 laqueo
1949 2549 2070 2587 captus
2089 2540 2176 2576 hae-

1144 2594 1254 2638 serat,
1283 2602 1322 2630 ut
1348 2592 1444 2629 reete
1475 2593 1613 2628 Marius
1643 2590 1823 2638 corrigens
1841 2590 2000 2637 priorem
2020 2590 2177 2636 explica-

1142 2645 1383 2692 tionein‚qua
1405 2643 1447 2679 de
1468 2642 1585 2690 puella
1606 2640 1779 2687 capiebat.
1808 2640 1844 2675 δὲ
1868 2640 1917 2675 ita
1938 2639 2180 2686 frequentissi-

1143 2706 1203 2731 me
1234 2695 1319 2731 hinc
1353 2694 1490 2730 Poetae
1521 2691 1754 2739 Metaphoras
1779 2688 1929 2726 ducunt.
1956 2687 2089 2727 Noster
2114 2701 2198 2738 1³12·

1142 2746 1222 2782 Art.
1240 2746 1329 2781 Am.
1348 2755 1429 2791 543.

1195 2811 1265 2841 Nos
1283 2803 1390 2852 facile
1415 2803 1603 2839 haeremus.

1145 2878 1190 2902 11.
1217 2868 1371 2903 Metam.
1394 2877 1480 2912 409.

1197 2933 1297 3024 Dm}
1317 2925 1406 2962 redit
1425 2926 1519 2975 itque
1534 2925 1696 2974 frequens
1715 2922 1754 2960 in
1771 2921 1905 2972 virgine
1924 2920 2146 2960 Nonacrim}>

1196 2984 1270 3012 Hae
1284 2988 1324 3013 rt.

1147 3037 1308 3086 Propert.
1329 3050 1374 3073 11.
1395 3037 1496 3086 Eleg.
1517 3049 1550 3074 2.

1200 3088 1273 3136 §Qui
1292 3088 1429 3123 nullam
1448 3087 1510 3123 tibi
1528 3085 1658 3124 dicebas
1670 3088 1748 3135 jam
1764 3082 1848 3135 poffe'
1864 3098 1974 3122 nocere

1249 3161 1261 3172 i
1277 3136 1409 3186 mesisti,
1439 3137 1555 3173 cecidit
1567 3138 1710 3186 spiritus
1733 3137 1789 3172 ille
1808 3147 1899 3172 tuus.
2082 3179 2088 3183 .

1150 3187 1228 3233 Ub}
1242 3200 1259 3221 κ’
1274 3187 1325 3223 ..le
1344 3185 1571 3224 Pafferatium
1588 3215 1597 3230 ,
1616 3186 1813 3222 Adhaerere
1832 3184 1919 3221 dixit
1938 3177 2178 3228 Quinffllliuri·

1150 3234 1317 3287 Ues-Iam.
1338 3248 1397 3275 xv.
1418 3249 1474 3276 10,
1501 3238 1538 3276 &
1559 3248 1715 3275 cchVi.
1743 3236 1996 3271 Buizrimnus.

2051 3286 2112 3327 agg
2137 3280 2203 3325 Eg:
