2553 3676
678 170 1312 237 HEROIDES
1387 190 1498 228 ΕΡ.
1571 193 1682 233 vii.

643 354 1413 452 EPISTOLA
1556 357 1723 429 νη

733 541 1029 600 DIDO
1115 534 1627 594 AENEAE.

477 712 559 776 Ic,
595 711 684 766 ubi
707 710 812 764 fata
836 719 1059 771 vocant,
1093 705 1212 760 udis
1237 703 1463 776 abjePcus
1489 705 1543 758 in
1566 701 1768 763 herbis,

553 784 645 839 Ad
671 781 802 838 vada
825 779 1106 835 Maeandri
1129 777 1368 832 concinit
1391 776 1533 831 albus
1559 776 1692 828 olor.

390 860 536 921 Nee,
575 858 697 930 quia
721 867 774 907 te
797 853 970 907 nostra
993 854 1199 925 sperem
1220 868 1381 922 prece
1408 848 1554 921 poffe
1578 844 1817 907 moveri,

459 930 772 1004 Adloquor:
814 924 1034 980 adverso
1061 923 1325 979 movimus
1349 920 1441 975 ista
1465 921 1604 974 Deo,

144 1127 185 1163 '1.
206 1123 258 1160 Sic
276 1119 369 1170 aba]
401 1118 459 1156 Ab
476 1119 546 1156 hac
562 1115 796 1155 similitudine
819 1113 1002 1153 doffiores
1022 1112 1130 1162 pleri·

96 1187 169 1225 que
188 1174 387 1224 Epistolam
408 1171 502 1208 hanc
517 1168 707 1207 ordiuntur
719 1196 729 1211 ,
757 1166 909 1214 ellipsim
931 1176 973 1202 ac
991 1164 1130 1212 praeci·

95 1228 238 1264 sionem
264 1224 365 1262 istam
396 1220 544 1258 affeeiui
571 1219 780 1256 tribuentes.
828 1217 1005 1254 Ceterum
1043 1214 1129 1262 quia

94 1275 267 1325 particula
288 1272 338 1323 fic
368 1272 480 1320 vulgo
518 1269 733 1307 sententiam
762 1267 921 1316 aliquam
949 1264 1124 1313 postulat,

95 1328 154 1363 cui
175 1327 231 1363 vel
247 1326 440 1366 inferatur,
468 1322 529 1358 vel
553 1320 636 1357 alias
664 1318 879 1366 adaptetur:
917 1314 1064 1353 Deinde
1088 1315 1127 1351 ὃς

91 1375 365 1413 fimilitudinem
383 1372 513 1420 absque
533 1369 729 1408 collatione
748 1368 859 1416 poni,
879 1368 928 1404 ita
944 1373 985 1403 ut
1005 1376 1126 1413 neque

92 1427 226 1474 epilogi
250 1454 261 1470 ‚
302 1435 422 1473 neque
456 1419 747 1470 epiphonematis
787 1418 910 1455 vicem
935 1416 1124 1458 sustineat,

88 1486 168 1514 non
193 1477 242 1513 ita
272 1474 440 1513 usitatum
471 1472 542 1514 est;
572 1469 729 1508 curiosus
761 1468 937 1517 quispiam
966 1467 1019 1503 rei
1046 1477 1126 1503 me-

90 1526 166 1564 deri
185 1526 312 1563 volens
326 1523 543 1570 ‚versiculos
564 1534 583 1558 a
604 1519 783 1569 principio
805 1519 894 1556 alios
912 1517 1003 1555 duos
1024 1517 1124 1565 adje-

40 1578 45 1583 ’
82 1578 138 1615 'cit
152 1605 161 1620 ‚
188 1577 316 1626 quibus
336 1572 533 1611 similitudo
559 1572 630 1619 ipsa
649 1570 840 1606 inferretur
853 1595 863 1612 ,
892 1569 930 1604 δε
950 1566 1053 1616 quod
1072 1567 1126 1603 af-

83 1627 202 1664 fectus
223 1623 337 1664 cauffa
357 1621 528 1661 omissum
546 1633 565 1658 a
587 1621 705 1656 Poeta
730 1626 804 1654 erat
818 1644 828 1660 ‚
854 1617 1057 1664 perfeetum
1079 1628 1121 1652 ac

83 1677 237 1723 plenum
269 1674 485 1712 redderetur.
514 1672 753 1718 Quamquam
780 1667 888 1714 igitur
916 1665 980 1713 ipsi
1002 1665 1120 1702 versus

85 1725 288 1763 tolerabiles
305 1724 383 1761 sunt
397 1751 407 1766 ,
429 1724 468 1759 ὃς
485 1733 568 1758 cum
588 1720 628 1756 iis
641 1747 650 1761 ‚
678 1718 807 1766 quibus
828 1715 1007 1763 praemissi
1025 1715 1119 1759 sunt,

82 1785 162 1812 non
182 1775 276 1811 male
292 1775 488 1810 cohaerent
501 1786 511 1813 ;
525 1770 609 1818 quia
629 1777 753 1805 tamen
773 1778 793 1803 a
811 1765 926 1802 donis
942 1773 1117 1813 tanquam

81 1825 191 1862 ‘nothi
211 1826 249 1861 δε
267 1821 458 1860 adulterini
482 1826 679 1860 notantur,
707 1828 774 1853 nos
795 1827 946 1864 quoque
966 1814 1118 1853 eosdem

82 1875 127 1912 ab
148 1874 221 1912 aliis
240 1872 481 1922 separavimus
494 1897 504 1913 ,
530 1867 751 1915 seorfimque
771 1867 809 1901 ὃ(
829 1865 893 1901 suo
913 1865 1117 1902 charastere

81 1924 273 1973 ponendos
298 1922 479 1960 duximus.
506 1919 725 1956 Mrcittus.
771 1914 882 1951 Liber
912 1912 1048 1962 Regius
1077 1916 1116 1952 δε

79 1975 260 2023 Excerpta
278 1973 428 2011 Puteani
458 1982 543 2007 cum
567 1967 694 2005 codice
718 1963 944 2002 Lovanienfi
964 1964 1115 2014 sequens

82 2025 258 2063 distichon
275 2024 361 2061 huic
379 2021 559 2070 Epistolae
579 2017 801 2068 praefigunt:

132 2075 254 2124 Accipe
268 2102 278 2118 ‚
305 2072 529 2119 Dardanide,
557 2069 745 2107 moriturae
762 2079 900 2102 carmen
920 2063 1063 2113 Elifflu,

185 2128 284 2174 Qcae
301 2124 398 2173 legis,
428 2123 453 2160 ἰι
475 2120 567 2158 nobis
587 2119 715 2156 ultima
734 2116 841 2153 verba
864 2116 952 2164 legis.

83 2175 257 2213 Ceterum
280 2174 379 2224 Eliffiz
393 2203 403 2219 ‚
434 2185 510 2211 non
533 2170 626 2219 Elisa
646 2168 848 2207 constanter
861 2166 962 2204 Dido
985 2167 1111 2205 nomi-

80 2234 184 2264 natur
202 2227 240 2264 in
260 2225 460 2263 veterrimis
480 2222 644 2271 Virgilii,
674 2220 772 2263 Silii,
802 2217 977 2261 Ausonii,
999 2217 1110 2255 Clau·

79 2276 373 2320 diani,Paterculi
394 2276 433 2312 δε
452 2273 561 2311 nostri
583 2273 717 2308 Poetae
738 2268 934 2306 codicibus.
955 2279 1024 2304 nec
1045 2269 1109 2306 ali-

76 2333 132 2364 ter
146 2327 241 2376 apud
260 2328 430 2364 Graecos.
456 2336 543 2362 narn
563 2321 702 2370 Eliffivn
720 2320 842 2369 lingua
860 2318 995 2355 Punica
1015 2318 1110 2355 divi-

79 2390 162 2414 nam
190 2377 381 2426 viraginem
407 2374 533 2413 sonar‘e
561 2371 800 2410 contendunt.
828 2368 927 2406 Vide
946 2369 1106 2417 Etymo-

76 2427 188 2476 logici
211 2431 399 2466 auctorem
427 2427 465 2464 in
493 2424 592 2462 Διδώ.
618 2423 683 2460 ubi
710 2422 777 2459 alia
805 2420 1039 2468 proferuntur
1060 2420 1106 2458 ad

76 2478 169 2516 hanc
193 2491 280 2517 rem.
307 2479 366 2515 adi
394 2478 432 2514 ὃς
458 2478 580 2515 virum
602 2474 788 2511 summum
808 2470 1015 2509 Samuelem
1033 2470 1106 2508 Βο-

78 2529 241 2567 chartum
259 2530 295 2566 in
314 2528 448 2576 Phaleg
464 2527 541 2564 suo.
569 2525 776 2562 Hfimsxus.

124 2592 160 2617 2.
187 2579 343 2616 Concinit
368 2578 466 2614 albus
495 2575 605 2624 olon]
635 2575 723 2611 Huc
752 2574 838 2610 facit
859 2600 869 2616 ,
903 2569 1006 2622 quod
1023 2569 1108 2609 scri-

76 2638 179 2678 ptum
199 2631 342 2679 reliquit
361 2630 492 2666 Cicero
507 2626 567 2664 lib.
585 2638 614 2663 1.
625 2624 770 2662 Tuscul.
784 2622 1105 2671 Disputationum:

78 2692 153 2728 cap.
174 2691 230 2730 30.
258 2680 391 2729 Cygni,
419 2679 478 2729 qui
499 2691 566 2714 non
581 2674 654 2727 sino
680 2673 790 2723 caussa
814 2673 970 2723 Apollini
998 2672 1107 2709 dicati

70 2729 157 2777 sunt
176 2758 186 2774 ‚
205 2730 266 2778 sed
292 2730 379 2780 qued
404 2729 448 2765 ab
475 2742 507 2765 eo
532 2726 786 2763 divinationem
812 2722 934 2759 habere
958 2722 1106 2759 videan-

80 2788 163 2822 tur,
189 2781 268 2829 quia
289 2780 504 2830 providentes
523 2778 607 2827 quid
635 2777 673 2813 in
699 2786 806 2812 morte
831 2774 909 2822 boni
926 2771 999 2822 sit,
1026 2787 1103 2809 cum

78 2839 183 2864 cantu
204 2842 246 2868 <5⁵
263 2831 436 2879 voluptate
465 2829 670 2865 moriantur.
696 2825 886 2863 videndus
910 2824 958 2861 est
981 2824 1106 2861 Aelia-

79 2891 145 2915 nus
163 2878 222 2915 lib.
246 2892 275 2916 1.
294 2881 352 2917 De
369 2881 454 2917 Var.
474 2879 634 2916 Historia
650 2905 658 2920 ‚
671 2879 708 2914 &
728 2876 912 2924 Hyginus.
934 2875 1102 2911 Cioran.

130 2943 165 2973 4.
192 2930 346 2976 Adverfh
365 2930 536 2966 movimus
554 2929 615 2976 ista
637 2927 747 2974 Deo]
779 2925 952 2961 Novimus
971 2924 1103 2961 Putea-

76 2991 168 3017 neus
198 2990 281 3015 cum
310 2980 382 3016 aliis
408 2980 600 3017 nonnullis.
636 2973 830 3016 Bafilienfis
860 2988 945 3024 vois·
982 2974 1102 3012 Scribe

77 3040 252 3076 vovimus.
280 3040 327 3076 ita
349 3041 385 3076 &
403 3049 623 3089 corruptum.
644 3052 678 3079 1.
697 3041 829 3079 Amor.
851 3052 912 3078 ω.
932 3049 965 3088 3.

129 3089 193 3127 Ah
219 3090 367 3126 nimium
386 3090 480 3127 vovi.

78 3139 169 3179 Ibid.
202 3153 280 3186 127.

131 3196 230 3228 Certe
250 3205 301 3239 ego
320 3204 405 3241 quae
424 3203 528 3227 voveo
539 3189 668 3239 superos
684 3202 819 3231 motura
828 3191 973 3244 putabo.⁴

49 3231 55 3272 ἰ
82 3239 171 3281 Ibid.
191 3254 271 3290 241.

2124 986 2230 1039 Sed

1237 1116 1379 1162 Tempus
1399 1109 1435 1146 in
1456 1106 1664 1157 immensum
1685 1106 1857 1155 lacrymas
1872 1100 1936 1139 tibi
1959 1099 2123 1138 vovimus
2141 1096 2231 1147 istas,

1186 1175 1343 1213 Metam.
1363 1187 1397 1211 x.
1416 1174 1498 1210 626.
1553 1171 1655 1208 Vovit
1673 1170 1755 1220 quia
1777 1168 1897 1204 vivere
1917 1176 2062 1201 mecum,

1187 1225 1273 1263 Stat.
1293 1225 1414 1262 Theb.
1435 1236 1524 1260 vm.
1549 1233 1632 1268 702.
1675 1226 1789 1256 Unum
1807 1216 1922 1254 omnia
1940 1214 2010 1251 tela
2032 1222 2174 1249 vovent.

1184 1276 1260 1312 Ubi
1282 1276 1376 1312 male
1395 1274 1473 1312 MS.
1493 1281 1645 1310 movent.
1674 1273 1711 1309 ὃς
1732 1269 1780 1307 sic
1802 1269 1896 1306 forte
1914 1264 2111 1314 legendum
2130 1261 2227 1310 apud

1185 1325 1346 1363 eundem
1369 1337 1420 1362 xx.
1451 1337 1533 1371 510.

1236 1382 1360 1412 Letum
1380 1385 1519 1424 utrique
1538 1386 1681 1410 vovens.

1184 1427 1318 1464 Noster
1338 1439 1383 1463 11.
1401 1427 1489 1463 Am.
1514 1437 1572 1461 xv.
1593 1435 1650 1469 27.
1704 1420 1811 1459 Irrita
1833 1419 1919 1472 quid
1937 1431 2057 1454 voveo.

1179 1477 1254 1514 Ubi
1283 1477 1343 1514 alii
1363 1489 1487 1512 moneo.
1514 1474 1573 1511 sed
1594 1475 1631 1511 &
1652 1473 1770 1520 averso
1790 1477 1860 1507 Deo
1879 1466 2147 1516 corrigendum.
2175 1462 2223 1500 fic

1180 1528 1280 1564 enim
1314 1526 1567 1575 loquebantur.
1606 1526 1680 1561 hoc
1716 1523 1765 1559 est
1803 1534 1881 1559 non
1920 1519 2102 1556 audiente.
2141 1515 2225 1551 Deis

1178 1575 1306 1664 aEleerfis
1324 1584 1563 1625 opponuntur
1592 1575 1659 1611 Dei
1678 1572 1878 1622 praesentes.
1906 1569 2038 1607 Noster
2058 1566 2168 1605 Trist.
2190 1576 2223 1603 1.

1227 1639 1281 1675 eg.
1309 1639 1374 1664 111.

1229 1676 1417 1727 Multaque
1434 1676 1472 1713 in
1492 1675 1626 1724 averfhs
1641 1674 1761 1723 effudit
1778 1671 1885 1708 verba
1907 1676 2051 1707 Penates
2062 1693 2073 1712 ‚

1279 1733 1345 1763 Pro
1363 1726 1531 1775 deplorato
1552 1738 1619 1761 non
1639 1724 1800 1760 valitura
1818 1722 1908 1757 viro.

1176 1775 1230 1813 Ita
1249 1777 1461 1825 legendum.
1486 1776 1649 1822 Propert.
1669 1773 1728 1809 lib.
1749 1785 1778 1808 1.
1797 1771 1897 1817 Eleg.
1919 1781 1950 1805 1.

1225 1831 1317 1863 Cum
1338 1836 1460 1863 tamen
1479 1823 1614 1872 averfhs
1633 1836 1723 1871 cogor
1742 1819 1864 1856 habere
1885 1824 1984 1855 Deos.

1173 1875 1228 1913 Ita
1248 1877 1369 1921 malo,
1382 1887 1495 1926 quarn
1513 1871 1684 1921 adverfhs.
1702 1871 1750 1908 fic
1773 1871 1885 1918 Spart.
1909 1868 2053 1905 Pescen.
2075 1866 2217 1914 Aversa

1163 1927 1277 1975 populi
1308 1927 1501 1963 voluntate.
1537 1924 1599 1962 ubi
1627 1922 1739 1971 vulgo
1772 1921 1867 1958 male
1896 1916 2057 1966 adversa.
2086 1914 2215 1954 Tibul.

1172 1989 1236 2016 111.
1264 1977 1366 2027 Eleg.
1394 1990 1458 2015 111.

1223 2028 1365 2064 Audiat
1383 2026 1506 2076 aversa
1526 2038 1595 2062 nen
1614 2036 1708 2061 meus
1725 2035 1807 2059 aure
1826 2025 1934 2058 Deus.

1172 2076 1215 2114 In
1236 2087 1397 2115 mortem
1415 2076 1545 2114 Drufi:

1221 2133 1273 2164 Tu
1292 2128 1401 2164 letum
1419 2126 1557 2177 optasti,
1585 2124 1655 2162 Dis
1671 2120 1913 2172 aversantibus
1930 2121 2040 2158 omen}

1169 2178 1328 2215 Marti-al.
1349 2190 1440 2215 vrri.
1458 2179 1526 2225 Ep.
1545 2177 1605 2214 62..

1218 2228 1343 2265 Scribit
1360 2228 1399 2265 in
1416 2228 1539 2276 aversa
1557 2226 1675 2263 Picens
1691 2224 1941 2274 epigrammata
1959 2219 2105 2264 chartas

1268 2284 1314 2315 Et
1333 2279 1422 2315 dolet
1440 2278 1559 2326 averfh
1581 2276 1671 2326 quod
1680 2275 1774 2322 facit
1793 2273 1856 2310 illa
1879 2278 1961 2309 Dee.

1165 2329 1219 2368 Ita
1234 2329 1376 2378 aversus
1387 2336 1489 2366 Mars
1505 2330 1540 2365 in
1552 2327 1672 2364 Fastis.
1685 2327 1769 2363 Stat.
1782 2336 1817 2361 v.
1831 2323 1950 2361 Theb.
1964 2321 2047 2366 641.
2065 2318 2084 2356 ὲ
2096 2314 2205 2354 MSS.

1330 2379 1388 2416 ubi
1409 2380 1526 2428 averfh
1546 2377 1686 2415 dederat
1699 2375 1846 2426 projesta
1866 2372 2015 2410 tonanti.

1161 2431 1210 2470 Et
1237 2443 1273 2470 x,
1301 2442 1359 2478 70.

1443 2480 1512 2517 Scit
1523 2482 1609 2528 fata
1621 2478 1697 2528 fleis
1713 2473 1887 2513 contraria
1903 2470 2019 2519 Grajis

1213 2532 1458 2582 Aversumque
1476 2532 1621 2576 Jovem.

1163 2583 1342 2621 Horatius
1363 2596 1425 2620 111.
1448 2580 1525 2618 Od.
1545 2592 1604 2629 23.

1213 2633 1373 2670 placabit
1392 2633 1526 2679 aversos
1547 2637 1689 2667 Penates

1264 2690 1368 2720 Farre
1381 2683 1437 2732 pio
1458 2693 1500 2721 ω’
1512 2680 1658 2730 saliente
1680 2675 1786 2715 mici.

1160 2736 1339 2783 Aversum
1371 2734 1501 2779 Jevem
1532 2730 1663 2781 precari
1698 2728 1798 2765 idem
1835 2723 1956 2774 Epod.
1987 2735 2022 2760 X.
2063 2720 2194 2760 Nostex

1159 2786 1292 2823 Amor.
1314 2785 1374 2821 lib.
1401 2796 1481 2820 111.
1502 2783 1556 2818 El.
1579 2793 1663 2818 xri.

1210 2833 1354 2883 Aversis
1370 2834 1510 2871 utinam
1533 2830 1705 2880 tetigissem
1728 2826 1885 2864 cars‘nina
1906 2822 2040 2872 Musis!

1159 2885 1370 2933 Quomodo
1397 2884 1469 2921 illie
1498 2883 1610 2919 etiarn
1638 2888 1778 2918 veteres
1798 2877 1890 2915 libri.
1916 2874 2085 2912 Paulinus
2105 2874 2193 2920 Epi-

1158 2935 1246 2973 stola
1267 2935 1312 2972 ad
1333 2934 1557 2971 Ausonium:

1210 2991 1302 3023 Cum
1317 2984 1446 3032 steriles
1455 2982 1592 3030 fundas
1612 2994 1678 3017 non
1698 2979 1746 3016 ad
1769 2977 1896 3014 divina
1913 2984 2067 3025 precatus
2080 3001 2091 3016 ‚

1260 3035 1444 3082 Castalidis
1456 3033 1596 3083 supplex
1614 3028 1890 3079 averfhznumine
1909 3024 2026 3073 Alufis.

1157 3088 1330 3128 Lucanus
1347 3086 1406 3123 lib.
1426 3097 1483 3121 v1.
1509 3084 1588 3129 148.

1209 3137 1343 3187 Deserit
1359 3136 1476 3184 averfh
1491 3132 1657 3183 peffeffizm
1677 3130 1818 3167 numine
1830 3128 1946 3178 sedem

1211 3189 1348 3236 Caefizr.
1972 3224 1977 3229 .
2002 3224 2007 3229 .

1162 3240 1221 3280 Sic
1246 3237 1491 3278 membranae,
1514 3232 1692 3283 Apulejus
1711 3232 1806 3269 Met.
1828 3241 1900 3267 vu.
1920 3224 2064 3262 lllrcxtas
2081 3232 2192 3259 tentae

1677 3283 1720 3320 M
2129 3273 2208 3315 1151}
