2553 3676
648 183 1186 250 AMORUM
1259 205 1434 244 LIB.

1508 191 1578 246 11.

1653 214 1702 250 2.
2115 220 2211 270 403

366 283 632 341 'Conscius
656 279 898 337 adfiduos
921 276 1185 335 commissi
1211 279 1362 335 tollet
1385 281 1634 345 honores.

443 356 578 428 Quis
601 352 777 410 minor
803 350 878 404 est
902 363 1111 415 autem,
1148 368 1310 423 quam
1333 356 1574 419 tacuisse,
1612 356 1792 412 labor?

372 426 460 482 Ille
485 428 656 496 placet
673 463 690 488 ‚
730 423 1008 498 versatque
1031 423 1258 478 domum
1273 465 1288 488 ‚
1327 443 1503 499 neque
1527 429 1746 486 verbera
1769 431 1952 488 sentit:

267 516 335 561 30

130 690 190 729 28.
216 690 306 740 Qis
322 690 434 729 minor
453 691 496 740 cst
519 693 675 746 autem]
705 694 763 743 Est
785 705 882 734 cauto
901 695 1040 737 malim.
1067 694 1117 738 fic

25 773 27 805 3
74 741 142 782 lib.
162 755 208 780 11.
229 743 309 780 Art.
332 743 411 791 196.

130 814 232 852 Artis
248 824 348 851 erunt
370 825 467 853 cauto
486 816 605 854 mollia
618 817 710 868 jufflz
731 831 851 856 mean

24 930 26 936 Α
81 893 131 932 At
148 894 262 942 prima
280 892 392 931 editio
416 905 500 931 cum
523 895 658 943 scriptis
684 895 902 945 quibusdam
916 923 927 941 ,
955 909 1114 947 unquam

26 955 27 985 l
72 956 144 993 ¹pro
168 954 295 981 autem.
322 944 530 983 Hfirxsrus.
557 946 614 993 Est
640 946 776 985 homini
796 948 938 985 Moreti
959 959 979 985 a
1001 959 1114 986 manu

26 1000 27 1051 J
79 994 203 1043 prima.
231 993 303 1033 vid.
323 994 367 1032 ad
388 1008 433 1033 11.
451 996 530 1034 Art.
553 999 639 1044 603.
846 995 850 998 ’

126 1056 183 1093 29·
222 1046 401 1096 Versatque
432 1046 624 1098 domam.]
660 1048 756 1087 Puto
777 1076 787 1093 ‚
818 1048 1019 1100 servatque.
1058 1049 1114 1086 Illi

26 1084 27 1134 i
68 1106 157 1132 cura
184 1094 318 1133 domus
349 1098 605 1136 committitur.
651 1099 717 1136 nisi
747 1099 849 1138 malis
872 1128 883 1144 ‚
914 1140 916 1143 ,
923 1101 1113 1150 servatque

76 1144 175 1182 domi.
202 1154 242 1183 ut
260 1147 356 1195 apud
375 1148 575 1187 Comicum
591 1178 601 1194 ‚
620 1149 714 1191 Solus
730 1151 858 1188 Sannio
867 1150 992 1200 servat
1008 1150 1112 1187 domi.

76 1195 283 1233 Hnmsius.
336 1197 406 1235 Sed
434 1206 602 1237 tantusne
629 1200 690 1238 ille
728 1202 851 1239 honor
871 1229 881 1246 ,
928 1209 968 1238 ut
995 1201 1111 1246 solus,

73 1252 261 1295 tamquam
293 1247 428 1286 Sannio
451 1277 461 1293 ‚
497 1250 613 1287 servet
639 1251 774 1296 domi,
812 1250 914 1300 quod
940 1251 1112 1289 viliffimo

8 1315 9 1318 =
71 1297 205 1345 cuique
227 1325 238 1341 ,
275 1298 314 1334 &
335 1298 381 1336 ad
411 1298 478 1337 alia
504 1300 624 1338 officia
650 1302 778 1349 inepto
799 1301 902 1339 servo
924 1304 1112 1340 committi

69 1345 226 1395 potest?
262 1347 381 1385 multo
410 1358 507 1387 certe
537 1351 738 1400 elegantior
762 1352 898 1396 lestio,
927 1353 1110 1401 verfithue

26 1391 27 1428 ἐ
70 1396 234 1442 domum,
261 1397 298 1435 id
325 1398 372 1435 est
397 1411 464 1447 pro
484 1401 632 1439 arbitrio
649 1402 687 1440 in
707 1409 785 1439 tota
806 1402 942 1440 familia
963 1413 1109 1452 regnat,

69 1447 177 1496 agitat
197 1447 355 1497 reliquos
378 1449 522 1496 servos,
548 1453 587 1489 ὃ(
608 1453 650 1490 iis
672 1452 839 1501 imperat.
867 1454 1006 1490 Marius
1020 1482 1030 1497 ‚
1050 1464 1110 1502 pro

61 1496 211 1538 arbitrio
242 1497 359 1536 volvit
381 1501 550 1549 explicat.
578 1503 627 1541 est
652 1514 743 1541 vero
760 1504 800 1541 in
818 1505 893 1541 hoc
914 1505 1028 1542 verbo
1047 1516 1112 1542 oc-

2 1582 19 1610 5
64 1548 163 1597 iculta
181 1548 236 1587 vis
253 1549 448 1591 fraudum:
477 1552 607 1602 Virgil.
623 1565 696 1592 vu.
714 1554 874 1594 Aeneid.
895 1555 980 1604 336.

118 1626 242 1673 Atque
262 1624 349 1662 odiis
367 1626 502 1675 verfizre
522 1626 649 1671 domos.

65 1696 234 1746 Propert.
252 1713 318 1742 m.
339 1701 445 1752 Eleg.
466 1714 523 1742 vi.
547 1714 602 1752 ¹9·

117 1778 200 1810 Non
219 1776 262 1823 est
281 1787 372 1814 certa
381 1777 471 1825 fides
482 1806 493 1824 ,
519 1791 627 1829 quam
648 1793 715 1817 non
737 1779 870 1830 injuria
886 1780 1013 1829 versat.

0 1851 3 1859 “
64 1851 143 1890 -Ubi
167 1855 309 1902 egregie
335 1853 605 1899 Broukhufius‚
632 1856 669 1891 in
691 1866 846 1893 omnem
865 1865 1005 1905 partem
1026 1868 1108 1893 ver-

0 1913 23 1940 s*
65 1901 141 1939 ›sare
154 1905 307 1953 exponit
320 1932 330 1949 ,
343 1906 381 1943 ὃ(
394 1904 539 1944 illustrat
551 1905 735 1954 aptissimis
746 1907 936 1955 exemplis.
945 1907 1048 1956 Virg.
1064 1919 1108 1944 11.

3 1948 5 1950 ’
66 1953 226 1993 Aeneid.
246 1956 305 1993 62.

36 2881 37 2888 ¹
76 2867 112 2903 6.
149 2872 252 2902 Nunc
289 2879 341 2913 ego
373 2867 468 2904 hodie
503 2866 671 2918 versabor.

36 2922 37 2930 ¹
78 2915 168 2967 quid
193 2915 235 2954 fit
263 2914 308 2951 de
332 2916 433 2954 servo
458 2917 597 2954 dicium
619 2945 628 2960 ‚
665 2917 805 2964 versare
827 2915 981 2952 domum.
1006 2916 1110 2964 saepe

118 2030 182 2063 Seu
197 2028 333 2077 versare
350 2028 460 2074 dolos,
481 2032 544 2079 stu
562 2041 671 2068 certae
690 2029 880 2068 occumbere
897 2032 1012 2070 morti.
1064 2075 1067 2078 ¹

3 2103 18 2139 i.
65 2098 145 2156 Ubi
163 2112 242 2138 non
263 2105 420 2142 omnino
441 2105 681 2154 rejiciendum
700 2112 792 2153 puto
816 2103 952 2142 codicis
973 2104 1109 2142 Pi'e'ria-

0 2178 3 2184 .
59 2160 106 2205 131
135 2151 336 2190 lectionem
353 2182 365 2199 ‚
403 2156 538 2204 versare
567 2155 651 2193 dolo.
677 2155 811 2193 scilicet
841 2155 1041 2203 Trojanos.
1068 2164 1109 2193 ut

1 2211 6 2236 ε
62 2199 166 2244 litera
195 2216 210 2238 s
236 2203 432 2245 adhaeserit
460 2209 510 2253 τῷ
539 2206 612 2243 dolo
636 2217 681 2243 ex
707 2206 873 2254 sequenti
897 2217 1014 2251 voce,
1033 2206 1108 2254 seu.

64 2250 109 2289 ἀ
136 2251 186 2289 ita
219 2252 361 2292 Servius
388 2257 477 2303 legit
500 2284 510 2300 ,
547 2267 661 2305 quein
691 2256 787 2293 vide.
813 2255 863 2294 fic
891 2256 1003 2294 etiam
1023 2257 1106 2295 infr.

0 2311 9 2345 J
69 2298 169 2350 Eleg.
189 2314 266 2342 iux.
282 2304 335 2347 Je'sl‘.
361 2318 416 2354 15.
434 2306 662 2345 scribendum
682 2307 802 2345 forte:

119 2377 171 2415 sic
188 2378 246 2416 ubi
263 2380 444 2430 versarat,
473 2382 661 2433 tepidosque
682 2383 855 2429 refoverat
875 2381 978 2430 ignes.

66 2449 182 2501 Apud
196 2453 371 2494 Senecam
388 2456 502 2495 Herc.
519 2456 603 2495 Fur.
620 2469 655 2495 v.
672 2469 737 2495 m.
753 2457 853 2503 Juno
871 2456 917 2494 ad
934 2456 1076 2494 Furias:

122 2542 203 2584 Me,
229 2553 303 2586 me,
323 2541 450 2590 sorores
469 2550 580 2578 mente
601 2540 767 2590 dejebZam
786 2553 864 2578 mea

124 2592 258 2638 'Versate
267 2592 437 2641 primam.

75 2665 131 2705 Eo
153 2666 252 2704 sensu
268 2678 419 2716 quoque
441 2665 526 2703 Stat.
548 2677 601 2703 IV.
626 2663 748 2702 Theb.
769 2663 854 2700 626.
877 2662 1013 2711 Versare
1032 2676 1110 2700 ma-

34 2711 37 2767 '3
67 2729 151 2763 -nes,
178 2717 239 2755 ubi
265 2717 442 2754 videndus
464 2716 639 2754 Barthius.
668 2716 812 2752 Plautus
837 2714 940 2762 saepe
965 2715 1013 2750 ita
1037 2716 1109 2751 uti-

36 2779 37 2803 }
73 2774 143 2805 tur.
167 2767 260 2804 Pers.
286 2779 321 2804 v.
352 2775 395 2804 11.
428 2779 482 2813 17.
508 2766 684 2815 Qomodo
703 2764 801 2800 hodie
826 2777 879 2801 me
904 2765 1108 2812 versavisti,

76 2817 136 2854 ubi
157 2818 251 2853 male
266 2817 395 2855 Pareus
411 2845 420 2861 ‚
446 2816 632 2865 vexavisti.
659 2827 745 2854 nam
768 2816 806 2852 &
824 2814 957 2852 Bacch.
980 2826 1033 2852 lv.
1055 2815 1109 2858 ybs.

707 2877 801 2914 quae
835 2865 917 2903 loca
949 2865 1107 2909 docent,

38 2984 39 2988 ¹
77 2974 202 3004 autern
230 2975 315 3002 cum
344 2979 470 3002 vexare
494 2967 567 3004 hoc
596 2968 749 3004 verbum
780 2966 973 3003 confusum
994 2993 1004 3010 ,
1042 2977 1112 3003 nec

38 3031 39 3035 ¹
78 3018 215 3055 mirum
237 3043 248 3060 ‚
287 3025 372 3051 cum
401 3014 610 3067 significatio
639 3017 681 3054 sit
707 3029 801 3065 pene
829 3016 972 3054 eadem.
998 3016 1111 3065 supra.

37 3060 39 3081 A

86 3078 116 3104 1.
131 3068 222 3104 Am.
241 3077 286 3103 11.
305 3064 339 3101 8.

131 3149 180 3182 Et
195 3142 319 3195 posfeffa
330 3143 429 3190 ferus
442 3143 576 3192 pei‘lfora
597 3145 712 3193 verfiat
731 3157 840 3183 amor.

83 3211 159 3251 Ubi
185 3222 294 3251 vexat
320 3214 390 3251 alii.
425 3212 474 3250 fic
509 3214 648 3251 variant
679 3214 824 3254 codices
848 3218 888 3254 in
916 3217 972 3255 his
999 3209 1115 3256 verbis

85 3263 179 3312 apud
198 3265 328 3304 Horat.
349 3275 379 3303 1.
400 3263 470 3302 Sat.
489 3275 580 3302 vm.
603 3275 658 3313 ¹9·

439 497 528 552 Ille
550 509 769 569 potens:
808 497 921 563 alii,
959 497 1174 555 sordida
1196 498 1380 565 turba,
1412 499 1605 571 jacent.

2030 577 2181 635 Huic
2195 620 2211 648 ,

1224 697 1414 747 §giemum
1431 697 1642 756 carminibus
1661 712 1748 752 qaae
1765 700 1905 751 versant
1916 728 1926 745 ‚
1952 712 2054 753 atque
2072 703 2213 741 venenis

1224 754 1410 787 Humanas
1430 764 1576 789 ammos.

1173 836 1203 864 1.
1227 824 1297 864 Sat.
1317 839 1389 865 vir.
1415 841 1471 877 15.

1220 908 1300 941 Duo
1313 904 1349 956 si
1367 905 1533 954 discordia
1554 915 1656 943 vexet
1677 905 1812 943 inertes.
1846 908 1849 910 ’

1170 978 1216 1015 Et
1247 978 1294 1016 ibi
1323 979 1432 1029 versit
1459 978 1531 1016 alii.
1560 977 1633 1015 vid.
1661 978 1789 1014 Heins.
1816 976 1863 1014 'ad
1888 975 2016 1014 Claud.
2042 989 2071 1014 r.
2095 978 2214 1018 Laud.

1171 1028 1245 1065 Stil.
1275 1030 1360 1067 286.
1389 1031 1426 1067 &
1453 1029 1575 1077 Epigr.
1605 1040 1662 1065 xx.
1690 1039 1800 1077 atque
1820 1028 1914 1064 hanc
1936 1027 2133 1067 lectionem
2155 1031 2214 1068 fir-

1171 1088 1273 1117 mant
1309 1080 1519 1131 sequentia,
1546 1078 1604 1115 ille
1628 1087 1746 1127 potens
1768 1095 1778 1114 .·
1818 1076 1984 1126 potenti-51
2023 1080 2120 1116 enim
2153 1081 2213 1120 illa

1169 1130 1319 1169 abutens
1343 1131 1455 1178 versat
1473 1129 1629 1174 domum
1650 1141 1715 1177 pro
1737 1128 1882 1165 arbitrio
1902 1129 1977 1166 suo.
2001 1127 2187 1168 BURMAN.

1224 1193 1281 1230 30.
1313 1181 1372 1218 Ille
1393 1180 1504 1230 placet
1536 1180 1696 1216 dominae
1715 1201 1727 1222 ν,
1754 1178 1897 1227 sordida
1930 1177 2033 1214 turba
2053 1180 2212 1231 jacent.]

1169 1232 1224 1277 Ita
1246 1234 1279 1269 in
1302 1232 1473 1281 quod-am
1488 1231 1617 1275 codice
1637 1231 1780 1279 legitur.
1801 1229 1867 1275 sed
1894 1229 1984 1266 inihi
2005 1232 2117 1278 magis
2140 1232 2214 1279 pla-

1167 1292 1224 1319 cet
1250 1284 1389 1320 vetusta
1417 1282 1554 1326 leffio,
1582 1293 1677 1330 quae
1708 1281 1780 1317 est:
1813 1279 1872 1315 ille
1898 1288 2015 1328 potens
2045 1280 2214 1320 dominae.

1166 1333 1236 1370 scil.
1260 1333 1311 1381 est.
1348 1333 1384 1371 id
1414 1332 1486 1377 est,
1514 1334 1576 1382 qui
1608 1331 1703 1383 apud
1733 1330 1924 1367 dominam
1957 1331 2120 1368 maxime
2147 1344 2215 1380 po-

1164 1385 1278 1421 tentia
1303 1384 1399 1422 valet
1417 1411 1427 1428 ,
1464 1391 1505 1421 ut
1532 1381 1712 1432 quidquid
1740 1380 1899 1417 voluerit
1922 1408 1931 1423 ‚
1972 1389 2078 1429 cogat
2101 1382 2213 1429 ipsam

1164 1435 1296 1472 facere.
1346 1434 1477 1482 legitur
1515 1434 1627 1471 etiam
1664 1433 1702 1470 in
1744 1430 2008 1479 exemplaribus
2035 1458 2046 1475 ,
2096 1442 2214 1471 cetera.

1165 1486 1348 1522 Manuos.
1380 1485 1501 1522 Placet
1540 1483 1651 1521 lec‘iio
1685 1481 1875 1519 Maffeian.
1915 1482 2074 1530 exempl.
2105 1493 2214 1519 cetera

1163 1535 1272 1572 turha
1292 1536 1397 1584 jacet.
1426 1535 1646 1573 CloFANUS.
1681 1533 1914 1578 Puteaneus,
1941 1532 2213 1579 Mentelianus,

1168 1586 1208 1624 δί
1224 1585 1493 1624 Arondelianus
1509 1599 1517 1623 ε

1218 1658 1280 1697 Ille
1293 1671 1410 1712 potens
1425 1690 1435 1707 ‚
1464 1659 1529 1697 alii
1540 1661 1685 1710 fhrdida
1705 1657 1808 1696 turha
1821 1657 1954 1707 jacent.

1165 1735 1283 1783 Quod
1311 1737 1453 1786 sequor.
1490 1747 1577 1773 nani
1606 1736 1719 1785 placet
1744 1733 1822 1782 jam
1856 1728 2104 1786 praecesserat.
2131 1731 2213 1772 Art.

1164 1785 1291 1824 Amat.
1310 1787 1369 1825 lib.
1392 1801 1438 1826 11.
1459 1799 1545 1835 294.
1574 1798 1619 1824 ex
1639 1784 1798 1834 antiquis
1819 1781 2107 1835 exemplaribus:

1214 1866 1355 1904 Utilitas
1375 1877 1437 1904 tua
1462 1864 1526 1912 [ἱις
1558 1864 1683 1902 titulus
1701 1863 1846 1900 donetur
1864 1861 2018 1907 amicae,

1268 1918 1374 1954 Perde
1395 1917 1508 1955 nihil.-
1531 1926 1650 1968 partes
1669 1914 1733 1952 illa
1744 1912 1892 1964 potentis
1911 1921 2007 1962 agat.

1167 1992 1326 2032 Metam.
1348 2006 1382 2031 x.
1402 2004 1487 2042 352.

1697 2082 1799 2097 ———-
1812 2071 1910 2102 Neve
1924 2064 2073 2113 potentis

1217 2121 1410 2159 Concubitu
1432 2119 1541 2158 vetito
1564 2129 1713 2158 naturae
1731 2116 1840 2168 pollue
1852 2116 1986 2163 foedus.

1164 2194 1215 2232 Ib.
1239 2209 1301 2234 111.
1321 2197 1402 2235 Art.
1422 2195 1505 2245 258.
1529 2196 1574 2234 de
1593 2194 1748 2245 pulchris
1771 2192 1919 2242 puellis:

1214 2274 1271 2321 Est
1296 2274 1365 2311 illis
1381 2274 1448 2324 sua
1470 2274 1528 2310 dos
1543 2273 1660 2319 forma
1672 2269 1747 2320 fine
1767 2278 1842 2306 arte
1856 2276 1986 2318 potens.

1162 2340 1373 2389 Quomodo
1395 2341 1434 2379 ὅ(
1457 2339 1666 2388 Propertius
1687 2336 1747 2375 lib.
1767 2349 1812 2374 11.
1831 2335 1934 2384 Eleg.
1951 2345 1988 2372 v.

1213 2412 1371 2462 Cynthia
1382 2413 1502 2460 forma
1517 2420 1637 2461 potens
1648 2438 1660 2456 ,
1689 2408 1844 2459 Cynthia
1854 2408 1973 2455 forma
1996 2404 2094 2442 levis.

1159 2480 1293 2520 Amor.
1312 2494 1375 2520 111.
1393 2482 1495 2531 Eleg.
1512 2493 1566 2517 xx.

1216 2552 1337 2601 Desine
1356 2551 1548 2590 blanditias
1566 2560 1610 2590 (φ
1628 2548 1735 2587 verba
1746 2547 1901 2598 potentia
1921 2545 2097 2596 quondam

1216 2604 1372 2645 Perdere.

1163 2670 1268 2709 Plura
1288 2669 1333 2707 ad
1351 2665 1608 2714 Metamorph.
1626 2663 1686 2702 lib.
1702 2676 1753 2700 iv.
1771 2662 1825 2706 Jl's.
1848 2674 1929 2711 325.
1947 2661 2105 2698 Metam.
2120 2672 2207 2715 xxii.

1165 2722 1248 2770 562.
1273 2720 1367 2757 Facit
1385 2718 1440 2754 ira
1453 2725 1636 2766 potentem.
1663 2716 1710 2752 ita
1728 2715 1807 2752 Iibri
1830 2723 1982 2750 veteres.
2008 2711 2086 2749 Alii
2105 2711 2206 2749 codi-

1165 2784 1223 2810 ces
1248 2772 1323 2809 hoc
1342 2770 1454 2807 loco:
1473 2808 1476 2809 ⁷

1216 2833 1277 2869 Ille
1287 2842 1404 2882 potens
1423 2828 1580 2866 dominae
1592 2845 1602 2865 .-
1631 2838 1738 2865 cetera
1756 2826 1859 2865 turba
1868 2828 1999 2877 jacent.

1168 2901 1290 2932 Potens
1319 2892 1477 2930 dominae
1494 2919 1503 2933 ,
1530 2899 1571 2928 ut
1594 2899 1710 2940 potens
1741 2888 1888 2934 mentis,
1908 2898 2026 2940 potens
2055 2888 2140 2925 voti.
2167 2887 2204 2925 ὅ(

1166 2946 1334 2994 probavit
1362 2942 1576 2980 Gronovius
1604 2941 1648 2978 ad
1678 2942 1763 2979 Liv.
1785 2953 1898 2977 xxm.
1929 2941 1983 2978 16.
2012 2939 2056 2977 de
2077 2938 2203 2986 quibus

1167 2997 1250 3034 alibi
1279 2995 1454 3032 dicemus.
1481 2993 1592 3041 jacere
1611 3020 1621 3036 ,
1654 2990 1851 3041 quomodo
1879 2991 1940 3028 lib.
1975 3003 2005 3027 1.
2032 2989 2118 3026 Fast.
2147 2986 2204 3024 13.

1166 3054 1301 3096 Pauper
1318 3044 1442 3095 ubique
1453 3044 1556 3093 jacet.
1578 3042 1770 3090 Lucretius
1787 3042 1849 3079 lib.
1868 3054 1903 3079 v.
1924 3052 2029 3086 1272.

1226 3123 1323 3153 Nam
1333 3115 1409 3163 fuit
1429 3114 1466 3152 in
1481 3115 1586 3163 pretio
1603 3114 1711 3163 magis
1729 3127 1783 3151 aes
1796 3142 1805 3158 ‚
1831 3123 2022 3159 aurumque
2035 3105 2172 3156 jacebat

1226 3173 1365 3215 Propter
1379 3165 1609 3202 inutilitatem
1631 3164 1739 3201 hebeti
1758 3175 1914 3201 mucrone
1934 3158 2090 3206 retusum.

1226 3222 1333 3254 Nunc
1353 3216 1446 3264 jacet
1472 3229 1550 3259 aes,
1578 3228 1705 3251 aurum
1729 3215 1767 3250 in
1787 3215 1966 3261 summum
1977 3205 2122 3257 fiicceffit
2145 3204 2205 3241 ho-

1349 3279 1476 3305 norem.
1503 3267 1715 3303 Hzmsrus.
2200 3305 2206 3311 ,

1681 3313 1712 3348 Ε
1730 3322 1751 3347 e
1771 3321 1792 3347 e
1827 3321 1848 3345 2
2120 3310 2123 3314 '
2173 3304 2208 3342 St
