2553 3676
294 221 395 288 338
793 206 1346 270 P'.OVIDII

1417 199 1957 261 NASONIS

589 306 734 362 Cum
760 305 857 360 tibi
880 300 1141 359 succurrit
1166 296 1398 355 Veneris
1422 294 1630 350 lascivia
1654 292 1895 356 nostrae3

663 380 962 450 Purpureas
1004 390 1193 431 tenero
1232 371 1428 445 pollice
1468 383 1626 440 tange
1666 385 1846 438 genas.
1983 438 1993 447 .

534 485 539 488 v
592 454 646 508 Si
670 452 802 526 quid
829 452 960 515 erit,
998 450 1068 504 de
1101 466 1188 503 me
1212 446 1373 500 tacita
1399 442 1551 515 quod
1577 454 1761 494 mente
1787 455 2056 514 queraris;

665 526 905 581 Pendeat
948 524 1190 578 extrema
1224 518 1402 571 mollis
1441 514 1505 567 ab
1545 531 1671 567 aure
1711 531 1926 568 manus:

483 619 548 668 25
588 599 732 655 Cum
756 599 880 662 tibi,
920 615 1055 672 quae
1080 593 1297 652 faciam,
1337 605 1457 641 mea
1485 587 1603 649 lux,
1643 586 1915 652 dicamve‚
1951 584 2276 659 placebunt3

667 673 926 728 Versetur
953 667 1133 739 digitis
1159 662 1381 717 annulus
1407 660 1574 732 usque
1600 659 1720 713 tuis,
1830 676 1838 680 ·

593 747 787 817 Tange
816 762 972 798 manu
1000 739 1262 801 mensam,
1302 753 1415 810 quo
1454 746 1681 805 tangunt
1721 749 1874 814 inore
1909 745 2228 806 precantes;

664 818 886 890 Optabis
927 814 1122 869 merito
1163 829 1290 866 cum
1329 808 1463 863 mala
1503 807 1670 861 multa
1709 823 1845 886 viro:

598 891 769 965 Quod
802 889 899 943 tibi
926 886 1226 949 miscuerit,
1262 883 1453 956 sapiaS,
1489 880 1634 941 bibat
1658 880 1795 952 ipse,
1828 879 2044 950 jubeto:

485 983 554 1033 30
664 964 759 1018 Tu
787 980 1018 1036 puerum
1045 960 1234 1015 leviter
1258 957 1448 1030 posce,
1488 952 1639 1028 quod
1665 953 1772 1026 ipsa
1794 954 1936 1008 velis.

595 1039 752 1112 Quae
778 1051 839 1091 tu
862 1034 1165 1091 reddideris
1183 1073 1198 1097 ‚
1239 1049 1343 1103 ego
1367 1029 1570 1104 primus
1592 1027 1786 1100 pocula
1810 1027 2014 1082 sumam
2029 1045 2049 1082 ς.

667 1110 740 1165 Et
767 1129 871 1184 qua
894 1124 954 1164 tu
978 1108 1199 1171 biberis,
1235 1106 1333 1160 hac
1361 1122 1465 1176 ego
1493 1114 1644 1176 parte
1670 1100 1865 1179 bibam.

596 1184 652 1240 Si
676 1184 772 1239 tibi
799 1185 942 1239 forte
969 1182 1142 1245 dabit,
1179 1197 1316 1254 quos
1339 1174 1757 1251 praegustaverit
1778 1175 1893 1247 >ipse
1906 1214 1929 1239 ,-

675 1256 867 1329 Rejice
904 1257 1093 1311 libatos
1129 1255 1264 1308 illius
1304 1270 1400 1306 ore
1440 1249 1610 1305 cibos..

487 1350 513 1400 3
523 1349 552 1401 5
590 1331 708 1387 Nec
734 1344 942 1402 premat
967 1327 1225 1401 impositis
1252 1326 1407 1380 finito
1433 1336 1524 1378 tua
1546 1322 1683 1377 colla
1707 1321 1949 1376 lacertis:

675 1405 821 1459 Mite
844 1423 946 1460 nec
985 1404 1042 1457 in
1080 1400 1259 1472 rigido
1296 1397 1518 1472 peciore
1558 1413 1701 1468 pone
1741 1409 1916 1468 caput.

593 1477 713 1533 Nec
740 1477 875 1532 finus
901 1477 1151 1531 admittat
1178 1473 1408 1545 digitos,
1447 1468 1713 1526 habilesve
1735 1469 1979 1543 papillae..

674 1551 871 1608 Oscula
906 1550 1193 1624 praecipue
1232 1548 1374 1603 nulla
1411 1543 1614 1600 dediffe
1653 1543 1804 1600 velis.

294 1748 397 1800 signa
417 1750 545 1788 liceret
573 1761 755 1800 reponere
781 1750 876 1790 salva
901 1761 958 1789 res
987 1747 1088 1788 esset.
1112 1748 1211 1787 forte
1229 1754 1358 1786 tamen

302 1802 498 1851 scripserit:

357 1862 464 1899 Verba
476 1862 687 1912 fisperciliis,
706 1863 782 1914 fine
798 1863 1114 1915 voceloquentibus
1127 1892 1136 1908 ‚
1160 1862 1307 1900 addam.

304 1926 378 1963 ‘Vel
408 1926 521 1964 edam.
558 1926 605 1964 fic
626 1928 846 1977 supercilium
874 1927 1014 1978 loquens
1043 1928 1080 1965 in
1112 1926 1272 1976 Epistola
1292 1926 1360 1964 Pa-

304 1977 413 2021 ridis,
442 1986 482 2015 ut
503 1990 593 2015 mox
613 1979 784 2018 vidimus.
805 1980 910 2018 &ita
929 1979 1056 2028 pafiim
1075 1978 1146 2017 alii.
1169 1986 1357 2027 praeterea

305 2040 399 2066 mox
427 2028 588 2078 sequitur
628 2030 737 2067 verba
771 2032 946 2080 proximo
979 2031 1083 2068 versu
1108 2059 1119 2075 ‚
1157 2030 1218 2067 ubi
1247 2028 1357 2065 verba

304 2088 391 2128 teges
415 2080 620 2118 Puteaneus
651 2084 786 2127 etiam,
816 2083 854 2120 &
880 2091 950 2119 tres
970 2081 1042 2119 alii.
1069 2081 1128 2118 sed
1150 2092 1357 2129 perperam.

303 2142 400 2179 quae
422 2131 521 2169 enim
542 2131 651 2168 verba
668 2132 824 2170 ducebat
844 2133 935 2170 vino
955 2145 1018 2182 per
1040 2132 1174 2181 digitos
1193 2132 1232 2169 in
1251 2142 1358 2169 men·

303 2183 357 2227 sa,
389 2193 430 2219 ea
449 2182 586 2231 legeret
605 2184 723 2221 amica
746 2185 833 2233 ejus.
860 2183 910 2221 fic
933 2196 962 2221 1.
984 2184 1066 2220 Art.
1085 2182 1176 2219 Am.
1198 2193 1282 2229 571.

355 2241 624 2294 Blanditiasque
647 2243 739 2280 leves
758 2244 854 2280 tenui
873 2241 1072 2291 perscribere
1090 2243 1175 2279 vino
1188 2270 1200 2287 ‚

407 2299 451 2330 Ut
473 2294 653 2332 dominam
673 2295 712 2331 in
730 2294 849 2344 mensa
857 2296 896 2343 se
914 2294 1002 2343 legat
1021 2292 1086 2330 illa
1107 2303 1223 2333 tuam.

305 2344 574 2385 BURMANNUS.
640 2354 642 2356 '

357 2419 427 2457 23..
448 2408 569 2446 Tacita
593 2409 684 2459 quod
713 2419 827 2446 mente
857 2408 1020 2461 loquaris.
1043 2408 1059 2459 ]
1089 2408 1261 2458 Qeraris
1281 2409 1362 2447 Ex-

307 2468 430 2507 cerpta
461 2458 630 2510 Scaligeri
657 2462 696 2498 ὃς
724 2461 902 2505 Puteani‚
931 2473 1017 2498 cum
1049 2462 1299 2510 Neapolitano
1321 2461 1361 2497 ὃς

308 2511 384 2548 aliis
411 2518 581 2559 quatuor.
609 2512 746 2549 Plinius
767 2511 828 2549 lib.
854 2525 908 2550 xx.
927 2524 1004 2560 cap.
1025 2524 1113 2549 va.
1141 2511 1198 2560 Est
1217 2512 1256 2548 in
1277 2525 1362 2548 aure

305 2560 384 2598 {md
411 2563 594 2599 memoriae
630 2562 720 2600 locus
740 2590 752 2609 ,
790 2576 898 2614 quam
928 2573 1105 2612 tangentes
1132 2562 1360 2610 antestamur.

309 2612 528 2650 Hermus.

360 2675 418 2709 24.
447 2665 601 2701 Pendeat
627 2664 831 2714 extrema]
873 2664 933 2702 Ab
962 2674 1126 2704 extrema
1154 2672 1256 2715 parte
1278 2663 1362 2702 infi-

310 2724 393 2749 mae
414 2716 597 2753 auriculae
617 2729 625 2753 :
656 2717 729 2754 huc
749 2717 843 2754 refer
862 2716 921 2754 illa
943 2717 1108 2755 Pliniana
1125 2716 1185 2754 lib.
1211 2729 1263 2753 XI.
1284 2728 1363 2765 cap.

309 2776 369 2811 45.
396 2764 451 2810 Est
473 2767 542 2813 post
571 2780 691 2803 aurem
721 2781 826 2819 aeque
854 2767 1017 2805 dextram
1048 2766 1217 2816 Nemesios
1247 2767 1362 2811 locus,

310 2827 375 2870 qno
405 2816 581 2861 referimus
614 2821 749 2855 tatium
778 2833 832 2856 ere
849 2819 1052 2869 proximum
1083 2832 1106 2855 a
1133 2818 1280 2855 minimo
1307 2818 1363 2855 di-

307 2876 421 2913 gitum
445 2893 455 2909 ,
494 2869 636 2904 veniam
662 2869 833 2917 firmanis
867 2884 890 2907 a
932 2870 1014 2907 Diis
1051 2869 1100 2907 ibi
1137 2869 1365 2908 recondentes.

313 2916 474 2954 DouzA.

364 2979 423 3011 27.
454 2971 568 3015 Tange
592 2981 703 3005 manu
731 2970 926 3021 menfizm.]
957 2978 1122 3009 Mentum
1141 2971 1286 3020 Lipfius
1303 2971 1364 3010 lib.

315 3029 371 3056 11.
395 3017 509 3054 Eiecst.
539 3030 615 3066 cap.
648 3031 699 3056 vx.
727 3032 929 3069 perperam.
959 3024 997 3059 δε
1026 3024 1200 3060 refutavit
1229 3024 1363 3060 merito

311 3068 524 3106 Desiderius
554 3069 735 3107 Hei-aldus
763 3072 808 3108 ad
836 3072 993 3109 Martial.
1015 3084 1106 3108 vm.
1130 3072 1252 3119 Epigr.
1276 3084 1361 3108 va.

313 3121 451 3158 Seneca
472 3120 706 3157 Controvers.
726 3121 788 3158 lib.
808 3134 859 3158 lx.
891 3128 932 3157 In
962 3121 1122 3157 convivio
1140 3121 1287 3167 constitit
1307 3135 1364 3157 ca-

312 3180 478 3214 tenatum.
498 3171 558 3220 qui
575 3184 652 3208 cum
674 3170 872 3220 languentes
889 3172 1061 3208 Praetoris
1080 3171 1187 3207 oculos
1207 3171 1338 3220 aspexit
1352 3200 1362 3215 ‚

313 3221 514 3268 existimans
541 3221 649 3270 ipsum
673 3222 842 3259 Praetoris
871 3222 1024 3269 beneficio
1045 3222 1204 3265 dimitti,
1229 3223 1366 3271 gratias

313 3271 366 3319 {sti
384 3285 478 3319 agere
491 3300 500 3316 ,
529 3284 571 3312 φ’
591 3271 744 3323 utrisque
761 3273 924 3311 manibus
943 3273 1099 3322 mensam
1118 3283 1257 3318 tenens,
1286 3273 1340 3310 Di
1353 3303 1365 3320 ‚

312 3323 453 3375 inq-uit,
480 3324 695 3362 immortales
724 3323 790 3364 tibi
806 3333 926 3376 parem
943 3325 1101 3375 gratiam
1123 3325 1289 3374 referant.
1316 3324 1366 3366 fic

1415 1795 1574 1836 Aeneid.
1592 1809 1661 1833 xix.
1682 1807 1766 1833 201.

1468 1853 1582 1896 Tango
1599 1859 1680 1883 aras
1693 1859 1703 1878 .·
1733 1843 1860 1882 medios
1876 1844 1967 1892 ignes
1983 1857 2024 1880 ac
2041 1845 2189 1882 numina
2209 1845 2317 1892 testor.

1414 1898 1475 1936 De
1507 1910 1584 1947 quo
1611 1898 1683 1935 ritu
1711 1895 1900 1944 complura
1932 1895 2074 1933 erudite
2103 1896 2270 1934 observat
2295 1897 2472 1939 Macron

1413 2203 1516 2242 serat.

1466 2267 1526 2299 29.
1555 2252 1711 2303 Sapia5.]
1739 2254 1812 2291 Pro
1834 2251 1870 2301 fi
1884 2251 2002 2302 sapias
2023 2269 2034 2289 :
2073 2260 2114 2290 ut
2141 2251 2239 2290 reete
2266 2253 2472 2293 Priscianus:
2509 2286 2511 2299 ,
2536 2268 2544 2287 1

1411 2305 1502 2343 illud
1522 2306 1771 2343 Horatianum
1798 2305 2056 2352 interpretatur
2078 2332 2088 2348 ,
2125 2305 2243 2354 sapias
2263 2332 2274 2349 ‚
2301 2305 2391 2342 vina
2420 2305 2470 2342 lio
2550 2315 2553 2322 ¹

1414 2370 1506 2408 ques.
1523 2357 1584 2394 lib.
1609 2370 1640 2394 1.
1663 2356 1739 2394 Od.
1760 2368 1806 2392 11.
1834 2356 1871 2392 δὲ
1892 2355 1983 2392 Pers.
2004 2356 2074 2392 Sat.
2095 2368 2131 2392 v.

1465 2411 1632 2457 Quaeque
1641 2416 1748 2457 puer,
1769 2406 1885 2455 sapias
1898 2435 1909 2452 ‚
1936 2405 2006 2443 Dis
2024 2405 2266 2457 depellentibus
2285 2420 2423 2456 agnam*

1468 2465 1620 2496 Percute.
1676 2460 1887 2496 HfiiNsxus.

1417 2510 1496 2554 Ita,
1525 2512 1636 2548 etiam
1667 2510 1828 2548 adducto
1855 2509 2007 2547 Horatii
2034 2507 2148 2553 loco,
2176 2509 2296 2546 Dom.
2327 2492 2469 2548 Marius·
2545 2520 2553 2543 ε

1416 2563 1569 2611 accepit.
1604 2561 1679 2599 vid.
1710 2561 1807 2611 Lips.
1839 2573 1871 2598 1.
1900 2561 1991 2598 Ant.
2022 2560 2128 2598 Lect.
2164 2573 2222 2597 20.
2260 2560 2391 2598 Fabrit.
2416 2558 2465 2599 ad·=

1419 2613 1540 2650 Cicer.
1567 2626 1632 2651 111.
1659 2612 1737 2650 Off.
1772 2625 1828 2661 19.
1859 2613 1898 2649 ὅ(
1927 2612 2087 2650 Broukh.
2114 2612 2159 2649 ad
2186 2611 2312 2649 Tibul.
2336 2624 2366 2648 1.
2391 2622 2467 2649 vu..
2540 2621 2552 2643 f

1417 2676 1478 2714 43.
1506 2665 1588 2702 infr.
1609 2678 1672 2702 111.
1694 2666 1888 2702 Amor-11.
1908 2675 1944 2709 9.
1973 2664 2012 2700 &
2036 2675 2065 2700 1.
2090 2664 2170 2700 Art.
2195 2674 2279 2709 277.
2306 2662 2444 2701 Burin..

1473 2727 1531 2765 30.
1561 2715 1740 2765 Leviter.]
1770 2714 1858 2752 Vid.
1876 2713 1922 2751 ad
1941 2714 2089 2761 Ep.111.
2108 2725 2200 2751 vers.
2220 2713 2278 2751 80.

1472 2778 1531 2816 30.
1562 2766 1634 2816 Ipsa
1655 2766 1788 2816 voles.]
1818 2765 1906 2802 Velis
1924 2768 2013 2801 octo
2032 2765 2123 2802 libri.
2153 2766 2363 2802 Hemsms.

1473 2829 1531 2866 33.
1559 2818 1594 2854 Si
1612 2817 1676 2855 tibi
1686 2817 1809 2867 stiria]
1832 2814 2055 2864 Legendum
2077 2816 2126 2853 est
2139 2844 2148 2861 ‚
2153 2818 2270 2863 ferte,
2292 2815 2466 2855 omninot.
2537 2823 2540 2835 '

1419 2869 1601 2907 Manius.

1472 2932 1531 2970 33.
1560 2922 1655 2969 Qos
1674 2917 1956 2969 praegustaverit.
1977 2916 1992 2966 ]
2030 2917 2136 2966 {Quod
2156 2918 2359 2956 Puteaneus
2377 2927 2468 2955 cum»
2544 2963 2553 2971 ἣ

1417 2971 1492 3010 aliis
1513 2972 1709 3009 nonnullis.
1732 2971 1943 3006 Hfistius.
1972 2969 2019 3005 Et
2035 2970 2084 3006 ita
2108 2967 2425 3006 Francofurtenfis.

1471 3035 1531 3071 35.
1559 3028 1631 3057 Nec
1643 3030 1782 3070 premat
1805 3020 1957 3067 indignis
1974 3017 2082 3068 finito
2104 3030 2166 3056 tua
2186 3019 2271 3056 colla
2290 3017 2432 3055 lacertis.

1419 3073 1510 3110 Non
1538 3083 1733 3109 moverem
1766 3071 2054 3108 controverliam
2083 3072 2169 3108 huic
2195 3070 2369 3113 leetioni,
2393 3015 2459 3105 niti
2532 3077 2553 3082 ‘⁴

1418 3123 1598 3159 variarent
1628 3122 1796 3165 codices,
1824 3134 1987 3170 quorum
2015 3134 2092 3171 pars
2120 3133 2276 3170 magna,
2304 3126 2374 3156 Nec
2388 3127 2461 3167 pre.-

1418 3183 1496 3210 mat
1513 3173 1570 3209 ille
1583 3172 1670 3221 sais.
1693 3174 1864 3210 meliores
1882 3185 2006 3211 tamen
2020 3201 2031 3218 ,
2054 3179 2126 3210 Nec
2138 3182 2275 3222 premat
2293 3166 2470 3220 impofitis..
2549 3186 2553 3208 1

1420 3223 1532 3262 reete.
1559 3224 1625 3272 Ep.
1650 3225 1784 3262 Paridis
1799 3253 1808 3268 ‚
1829 3237 1914 3272 219.

1472 3275 1627 3313 Paenitet
1644 3274 1778 3324 hospitii
1791 3304 1802 3320 ,
1830 3289 1908 3311 cum
1928 3289 1983 3312 me
1994 3274 2166 3324 spectante
2184 3274 2326 3312 lacertos

1528 3326 1677 3376 ,Imperat
1697 3325 1778 3365 collo
1796 3326 1939 3376 rusticus
1954 3325 2012 3364 ille
2031 3335 2112 3365 tuo..
2366 3371 2464 3411 Infra

2297 1617 2470 1677 Oscu-

1415 1745 1454 1783 &
1474 1755 1573 1782 aram
1590 1741 1789 1793 tangebant
1808 1748 2006 1792 precantes.
2029 1740 2180 1781 Turnus
2199 1743 2295 1793 apud
2312 1746 2470 1786 Maroni
2510 1755 2553 1794 m:

2512 1898 2553 1942 lea

1413 1949 1555 1986 Saturn.
1576 1961 1637 1985 111.
1659 1959 1735 1996 cap.
1758 1959 1824 1983 111.
1852 1946 1975 1983 mensa
2006 1948 2107 1984 enini
2142 1947 2370 1996 epulantibus
2396 1961 2470 1998 pro·
2524 1962 2553 1998 επ

1413 2011 1473 2037 ara
1501 2000 1580 2037 fuit.
1607 1999 1695 2035 hinc
1725 1999 1763 2035 &
1792 1998 1879 2034 vina
1909 1997 1947 2034 in
1979 1998 2142 2035 mensam
2169 1998 2382 2037 libabantur.
2416 2000 2470 2039 der
2510 2002 2534 2038 ,ἰ

1412 2062 1490 2100 quo
1518 2051 1588 2088 ritu
1618 2049 1719 2087 idem
1750 2048 1918 2085 Macrob.
1945 2048 2006 2085 lib.
2036 2062 2098 2085 111.
2123 2061 2204 2097 cap.
2225 2061 2276 2086 xr.
2299 2050 2469 2100 sequenti·

1410 2101 1515 2140 versu
1540 2101 1646 2150 lege,
1676 2099 1838 2149 optaris,
1867 2111 1952 2136 cum
1983 2111 2060 2137 uno
2091 2099 2287 2137 Vaticano.
2318 2103 2468 2141 Heme
2527 2131 2530 2135 -

1412 2154 1574 2190 Senecae
1592 2153 1721 2189 locum
1744 2151 1879 2188 Douza
1906 2162 2059 2201 quoque
2088 2151 2208 2189 codici
2226 2150 2291 2189 suo
2311 2153 2471 2203 adscrip-
2509 2183 2527 2211 Ι,
2545 2168 2553 2189 .·
