2553 3676
14 1010 15 1064 1

12 1220 16 1287 l

311 202 685 259 ARTIS
758 196 1527 262 AMATORIAE
1602 229 1775 269 LIB.
1848 217 1886 272 Ι.

2100 209 2194 278 583

361 293 434 348 Et
458 293 840 366 quodcumque
865 285 970 339 cibi
997 285 1179 357 digitis
1206 290 1445 350 libaverit
1471 295 1582 361 illa,

432 367 524 420 Tu
547 375 696 433 pete:
739 359 978 430 dumque
1004 372 1189 431 peteS‚
1226 362 1287 414 fit
1311 366 1407 420 tibi
1433 369 1566 424 tafiia
1589 388 1788 428 manus.

355 439 471 494 Sint
496 438 656 487 etiam
683 444 771 485 tua
797 444 922 485 vota
946 432 1063 486 viro
1091 433 1339 504 placuisse
1363 441 1580 509 puellae.

208 512 310 578 580

418 505 615 560 Utilior
646 503 784 557 votis
818 503 983 560 sacius
1010 507 1208 560 amicus
1246 508 1363 562 erit.

347 578 529 641 HuiC‚
555 576 592 631 fi
616 576 757 631 sorte
782 576 959 642 bibes,
996 579 1196 634 sortem
1217 581 1460 636 concede
1484 584 1747 655 priorem:

419 650 570 707 Huic
595 649 754 703 detur
778 650 938 723 capiti
963 651 1179 725 dempta
1202 673 1405 709 corona
1431 667 1542 710 tuo,

351 723 474 779 Sive
498 722 559 776 fit
581 722 831 786 inferior,
868 723 959 778 seu
983 742 1104 797 par,
1140 727 1288 798 prior
1313 728 1492 784 omnia
1526 730 1721 784 sumat:

420 797 544 851 Neu
569 795 780 849 dubites
805 796 881 851 illi
907 797 1069 852 verba
1094 800 1324 854 secunda
1350 802 1514 873 loqui.

208 869 307 939 585
345 869 493 925 Tuta
518 868 878 942 frequensque
901 871 986 924 via
1011 871 1114 936 est,

1149 890 1245 945 per
1269 873 1499 928 amicum
1527 874 1707 929 fallere
1733 890 1962 932 nomen.

421 942 569 997 Tuta
592 941 954 1017 frequensque
978 944 1103 999 licet
1130 947 1190 1001 fit
1215 946 1329 1009 via;
1369 946 1575 1000 crimen
1600 946 1775 1002 habet.

347 1012 478 1072 Inde
502 1029 821 1087 procurator
844 1017 1072 1071 nimium
1095 1036 1315 1092 quoque
1340 1020 1504 1074 multa
1529 1032 1808 1094 procurat,

420 1087 496 1145 Et
519 1087 612 1145 fibi
636 1090 894 1146 mandatis
916 1090 1065 1163 plura
1089 1092 1326 1148 videnda
1347 1104 1514 1166 putat.

12 1289 16 1366 1
52 1314 111 1365 pit·
123 1316 307 1366 poculum3
343 1329 383 1354 ac
408 1314 543 1365 desuper
569 1327 666 1366 aqua
682 1312 798 1352 calida
823 1312 940 1362 infusa
955 1312 1101 1362 porrigit

14 1373 15 1377 ’
60 1365 100 1406 'iat
118 1367 233 1405 bibam
247 1397 257 1412 ,
285 1368 386 1418 idque
403 1367 530 1404 modico
544 1368 643 1416 prius
656 1394 667 1411 ‚
689 1378 797 1416 quam
817 1374 930 1401 totum
950 1364 1103 1413 exfiarbe·

0 1437 4 1449 ·
60 1433 131 1457 rem
148 1419 326 1456 clementer
346 1417 511 1462 mvadit‚
538 1430 580 1454 ac
599 1417 758 1454 reliaum
774 1415 951 1466 paulatim
969 1415 1103 1453 labellis

0 1497 5 1509 .
61 1471 239 1513 minuens,
277 1483 395 1520 meque
421 1467 592 1518 respiciens
610 1466 773 1517 fhrbillat
810 1466 968 1505 dulciter,
1015 1467 1101 1505 vide

65 1523 187 1571 Epigr.
207 1522 390 1558 Graecum
414 1521 452 1557 in
477 1520 635 1557 Anthol.
653 1518 756 1568 quod
775 1530 845 1568 ego
866 1519 959 1555 verti
973 1518 1104 1562 ,&cui

5 1589 13 1611 r
60 1574 183 1611 titulus
206 1572 252 1609 est
269 1600 283 1616 ,,
300 1571 406 1608 Haud
427 1571 513 1607 meri
535 1584 588 1618 ego
611 1570 761 1619 cupidus.
813 1570 973 1608 DouzA.

114 1624 196 1672 576.
223 1621 374 1671 Quique
396 1620 512 1671 hibin]
543 1619 640 1657 Bibet
658 1621 832 1669 potiores.
854 1622 892 1657 &
909 1621 1100 1666 Juretico-

58 1674 130 1712 dex
152 1685 235 1711 cum
262 1672 475 1722 quibusdam
501 1672 577 1709 aliis
598 1699 609 1716 ,
646 1680 687 1708 tu
719 1684 848 1721 quoque
866 1679 967 1720 parte
994 1669 1102 1710 bibas.

2 1728 5 1732 ⁴
59 1733 101 1763 ut
122 1723 280 1773 Epistola
302 1723 491 1760 Helenae:

289 1774 392 1810 Modo
403 1772 526 1822 pocula
539 1771 701 1822 proxima
718 1770 813 1808 nobis

109 1826 221 1863 Sumis
234 1853 244 1869 ,
271 1838 407 1874 quaque
426 1823 518 1869 bibi,
544 1834 584 1859 tu
604 1836 734 1872 quoque
747 1832 848 1872 parte
869 1822 966 1860 bibis.

58 1877 269 1915 Ham-mus.

111 1941 192 1976 577.
219 1932 265 1964 Et
284 1938 518 1977 quemcunque
539 1923 694 1973 cibum.]
722 1924 841 1962 Probe
861 1925 898 1962 in
927 1936 1004 1963 uno
1025 1925 1104 1963 Va-

56 1979 203 2023 ticano,
232 1984 278 2015 Et
299 1978 520 2027 quodcunque
540 1974 616 2013 cibi.
652 1975 700 2014 fic
728 1975 915 2014 Remedio
946 1976 1099 2014 Amoris

58 2041 105 2068 ex
123 2030 279 2079 antiquis
298 2029 392 2065 libris
422 2041 504 2076 514.

106 2108 206 2116 ....-.
235 2079 470 2129 Qodcunque
486 2079 524 2114 in
545 2086 670 2127 corpore
688 2076 831 2114 mendae
849 2077 903 2124 est.
957 2077 974 2115 I
981 2090 1074 2115 DEM.

107 2132 191 2179 578.
218 2131 269 2166 Sit
286 2129 351 2166 tibi
371 2132 465 2165 tastu
482 2129 638 2178 masma]
666 2129 755 2165 Hoc
771 2128 833 2165 sub
845 2128 961 2177 specie
979 2129 1101 2178 aliqua

56 2181 174 2220 solent
200 2189 381 2219 amatores
401 2180 532 2217 facere.
551 2179 680 2216 Tibul.
705 2191 736 2217 1.
756 2179 859 2228 Eleg.
882 2191 954 2215 v11.
977 2191 1038 2227 25.

106 2238 204 2282 Saepe
220 2231 319 2268 velut
331 2244 485 2278 gemmas
503 2230 574 2278 ejus
584 2228 769 2279 fignumve
783 2229 961 2279 probarem
973 2258 985 2275 ‚

157 2290 222 2320 Per
241 2282 388 2330 cauffetm
406 2280 550 2317 memini
569 2294 624 2317 me
639 2280 776 2329 tetigiffe
797 2294 956 2319 manum.

107 2334 193 2383 580.
220 2333 342 2370 Utilior
367 2331 495 2381 votis.]
526 2330 622 2368 Vobis
653 2332 790 2380 Regius
819 2331 953 2381 aliique
980 2332 1099 2371 multi.

56 2385 269 2422 Hnmsms.
298 2383 358 2420 sed
369 2395 454 2420 cum
467 2383 595 2419 omnia
614 2382 868 2430 praecedentia
889 2384 927 2419 &
944 2382 1099 2432 sequen-

53 2437 104 2472 tia
128 2435 271 2470 tertiam
293 2433 484 2480 personam
503 2432 685 2479 singularis
710 2433 855 2470 numeri
880 2434 981 2471 exhil:
991 2443 1098 2479 emt,

0 2494 7 2502 ⁹
57 2485 144 2521 hinc
166 2495 242 2520 non
265 2483 342 2520 satis
355 2483 536 2530 eleganter
548 2481 881 2531 vobisinterjicitur.
904 2484 994 2519 votis
1007 2497 1097 2522 vero

58 2535 239 2583 eleganter
252 2530 550 2580 repetitur.verbis
564 2532 697 2579 Regius
708 2532 939 2582 codex3quae
950 2533 974 2570 si
984 2546 1096 2583 quem

60 2584 250 2622 offendant
264 2612 272 2626 ,
292 2584 412 2631 legere
431 2581 562 2630 pofl‘et,
582 2581 700 2618 utilior
718 2583 840 2628 furtis.
869 2584 922 2621 lta
933 2585 1039 2630 furta
1060 2586 1099 2622 ὃς

58 2645 144 2671 vota
156 2633 402 2672 confuderunt
419 2633 551 2671 scribae
568 2632 631 2670 lib.
650 2647 700 2670 ix.
711 2634 805 2671 Met.
828 2645 908 2682 557.
920 2636 957 2672 ὃς
972 2635 1099 2673 Heins.

26 2691 28 2711 ¹
58 2686 142 2724 infr.
159 2697 250 2722 vers.
270 2686 354 2731 671.
377 2696 444 2733 pro
463 2694 543 2720 voto
564 2685 784 2733 conjiciebat
797 2686 920 2732 furto,
958 2685 1020 2724 sed
1047 2687 1098 2724 1111

56 2736 145 2775 loco
165 2747 243 2772 non
262 2735 339 2773 satis
356 2735 652 2773 accommodate.
678 2735 808 2773 BURM.

113 2786 196 2835 581.
225 2786 311 2822 Huic
323 2784 458 2834 stforte
477 2785 609 2836 bibas]
639 2787 673 2823 si
686 2787 779 2834 fhrte
799 2787 1001 2825 Puteani&
1016 2787 1099 2825 Sca-

28 2830 29 2880 ]
58 2838 163 2886 ligeri
186 2843 361 2883 excerpta.
381 2849 478 2874 vere.
505 2846 639 2875 notum
665 2838 752 2879 illud
768 2867 778 2882 ‚
809 2845 879 2875 Nec
899 2851 1001 2887 regna
1019 2838 1101 2874 vini

53 2888 194 2937 sortiere
215 2886 308 2922 talis.
332 2895 412 2924 tum
443 2889 480 2924 &
502 2888 574 2924 hoc
597 2915 607 2930 ‚
643 2890 759 2935 chm
790 2895 898 2925 Venus
923 2889 1100 2925 arbitrum

60 2938 148 2974 dicet
169 2936 315 2973 bibendi.
366 2937 424 2972 De
442 2938 524 2986 lege
555 2938 702 2976 Talaria
735 2940 996 2976 conviviorum
1019 2940 1100 2989 jam

61 2988 205 3026 abunde
225 2985 458 3024 disseruerunt
477 2989 647 3026 homines
671 2990 811 3027 eruditi.
842 2991 982 3028 Heius.

117 3039 198 3085 582.
227 3038 342 3086 Capiti
363 3035 458 3084 missa
476 3050 592 3073 corona
611 3040 707 3087 tum]
737 3047 866 3077 Demttz
896 3053 1016 3077 corona
1035 3041 1101 3087 Ju-

31 3132 33 3149 ;
64 3091 130 3176 retfi
160 3088 305 3176 clodex‚
333 3085 607 3174 8Α1111310111111115
633 3100 723 3126 unus
751 3093 789 3129 &
822 3093 1120 3142 Neapolitanuss

65 3149 102 3177 m
121 3152 156 3176 ra
190 3169 196 3175 .
219 3152 264 3175 11.
287 3151 327 3187 52
360 3167 366 3174 .

118 3195 161 3226 Et
180 3189 282 3239 capiti
302 3190 436 3225 demtus
457 3187 579 3233 infore
591 3196 676 3237 pone
697 3190 802 3237 rosas.-

68 3240 161 3278 Met.
175 3244 327 3278 XV.()10.
349 3239 466 3276 fabula
486 3240 590 3287 Cipi:

117 3292 300 3329 hle-demta
319 3290 419 3341 capiti
434 3317 443 3337 ,
450 3291 569 3341 populo
581 3289 777 3340 prohibente
791 3319 802 3339 ,
815 3304 966 3341 cermag-

2036 1167 2211 1233 Certa

1155 1315 1314 1364 Epistola
1343 1328 1416 1355 xxx.
1434 1328 1496 1355 20.

1206 1372 1338 1404 Demta
1354 1369 1472 1415 forent
1493 1366 1597 1418 capiti
1616 1380 1724 1418 quam
1743 1367 1841 1405 mala
1861 1366 1977 1405 multa
1998 1381 2082 1407 meo.

1157 1418 1287 1456 Livius
1316 1419 1378 1456 lib.
1407 1431 1530 1457 xxvn.
1560 1431 1638 1469 cap.
1672 1430 1732 1470 33.
1766 1419 1925 1457 demtum
1948 1419 2220 1470 capitiinsignez-

1157 1469 1290 1507 Noster
1311 1469 1420 1518 Epist.
1437 1483 1508 1508 ΧΠ.
1533 1471 1614 1519 156.
2200 1470 2202 1472 ’

1208 1526 1371 1570 Sertaque
1390 1519 1572 1571 compositis
1585 1521 1716 1559 demere
1735 1530 1836 1571 rapta
1855 1521 1968 1560 comis.

1156 1571 1228 1608 Pro
1248 1572 1394 1621 vulgata
1417 1580 1544 1610 tamen
1571 1572 1733 1611 lectione
1754 1573 1914 1616 faciunt,
1957 1584 2054 1622 quae
2072 1575 2219 1615 notavi·

1157 1621 1246 1659 Fast.
1264 1635 1309 1659 11.
1332 1622 1390 1666 35⁷5.
1410 1623 1653 1671 634Hssins.
1678 1624 1814 1661 Douza
1831 1623 2008 1661 retinebat
2029 1624 2141 1673 missa,
2161 1627 2202 1664 &

1156 1673 1380 1721 explicabat,
1409 1685 1587 1712 coronam
1615 1683 1682 1712 tuo
1706 1675 1824 1723 -capiti
1851 1683 2012 1721 paratam
2048 1675 2205 1714 destina-

1156 1731 1307 1773 tamque
1323 1724 1374 1761 illi
1393 1725 1568 1773 impone,
1596 1733 1772 1774 tanquam
1789 1724 1985 1762 meliorem
2006 1726 2205 1775 acdignio·

1157 1786 1237 1811 rem
1263 1774 1444 1812 demereri
1464 1787 1624 1825 cuperes.
1659 1777 1758 1826 missa
1784 1787 1904 1813 corona
1930 1776 2042 1814 etiam
2072 1776 2134 1815 lib.
2160 1790 2207 1818 11,

1156 1825 1239 1863 Art.
1259 1826 1344 1875 269.

1210 1876 1294 1926 583.
1320 1877 1419 1915 Prior
1440 1878 1557 1915 omnia
1570 1877 1734 1927 suman]
1765 1876 1895 1914 omina
1917 1877 2085 1927 Scaliger.
2101 1879 2204 1930 cujus

1158 1935 1199 1964 ut
1219 1930 1256 1965 &
1275 1928 1389 1975 Jureti
1408 1930 1527 1967 codex
1547 1929 1710 1978 sequenti
1732 1928 1834 1966 versu
1847 1956 1857 1973 ,
1884 1934 1963 1965 Neu
1975 1929 2121 1968 dubites.
2135 1943 2204 1980 pro

1151 1976 1225 2027 five
1251 1979 1315 2015 erit
1342 1980 1482 2026 inferior
1512 1981 1648 2030 Regius
1666 1979 1864 2017 mendose:
1887 1977 1921 2028 fi
1946 1980 2047 2018 velit.
2077 1982 2204 2032 Lege,

1148 2027 1225 2079 five
1248 2029 1298 2074 fit.
1326 2039 1437 2079 atque
1454 2033 1503 2068 ita
1525 2031 1655 2069 decem
1677 2031 1806 2080 scripti.
1860 2030 2074 2069 HE1N31US.

1211 2081 1292 2129 584.
1321 2080 1427 2117 Verba
1441 2082 1592 2130 secunda
1619 2081 1747 2131 loqui.]
1776 2081 1943 2117 Proxima
1970 2081 2077 2119 verba
2103 2083 2207 2122 Pala*

1157 2131 1266 2168 tinus.
1294 2132 1411 2169 male:
1442 2133 1490 2169 est
1510 2132 1608 2170 idem
1631 2132 1733 2181 quod
1760 2132 1960 2170 Terentius
1988 2134 2123 2171 Heaut.
2149 2146 2204 2172 iv,

1158 2193 1211 2218 vr.
1234 2194 1291 2218 22.
1314 2184 1352 2219 δε
1377 2182 1536 2231 Adelph.
1558 2197 1594 2220 v.
1622 2196 1674 2221 1x.
1704 2194 1762 2232 37.
1797 2182 1890 2220 dixit
1917 2182 2138 2232 obsecundare
2163 2184 2203 2221 in

1156 2232 1247 2277 loco,
1276 2244 1353 2270 non
1371 2233 1643 2279 contradicere,
1670 2245 1741 2271 nec
1770 2233 1946 2271 adversari
1956 2248 1967 2277 3
2004 2234 2063 2271 sed
2091 2232 2204 2271 afferi-2

1155 2284 1221 2320 tari
1253 2285 1290 2321 ὅς
1323 2284 1399 2333 ejus
1432 2284 1632 2322 sententiae
1662 2284 1847 2322 accedere.
1876 2285 1929 2322 Ita
1955 2295 2000 2322 11.
2032 2285 2113 2320 Art.
2144 2285 2205 2331 64.
2274 2304 2278 2309 ·

1155 2333 1272 2379 dixit,
1293 2334 1374 2370 vela
1386 2334 1555 2384 secunda.⁴
1580 2336 1653 2373 alio
1683 2336 1783 2373 sensu
1802 2335 1909 2372 verba
1934 2334 2086 2383 secunda
2112 2334 2221 2371 Pro-⁷

1153 2393 1242 2433 pert.
1266 2398 1494 2433 111.X11.42.
1522 2388 1560 2424 &
1579 2387 1677 2424 red'te
1702 2388 1835 2423 Douza
1863 2387 2019 2433 asequor
2049 2384 2201 2423 deduxit

1155 2436 1263 2473 verba
1276 2436 1450 2485 secunda,
1479 2439 1596 2486 prima
1616 2439 1715 2475 enim
1740 2437 1964 2485 dignioribus
1985 2435 2140 2472 concedi
2160 2446 2203 2474 ac

1152 2487 1262 2524 tribui
1278 2488 1406 2525 solent.
1434 2488 1537 2537 quod
1558 2489 1666 2525 scriba
1689 2488 1768 2530 ille,
1807 2487 1870 2535 qui
1883 2485 2044 2535 proxima
2070 2486 2222 2533 suppo->

1154 2536 1567 2586 suit,ignoravit‚1nale
1591 2540 1701 2575 etiam
1722 2538 1891 2574 Francius
1912 2536 2097 2580 tentabat,
2122 2549 2220 2582 ver-j

1153 2585 1198 2622 lm
1218 2589 1365 2624 minora.
1393 2600 1487 2637 quae
1507 2589 1579 2625 huc
1598 2589 1687 2625 nihil
1708 2589 1855 2625 faciunt.
1883 2587 2149 2624 BURMANNUs.

1206 2637 1287 2686 585.
1316 2645 1407 2674 Tuta
1417 2637 1645 2689 frequensque
1664 2638 1725 2674 via
1744 2638 1787 2685 est
1801 2647 1860 2687 per
1876 2638 1981 2673 amici
1994 2636 2120 2684 fallere
2137 2641 2223 2673 nea*

1154 2689 1269 2738 mem]
1300 2689 1383 2726 Fuit
1403 2701 1487 2726 cuin
1505 2718 1514 2733 ,
1535 2691 1632 2725 Trita
1644 2690 1873 2738 frequensque
1890 2688 1953 2724 via
1972 2688 2014 2735 est
2033 2689 2203 2736 opinarer

1152 2739 1364 2787 legendum.
1394 2741 1505 2777 Nunc
1526 2741 1613 2776 nihil
1628 2749 1744 2776 muto.
1774 2739 1838 2776 nili
1859 2739 1959 2789 quod
1977 2739 2131 2775 amicum
2143 2751 2204 2775 no-

1152 2803 1232 2827 men
1263 2803 1349 2828 cum
1382 2791 1510 2828 codice
1539 2791 1681 2828 Patricii
1711 2791 1810 2837 Junii
1840 2791 1877 2827 ὃς
1909 2801 1986 2828 uno
2018 2790 2222 2827 Vaticand

1154 2841 1370 2889 ampiestor.
1400 2841 1572 2878 Manilius
1594 2841 1617 2876 1.
1639 2854 1680 2878 11.
1702 2844 1786 2889 634.

1204 2911 1267 2919 —-
1297 2892 1369 2928 Illis
1393 2892 1507 2940 (fhepe
1526 2891 1568 2937 est
1587 2904 1671 2928 nam
1684 2891 1851 2939 fitbdelus
1878 2890 1994 2939 astus)

1204 2942 1346 2991 Scorpios
1364 2942 1504 2990 aspergit
1527 2955 1633 2978 noxas
1644 2942 1711 2990 sub
1730 2943 1866 2979 nomine
1893 2943 2014 2979 amico.

1155 2993 1232 3030 Ubi
1256 3005 1445 3042 perperam
1464 2994 1519 3030 vir
1551 3004 1720 3040 magum,
1762 2994 1898 3030 nomine
1927 2993 2032 3030 amici
2056 2991 2218 3039 reponit'

1155 3055 1200 3082 ex
1220 3044 1348 3081 codice
1371 3043 1637 3080 Gemblacensi.
1675 3056 1741 3092 pro
1762 3042 1927 3092 subdolus'
1952 3046 2047 3079 aetus
2074 3052 2218 3077 e1nen-·

1157 3094 1265 3139 davi,
1302 3093 1403 3141 astus.
1431 3094 1479 3131 fic
1511 3108 1637 3143 ungues
1663 3095 1788 3131 amicos
1808 3095 1897 3132 dixit
1918 3091 2099 3141 Juvenalis
2126 3090 2220 3127 Sat.-

1155 3157 1193 3183 ν.
1215 3154 1254 3183 ut
1276 3146 1313 3182 in
1333 3143 1505 3183 Leidensi
1525 3145 1653 3183 codice
1673 3146 1826 3194 legitur:

1615 3196 1730 3243 Custos
1756 3195 1892 3242 adfixus
1909 3192 2033 3228 ibidem

1212 3244 1287 3291 {Qui
1310 3256 1465 3281 numeret
1479 3260 1654 3295 gemmas,
1682 3248 1871 3293 unguesque
1892 3242 2039 3289 observet
2061 3241 2196 3279 amicos,
2214 3264 2218 3268 ·

1163 3297 1284 3343 ,Festus
1316 3295 1482 3336 amicum.
1516 3298 1597 3335 Art.
1625 3306 1709 3344 737.
1744 3304 1870 3332 ventus
1894 3293 2026 3330 amicus
2060 3292 2218 3382 Nffiro

2159 3351 2230 3382 teta--
