2553 3676
651 187 716 242 H
749 183 799 236 E
837 182 893 235 R
930 180 982 234 O
1019 179 1042 233 I
1075 179 1130 234 D
1166 180 1215 234 E
1254 181 1304 234 S.

358 279 480 334 Sive
505 275 695 328 abeunt
719 268 885 322 studia
909 267 964 319 in
990 283 1195 330 moreS‚
1232 280 1478 340 artesque
1500 270 1804 340 magistrae3

1380 201 1411 235 E
1449 203 1492 236 P.
1567 201 1664 239 xv.
2096 204 2202 254 205

427 344 701 415 Ingenium
726 339 877 393 nobis
905 339 1065 392 molle
1092 339 1282 392 Thalia
1306 340 1447 394 facit.

63 676 206 715 litatum
226 673 421 713 crediderim
434 701 444 718 ,
473 686 549 709 cum
568 673 640 723 ejus
661 686 772 711 comas
784 703 794 718 ‚
823 686 909 725 quas
929 673 998 721 istis
1017 685 1094 710 ma-

63 728 162 766 nibus
179 727 259 764 meis
268 725 414 774 subinde
432 737 532 762 aureo
553 726 660 762 nitore
671 725 875 774 perstrinxi,
888 724 1069 774 der-aserim
1081 741 1092 761 .-

59 778 204 828 pinnas,
232 790 315 826 quas
334 789 404 811 meo
416 775 542 824 gremio
562 777 706 812 neffarei
715 776 828 823 fbntis
847 775 970 822 infeci,
993 784 1094 824 prae-

62 828 274 865 totonderim.
304 826 422 863 Verba
448 826 528 863 sunt
550 826 704 864 Veneris
730 825 775 863 de
799 825 982 874 Cupidine
1011 828 1094 874 qui-

62 879 207 916 ritantis.
227 877 284 914 sed
301 876 389 926 quid
407 876 470 914 sibi
486 877 618 914 volunt
637 877 698 914 ista
711 904 721 921 ‚
740 889 840 912 aureo
857 876 965 912 nitore
982 889 1093 913 comas

53 928 269 979 perstringere
288 937 303 965 ,ἓ
338 926 424 976 quid
446 955 456 971 ‚
485 928 613 976 pinnas
638 927 770 975 inficere
793 927 920 975 gremio
947 927 1093 963 nectarei

55 979 181 1026 fontis?
195 979 341 1026 Opinor
350 983 475 1014 Aravo
485 989 551 1026 pro
562 976 681 1014 Arabo
694 978 863 1026 scriptum
876 976 996 1026 primo
1008 977 1092 1014 fuis-

59 1028 108 1074 se,
118 1028 270 1066 solemni
289 1041 408 1066 errore
421 1057 430 1073 ‚
444 1038 552 1077 atque
572 1028 656 1066 inde
674 1042 774 1065 aureo
794 1028 944 1066 facium.
970 1028 1093 1066 Totus

59 1079 167 1129 igitur
190 1079 292 1117 locus
320 1079 367 1116 fic
399 1079 672 1116 concinnandas
701 1079 874 1124 videtur,
903 1084 994 1115 Cum
1021 1079 1093 1126 ejus

2 1171 4 1174 ‚
61 1141 170 1170 comas
183 1157 192 1175 ,
214 1143 299 1180 quas
314 1129 383 1176 istis
401 1129 563 1166 manibus
578 1130 659 1166 meis
673 1129 821 1179 subinde
838 1129 958 1166 Arabo
977 1129 1093 1165 nidore

52 1180 227 1230 perunxi,
255 1179 438 1228 deraserim
459 1197 469 1216 :
501 1181 653 1230 pinnas,
681 1194 767 1231 quas
794 1180 860 1217 mei
884 1180 1006 1228 gremii
1034 1193 1091 1216 ne-

59 1232 166 1268 &areo
187 1232 267 1278 fhtu
293 1232 420 1278 refeci,
451 1231 748 1280 praetotonderim.
794 1228 915 1268 Poffet
951 1231 989 1267 &
1021 1230 1094 1279 legi

58 1293 163 1318 aurae
182 1286 268 1317 ane
289 1281 412 1318 nidore.
432 1282 477 1319 de
495 1293 572 1331 quo
592 1282 732 1320 dietum
753 1282 848 1318 Met.
871 1293 929 1318 xv.
945 1280 998 1323 xis.
1011 1292 1093 1330 394.

0 1375 2 1380 ‚
57 1331 117 1371 sed
146 1332 297 1369 alterum
327 1334 484 1370 omnino
520 1332 679 1381 praestat.
708 1332 754 1369 de
794 1331 884 1368 Ifide
914 1331 1006 1368 libro
1041 1344 1093 1369 XI.

0 1399 2 1411 ι
57 1381 194 1430 Spirans
213 1381 369 1419 Arabiae
384 1383 498 1430 felicis
514 1383 684 1431 germina.
707 1382 844 1419 Florid.
863 1381 924 1418 lib.
949 1394 979 1418 1.
1001 1381 1092 1417 Odo-

0 1463 2 1468 ,
57 1445 137 1468 rum
165 1432 291 1469 divites
321 1434 464 1471 Arabes.
491 1434 599 1471 habes
619 1432 715 1482 apud
734 1432 879 1469 Festum
896 1432 1066 1480 adagium
1081 1460 1091 1476 ‚

56 1481 207 1520 Arabice
244 1483 337 1520 olere.
384 1484 480 1534 apud
514 1485 676 1522 Graecos
716 1483 1090 1531 Paroemiographos,

2 1543 3 1565 1
59 1535 123 1572 τῆν
142 1534 224 1573 ὅλην
240 1529 404 1580 Ἀραβίαν
431 1535 645 1576 ἀποπνέςαι.
675 1533 834 1584 Liquores
850 1532 987 1569 Arabos
1001 1533 1093 1571 dixit

1 1588 3 1618 ὲ
57 1581 189 1620 Statius
220 1585 398 1633 Epicedio
430 1585 602 1622 Glauciae
625 1613 636 1629 ,
671 1586 709 1621 &
735 1585 905 1632 lacrymis
935 1583 1089 1628 Etrusci,

59 1634 256 1681 quomodo
276 1634 439 1670 Arabum
457 1648 565 1671 rorem
588 1635 737 1671 Noster:

108 1683 213 1729 Qod
232 1684 381 1722 Cilicum
392 1683 513 1734 flores,
534 1685 622 1732 quod
640 1695 783 1720 numera
798 1682 968 1730 graminis
991 1682 1093 1726 Indi,

107 1734 277 1782 Qodque
296 1735 429 1770 Arabes
441 1763 450 1779 ,
462 1734 649 1785 Phariique
660 1762 668 1776 ,
682 1732 932 1781 Palaestinique
949 1731 1094 1781 liquores

107 1782 282 1829 Arsurum
303 1784 420 1820 lavere
435 1798 578 1822 comam.

53 1830 117 1868 De
138 1833 286 1880 ungendi
305 1835 416 1869 verbo
439 1835 520 1870 alibi
540 1835 663 1870 multis
685 1836 837 1881 egimus.
864 1832 1032 1871 Emenda
1049 1833 1088 1871 in

54 1881 249 1919 transcursu
265 1883 391 1920 locum
411 1885 446 1919 in
469 1884 544 1920 Ciri
566 1882 786 1930 Virgiliana:

5 1960 7 1972 .
60 1970 67 1975 ‚
107 1938 186 1968 Non
195 1932 326 1981 styrace
348 1933 444 1969 Idaeo
452 1934 653 1981 fragrantes
673 1935 777 1968 unbia
796 1933 941 1982 capillos.

2 1982 7 2035 ἑ
52 1979 131 2019 Ubi
152 1994 338 2032 perperam
361 1996 458 2020 nunc
479 1981 818 2032 legitur,flagrantes
833 1983 927 2032 picia
947 1983 1094 2033 capillos.

53 2033 125 2070 fuit
146 2036 184 2070 &
204 2045 289 2070 cum
315 2039 379 2070 Eoo
398 2034 528 2082 styrace
549 2033 746 2082 legendum
769 2042 935 2082 putarem
951 2062 960 2077 ‚
989 2034 1092 2083 quod

5 2102 7 2123 !
55 2083 267 2121 Cretensem
296 2084 428 2121 Plinius
458 2084 601 2122 videtur
629 2085 730 2132 parvi
756 2085 886 2121 facere.
917 2090 1000 2119 Fotu
1013 2084 1094 2132 pin-

55 2145 121 2170 nas
141 2133 290 2180 reficere,
318 2132 415 2172 lassas
434 2134 604 2172 videlicet
625 2134 798 2172 volando.
827 2134 963 2170 Gremio
973 2135 1095 2181 fhvere

55 2183 185 2232 phrasis
205 2185 434 2222 usitatiiiima.
461 2185 506 2222 de
532 2197 603 2234 qua
631 2185 846 2229 videantur,
875 2195 969 2233 quae
986 2193 1095 2222 nota-

2 2242 7 2277 }
57 2244 138 2271 mus
169 2234 214 2271 ad
243 2235 463 2283 Epicedium
492 2235 600 2272 Drusi
629 2247 664 2272 v.
687 2237 747 2284 96.
768 2235 986 2273 Claudianus
1007 2236 1095 2284 Epi-

1 2286 8 2315 “ι
57 2283 232 2322 thalamio
254 2286 439 2324 Honorii:

3 2380 6 2386 Ι
121 2349 141 2353 “
269 2337 404 2372 Gremio
423 2348 548 2373 natum
571 2336 740 2386 Cytherea
757 2336 896 2385 refovit.

4 2391 6 2397 ’
61 2384 118 2424 sic
139 2386 245 2432 refota
271 2385 464 2433 laffitudine
491 2387 587 2436 apud
617 2389 715 2426 hunc
744 2389 861 2437 ipsum
893 2385 1095 2436 Apulejum

58 2435 150 2474 libro
183 2449 236 2473 rx.
264 2437 455 2476 Ennodius
486 2439 734 2487 Epithalamio
769 2438 930 2476 Maximi
950 2437 995 2475 de
1023 2438 1098 2476 Ve-

2 2522 8 2534 ⁴
63 2496 149 2524 nere
168 2500 176 2524 :
967 2520 969 2523 .

5 2560 8 2568 ·
67 2555 69 2557 ¹
111 2543 201 2574 Haec
215 2539 291 2585 ait,
319 2538 516 2587 &fhbolem
526 2540 606 2587 fotu
628 2538 798 2588 complexa
817 2537 968 2586 benigno.

6 2589 10 2632 ᾗ
61 2587 202 2635 Reficero
222 2589 372 2638 pinnas,
391 2590 587 2639 quomodo
622 2590 692 2638 ipse
722 2601 811 2626 mox
846 2590 1020 2638 Apuiejus
1051 2589 1097 2627 de

8 2662 12 2670 <
61 2636 134 2675 hoc
153 2639 227 2687 ipso
255 2641 456 2688 „tupidincz
488 2640 627 2686 Refeciis
639 2640 757 2690 pinnis
776 2638 963 2690 aliquanta
987 2640 1098 2690 quiete

7 2681 13 2729 ἶ
61 2686 154 2736 longe
172 2688 317 2726 velocius
331 2690 500 2739 provolat.
517 2691 607 2726 nitor
623 2703 690 2739 pro
712 2690 808 2726 nidor
827 2691 910 2728 aiibi
930 2702 1007 2728 non
1021 2703 1096 2728 uno

6 2736 13 2768 'i
61 2737 148 2775 loco
167 2751 351 2788 perperam
373 2741 468 2789 apud
489 2742 691 2789 Apulejum
715 2741 804 2777 olim
834 2741 1029 2790 legebatur.
1057 2749 1098 2779 ut

7 2817 11 2823 .
64 2787 156 2825 libro
184 2801 270 2826 vlu.
301 2791 478 2827 Mellitum
500 2793 638 2840 corporis
672 2792 825 2827 nidorem
840 2791 1097 2840 persentiscunt.

67 2837 274 2892 Hriusius.
297 2841 336 2878 In
357 2841 525 2879 Francof.
546 2853 619 2879 erat
634 2856 723 2887 ‚non
748 2842 910 2878 Arabum
930 2843 1020 2878 dona
1041 2856 1097 2878 ca-

61 2887 170 2937 pillus
197 2887 323 2933 habet;
357 2891 415 2928 sed
445 2893 534 2929 mihi
564 2905 714 2941 quoque
745 2893 949 2940 perplacet,
977 2892 1099 2929 Arabo

69 2951 141 2974 rore
162 2953 171 2972 .·
211 2949 296 2974 nam
338 2941 498 2978 Arabum
539 2944 576 2979 ὅ(
611 2943 768 2979 Arabena
804 2951 943 2980 veteres
973 2941 1098 2979 dixiffe

67 2988 217 3042 ‚egregie
241 2986 375 3024 docent
402 2991 543 3029 Servius
566 2993 602 3029 &
622 2994 757 3030 Pierius
778 2994 823 3030 ad
845 2994 991 3042 Virgilii
1013 3006 1056 3030 VI
1069 3005 1099 3029 1.

71 3037 228 3076 Aeiieid.
259 3037 338 3083 605¹
370 3038 414 3074 de
442 3053 513 3075 rore
537 3054 627 3092 vero
657 3043 802 3088 Arabo,
828 3043 901 3080 sive
923 3044 1099 3092 Myrrha,

24 3107 26 3109 v
55 3086 146 3136 ⁴five
178 3086 427 3141 Nardo9sive
454 3090 525 3125 alio
556 3091 692 3138 odore,
721 3094 804 3131 vide
836 3094 958 3131 illustr.
988 3096 1100 3142 Span-

69 3136 169 3187 hein.
187 3137 230 3174 ad
254 3137 465 3173 Callimachi
486 3139 602 3186 Hym.
629 3144 665 3178 in
688 3145 807 3191 Apoll.
829 3144 887 3194 38.
915 3145 1100 3182 Euxini-1.

75 3227 78 3232 ¹
122 3187 178 3233 78.
208 3189 340 3222 Aueior
366 3185 499 3235 abest.]

19 3265 24 3341 ἲ
73 3238 208 3292 periori
225 3237 373 3290 Epistol.
391 3249 426 3276 v.
445 3249 505 3288 95.
532 3237 741 3293 Heinsius,

21 3345 26 3396 ἒ
76 3340 85 3352 .

8 3445 26 3476 Ἰί

2 3487 26 3503 'i

539 3188 630 3224 Abes
656 3193 793 3234 malim.
818 3194 893 3236 vid.
917 3203 1023 3238 notas
1048 3195 1105 3235 su-

252 418 281 475 8
287 439 318 489 5
356 417 503 490 Quid
531 414 748 475 mirum,
786 412 987 483 primae
1012 410 1049 464 fi
1072 429 1158 465 me
1183 412 1439 483 lanuginis
1465 427 1602 468 aetas

7 502 10 543 ἕ
429 486 685 548 Abstulit,
723 497 883 558 atque
908 483 1057 548 anni,
1095 501 1229 556 quos
1256 484 1336 539 vir
1359 502 1532 539 amare
1558 484 1758 557 potest?

2020 559 2083 615 H
2087 579 2188 617 unc

1200 685 1258 722 79.
1288 675 1395 712 Alolle
1421 687 1537 712 meum
1572 672 1706 710 levibus
1730 684 1782 709 cor
1812 674 1855 720 est
1880 674 2044 712 violabile
2071 673 2188 723 teli5.]

1149 722 1255 762 Idem
1276 725 1362 764 dicit
1383 726 1427 763 de
1448 726 1483 763 se
1501 726 1561 763 lib.
1589 737 1644 762 1v.
1667 723 1777 760 Tiist.
1795 725 1919 772 Elegia
1941 727 2092 763 ultima:

1201 775 1307 811 Molle
1328 777 1510 825 cupidineis
1528 789 1586 811 nec
1606 773 1865 824 inexpugnabile
1886 775 1961 810 telis

1252 831 1319 862 Cor
1340 827 1449 870 mihi,
1477 826 1633 876 quodque
1649 825 1736 861 levis
1754 826 1854 871 causa
1876 835 2024 861 moveret
2038 853 2048 867 ‚
2076 827 2165 862 erati

1151 876 1365 913 CiorANus.
1401 880 1432 911 T
1435 878 1451 912 ὃ
1474 890 1526 912 cor
1545 876 1757 924 producitur
1770 904 1780 919 ‚
1810 883 1936 912 contra
1956 885 2067 923 quam
2087 874 2189 912 solet.

1150 928 1259 964 Certe
1286 927 1413 964 Noster
1432 926 1540 963 Trist.
1558 927 1649 963 libro
1672 938 1705 962 v.
1730 926 1830 974 Eleg.
1848 938 1939 962 viii.

1198 977 1304 1014 Molle
1324 991 1376 1014 cor
1393 976 1440 1013 ad
1458 975 1602 1012 timidas
1614 974 1662 1025 sic
1683 974 1785 1012 habet
1802 976 1860 1011 ille
1873 986 1995 1024 preces.

1151 1029 1250 1065 Nam
1274 1029 1311 1065 in
1329 1027 1392 1066 illo
1412 1026 1576 1076 ejusdem
1596 1027 1678 1064 libri
1703 1026 1829 1075 Elegia
1851 1027 1968 1074 prima
1988 1036 2119 1073 anceps
2141 1023 2189 1063 est

1151 1078 1320 1127 scriptura
1336 1093 1344 1116 :

1199 1129 1403 1178 strangulat
1422 1128 1570 1177 inclusus
1591 1126 1707 1169 dolor,
1734 1137 1838 1178 atque
1861 1140 1914 1163 cor
1931 1125 2061 1174 aestuat
2081 1125 2194 1163 intus:

1151 1179 1249 1217 Cum
1268 1182 1305 1217 iii
1326 1180 1528 1228 potioribus
1545 1179 1766 1216 membranis
1787 1178 1828 1215 fit
1849 1206 1859 1222 ,
1897 1187 2001 1226 atque
2019 1176 2193 1222 exaestuat

1148 1229 1255 1267 intus.
1282 1231 1342 1267 sed
1363 1232 1553 1279 corripitur
1581 1242 1732 1279 quoque
1763 1229 1867 1266 Pont.
1888 1228 1980 1264 libro
2005 1239 2035 1263 1.
2058 1227 2109 1263 [21.
2133 1237 2194 1263 1v.

1149 1280 1194 1318 ad
1217 1281 1418 1323 Rufinum,
1450 1282 1488 1318 δε
1516 1281 1608 1317 libro
1636 1292 1671 1315 v.
1698 1280 1792 1316 Met.
1821 1278 1906 1315 Fab.
1935 1289 1988 1314 vi.
2016 1277 2193 1313 Ciceroni

1149 1332 1260 1368 etiam
1289 1333 1327 1368 in
1354 1330 1521 1367 versione
1550 1330 1624 1366 loci
1654 1329 1884 1372 Homerici,
1914 1328 1979 1375 Ipse
1999 1326 2107 1381 suurn
2138 1339 2193 1362 cor

1148 1381 1256 1418 edens.
1284 1381 1443 1419 Martiali
1470 1381 1581 1417 etiam
1609 1379 1700 1416 libro
1724 1392 1759 1416 x.
1790 1379 1858 1426 Ep.
1883 1389 1943 1414 xv.
1965 1378 2003 1413 ὃς
2023 1377 2190 1412 Auionio

1147 1431 1493 1519 inffepigiaminatis.
1521 1432 1646 1479 Quare
1678 1441 1698 1468 a
1730 1428 1883 1468 Nasonis
1911 1439 2027 1464 manu
2056 1426 2192 1475 opinor

1153 1494 1173 1519 e
1204 1494 1246 1519 e:

1202 1532 1306 1568 Molle
1325 1532 1414 1569 mihi
1427 1532 1646 1584 ,levibusque
1665 1545 1717 1568 cor
1736 1531 1778 1579 est
1797 1529 1959 1567 violabile
1977 1528 2067 1566 telis.

1149 1583 1227 1620 Nifi
1246 1585 1324 1632 quis
1345 1584 1486 1621 mavult
1504 1583 1677 1621 accedere
1696 1582 1855 1630 Mycillo
1878 1580 2080 1629 castiganti:

1203 1634 1309 1669 Molle
1327 1647 1443 1670 meum
1465 1633 1664 1682 levibusque
1685 1645 1738 1668 cor
1755 1631 1798 1679 est
1815 1629 1978 1667 violabile
2001 1629 2089 1665 telis.

1151 1682 1221 1719 Sed
1240 1685 1398 1721 nostram
1422 1683 1670 1732 conjecturam
1690 1682 1874 1718 veriorem
1900 1689 2003 1727 puto.
2031 1676 2095 1715 etfi
2126 1674 2194 1733 col*

1150 1732 1246 1770 dices
1276 1734 1404 1771 vetusti
1430 1745 1496 1781 pro
1517 1733 1661 1781 vulgata
1682 1731 1843 1769 iedione
1862 1730 1952 1767 stant
1970 1727 2062 1766 mira
2081 1735 2193 1776 pertif

1149 1784 1262 1820 nacla.
1291 1784 1466 1821 Putabam
1487 1783 1707 1832 aliquando:

1202 1833 1310 1870 Molle
1324 1846 1440 1871 meum
1457 1833 1590 1869 levibus
1605 1833 1703 1880 jecur
1720 1830 1763 1877 est
1781 1827 1944 1865 violabile
1967 1826 2056 1863 telis.

1148 1883 1202 1919 Ut
1226 1883 1316 1931 jecor
1342 1884 1464 1932 primo
1494 1883 1604 1920 fuerit
1634 1890 1835 1919 exaratum.
1861 1890 1961 1917 nunc
1981 1878 2054 1916 alio
2079 1878 2193 1924 imus„⁴

1149 1932 1260 1970 Triil.
1281 1933 1374 1971 libro
1397 1945 1454 1972 iv.
1476 1933 1531 1970 El.
1555 1933 1619 1970 ult.

1200 1983 1308 2020 Molle
1322 2013 1331 2029 ,
1360 1983 1558 2033 Cupidineis
1579 1994 1637 2020 nec
1655 1980 1916 2031 inexpugnabile
1937 1978 2014 2016 telis

1249 2039 1317 2070 Cor
1335 2035 1443 2076 mihi,
1467 2034 1621 2084 quodque
1639 2033 1724 2069 levis
1745 2032 1855 2079 caussa
1877 2039 2051 2073 moveret,
2079 2032 2169 2067 erat:

1150 2084 1360 2121 Heinsius.
1392 2085 1469 2121 Ubi
1495 2084 1668 2133 Micyllus
1696 2083 1747 2120 ita
1774 2082 1945 2130 castiget,
1972 2080 2108 2119 neseio.
2131 2079 2191 2118 sed

1149 2135 1187 2171 in
1207 2134 1378 2172 Francof.
1399 2134 1528 2172 codice
1547 2143 1644 2172 erat:

1202 2184 1308 2221 Molle
1325 2198 1438 2222 meum
1458 2184 1656 2234 levibusque
1676 2196 1730 2220 cor
1745 2183 1788 2230 est
1807 2180 1971 2220 violabile
1988 2181 2076 2220 telis.

1149 2236 1205 2272 Ut
1223 2248 1290 2273 nos
1303 2236 1382 2284 jam
1402 2236 1493 2272 olim
1516 2234 1575 2271 edi
1595 2235 1813 2271 curavimus.

1202 2286 1261 2323 82..
1292 2291 1338 2322 Et
1361 2287 1446 2322 data
1464 2286 1551 2335 sunt
1577 2284 1712 2333 vitae]
1745 2285 1852 2329 Iino,
1873 2289 1943 2320 Nec
1962 2284 2048 2319 data
2062 2310 2071 2326 ‚
2088 2282 2190 2330 quicss

1151 2337 1240 2386 quid
1270 2337 1485 2374 obnituntur
1510 2336 1590 2374 libri
1617 2344 1768 2372 veteres.
1797 2336 1887 2372 olim
1919 2334 2043 2382 reponi
2074 2333 2193 2378 place-

1152 2388 1212 2424 bat
1226 2416 1236 2432 ‚
1255 2394 1325 2424 Nec
1342 2387 1428 2423 data
1441 2387 1540 2436 sunt.
1562 2387 1673 2424 Nunc
1693 2385 1881 2423 contendo
1905 2383 2058 2430 castigari
2080 2393 2193 2436 opor-

1151 2448 1227 2476 tere
1243 2467 1252 2483 ‚
1274 2444 1345 2474 Nec
1361 2448 1442 2474 rata
1455 2437 1553 2486 fient.
1581 2448 1701 2473 ratum
1721 2445 1798 2484 opus
1821 2443 2011 2471 Parcarum
2032 2443 2066 2468 iii
2091 2430 2194 2468 [bide

1152 2489 1260 2526 dicet.
1291 2491 1397 2526 Haec
1423 2488 1507 2524 alibi
1532 2489 1690 2536 pluribus
1723 2486 1945 2523 illustramus,
1983 2482 2192 2517 ΗειΝςιυς.

1155 2545 1226 2575 Nec
1254 2539 1340 2575 data
1370 2537 1705 2579 Francofurtenfis,
1732 2534 1834 2583 quod
1864 2532 2018 2581 probum
2050 2531 2122 2574 est,
2151 2531 2193 2566 &

1151 2589 1254 2637 saepe
1275 2590 1432 2626 nimium
1460 2587 1629 2624 l-leiiilius
1659 2587 1696 2622 in
1716 2595 1852 2621 vocem
1874 2584 1971 2619 il'ani
1994 2590 2091 2616 ratus
2110 2580 2194 2628 sup-

1152 2639 1362 2688 ponendam
1384 2650 1520 2688 pronus
1543 2637 1624 2674 fuit.
1652 2634 1727 2672 vid.
1749 2634 1856 2682 Epist.
1878 2645 1956 2669 xv1.
1982 2643 2064 2677 279.
2168 2678 2180 2685 β

1205 2690 1263 2739 83.
1291 2691 1372 2727 Sive
1397 2689 1523 2725 abeunt
1555 2686 1671 2734 studia
1700 2687 1738 2720 in
1768 2697 1873 2720 mores
1902 2686 2056 2730 artesque
2083 2692 2194 2727 magi·

1145 2740 1277 2791 siras]
1308 2740 1493 2788 Magistrae
1521 2749 1676 2775 omnino
1715 2734 1954 2771 scribendum.
1983 2734 2073 2769 Arte
2102 2731 2198 2775 Ami

1152 2792 1212 2828 lib.
1239 2803 1316 2828 111.
1339 2791 1392 2833 Μ’.
1417 2804 1496 2838 545.
1520 2789 1556 2825 id
1579 2788 1692 2835 ipsum
1714 2785 1825 2822 dixit:

1203 2842 1335 2878 Scilicet
1352 2841 1527 2887 ingenium
1539 2837 1678 2887 placida
1699 2836 1862 2871 molimur
1881 2833 1925 2870 ab
1945 2842 2044 2878 arte,

1257 2896 1302 2926 Et
1315 2891 1430 2938 studio
1455 2902 1559 2925 mores
1583 2887 1821 2924 convenienter
1841 2895 1936 2923 eunt.

1155 2941 1332 2990 Virgilius
1352 2953 1440 2978 vill.
1463 2952 1544 2985 442.

1354 3005 1420 3010 ·--·
1447 2989 1553 3025 Omni
1573 3000 1664 3025 nunc
1683 2997 1758 3024 arte
1776 2985 1942 3035 magistrd

1207 3041 1436 3091 Praecipitate
1455 3053 1579 3077 moras.

1156 3094 1204 3132 Et
1225 3106 1292 3129 xxi.
1314 3105 1397 3137 427.

1208 3150 1289 3180 Non
1311 3143 1392 3178 baec
1409 3140 1574 3178 humanis
1592 3139 1725 3189 opibus,
1753 3152 1820 3176 non
1839 3147 1915 3175 arte
1931 3132 2091 3182 magistra

1211 3193 1437 3229 Proveniunt.

1161 3244 1333 3295 Occurrit
1349 3242 1388 3283 id·
1407 3243 1459 3283 bis
1470 3251 1574 3283 terve
1593 3241 1690 3293 apud
1708 3239 1897 3277 Sidonium
1914 3243 2064 3287 quoqwC
2080 3229 2201 3277 ΑΡΟῘ·

1652 3291 1687 3337 C
1708 3299 1727 3326 c
1765 3299 1785 3341 3,
2032 3283 2208 3332 imai-Q
