2553 3676
665 186 1319 249 HEROIDES..

1388 211 1420 245 E
1458 213 1501 247 P.
1576 203 1710 251 xxt.

2116 213 2211 260 317

385 282 583 339 Omnia,
604 283 672 335 de
704 279 823 331 viva
847 275 942 329 tibi
965 275 1084 329 sunt
1107 276 1374 347 speranda.
1411 277 1546 350 quid
1569 280 1740 334 aufert

451 355 610 407 Saeva
633 349 762 402 mihi
787 348 976 410 vitam,
1014 348 1158 419 spem
1181 349 1276 402 tibi
1315 350 1454 403 Diva
1494 351 1633 404 mei?

380 427 495 480 Nec
519 436 576 475 tu
614 420 906 474 credideris
944 420 1119 483 illum,
1155 420 1241 473 cui
1281 420 1516 475 destinor
1553 442 1722 489 uxor,

239 515 335 566 190

439 497 615 563 Aegra
652 491 974 563 superposita
1013 492 1250 546 membra
1288 493 1473 546 fovere
1513 512 1686 547 manu.

368 565 594 622 Adsidet
618 564 703 617 ille
727 565 972 636 quidem,
1009 578 1265 637 quantum
1289 565 1616 636 permittitur
1640 566 1762 637 ipfi3

439 636 544 690 Sed
570 636 812 705 meminit
837 637 1072 690 nostrum
1098 637 1311 707 virginis
1336 635 1437 691 effe
1462 649 1657 690 torum.

359 709 477 779 Jam
503 726 721 781 quoque
746 709 924 762 nescio
949 709 1080 780 quid
1106 709 1174 761 de
1203 727 1290 762 me
1314 709 1512 763 senfiffe
1541 708 1790 763 videtur:

435 781 573 835 Nam
601 782 845 834 lacrimae
871 784 1043 834 caussa
1067 782 1218 851 saepe
1243 783 1439 835 latente
1464 781 1680 836 cadunt.

227 870 322 922 195
360 852 433 908 Et
455 854 628 907 minus
655 852 901 906 audaRer
927 852 1220 915 blanditur,
1261 854 1311 906 δέ
1342 853 1516 906 oscula
1541 872 1654 907 rara

435 926 678 996 Accipit,
715 925 770 978 &
795 925 987 978 timido
1014 942 1100 978 me
1124 938 1281 978 vocat
1306 942 1400 979 ore
1423 925 1580 978 suam.

356 999 473 1052 Nec
499 999 665 1051 miror
689 996 917 1060 sensisse,
954 997 1093 1051 notis
1119 1015 1243 1050 cum
1267 996 1463 1068 prodar
1487 997 1706 1067 apertis:

433 1070 490 1123 In
518 1070 771 1123 dextrum
794 1070 1000 1133 versor,
1038 1087 1160 1122 cum
1184 1070 1330 1123 venit
1357 1069 1470 1131 ille,
1507 1070 1659 1122 latus.

354 1143 472 1197 Nec
496 1144 716 1215 loquor,
755 1142 810 1195 &
837 1141 979 1195 tec‘to
1005 1141 1270 1195 fimulatur
1307 1141 1506 1195 lumine
1544 1140 1791 1202 somnus;

216 1231 322 1267 200

433 1215 753 1287 Captantem
794 1213 958 1267 tacius
993 1213 1284 1285 rejicioque
1322 1231 1560 1268 manum.

356 1286 609 1358 Ingemit,
648 1292 700 1340 ὃς
726 1286 891 1339 tacito
917 1285 1131 1357 suspirat
1155 1285 1400 1357 peelore:
1442 1303 1639 1358 meque

434 1357 732 1421 Offensam,
773 1358 1011 1430 quamvis
1037 1376 1147 1412 non
1173 1371 1465 1422 mereatur,
1503 1358 1677 1412 habet.

347 1430 462 1485 Hei
488 1431 644 1494 mihi,
684 1430 833 1504 quod
860 1430 1091 1502 gaudeS,

1128 1431 1182 1483 &
1209 1445 1261 1484 te
1283 1430 1428 1500 juvat
1458 1431 1548 1484 ista
1579 1430 1822 1503 voluptas
1841 1433 1860 1484 Ξ.

430 1503 543 1557 Hei
568 1503 724 1566 mihi,
763 1502 913 1575 quod
939 1502 1110 1556 sensus
1134 1503 1248 1556 sum
1277 1502 1371 1555 tibi
1396 1503 1514 1557 fassa
1539 1506 1714 1557 meos!

212 1594 313 1641 2o5
354 1576 407 1629 Si
433 1576 563 1628 mihi
585 1577 761 1645 lingua
785 1576 959 1635 foret3
1001 1587 1059 1626 tu
1093 1574 1266 1628 nostra
1287 1573 1465 1644 justius
1489 1575 1595 1638 ira,

23 1683 25 1698 Ι

25 1864 27 1897 l
60 1858 231 1907 superiori
254 1859 410 1908 Epistola
431 1871 509 1908 137.

25 1901 27 1955 i
109 1908 167 1944 Ille
183 1923 308 1946 manus
324 1909 404 1946 illas
421 1909 546 1957 effingit
566 1919 609 1948 ω’
630 1906 746 1956 affidet
761 1921 890 1955 aegrae.

26 1958 27 2010 ᾖ
56 1957 260 1997 ΗΕιΝςωε.
289 1960 438 1997 Mallem
459 1971 542 1996 cum
564 1957 764 2007 parenthesi
783 1958 924 2006 legere:

26 2024 28 2040 >
64 2012 66 2014 ’
106 2008 251 2058 Adsidet
267 2010 325 2046 ille
344 2011 481 2059 quidem
502 2010 666 2058 (tantum
682 2008 897 2059 permittitur
913 2006 993 2058 ipfi)

157 2060 219 2095 Sed
237 2072 306 2099 υτ.
361 2061 620 2097 BURMANNUS.

65 2114 68 2116 '
110 2120 190 2157 193.
218 2115 263 2145 Et
287 2124 415 2160 quoq-ce
445 2111 546 2155 nescio
572 2108 696 2160 quid]
725 2108 924 2146 Parmenfis
948 2108 1084 2153 editio,

28 2182 29 2190 η
55 2163 101 2195 Et
123 2173 250 2207 quoque
260 2161 336 2207 jam
358 2161 460 2208 nescio
476 2161 570 2210 quid.
595 2161 697 2208 Lege
712 2188 721 2203 ‚
735 2161 814 2208 jam
831 2173 960 2210 quoque
981 2160 1085 2208 nescio

27 2212 29 2247 1
55 2209 146 2258 quid.
174 2212 211 2246 &
231 2210 270 2245 de
289 2220 320 2246 te
336 2240 343 2252 ‚
365 2224 429 2259 pro
448 2211 488 2246 de
506 2224 569 2248 me.
598 2211 805 2248 HE1N81us.

108 2259 184 2306 198.
219 2267 256 2296 In
282 2261 481 2310 dextrum]
509 2262 590 2307 Jam
618 2262 697 2309 quis
721 2273 798 2297 non
817 2259 941 2298 videat
958 2260 1084 2309 legen—

30 2350 31 2355 *
56 2307 164 2352 dum,
189 2311 225 2346 in
253 2311 415 2355 laevum,
443 2324 519 2348 non
547 2312 721 2347 dextrum.
747 2322 833 2348 cum
859 2310 1084 2347 decumben-

30 2370 31 2394 1
56 2366 127 2404 tes,
154 2360 240 2397 dum
269 2361 472 2398 aversantur
492 2373 554 2398 eos
577 2363 641 2411 qui
663 2361 843 2404 invisunt,
871 2362 907 2397 in
934 2361 1079 2398 laevum

55 2411 222 2447 reclinent
239 2411 328 2448 latus
347 2409 486 2449 neceffe
509 2413 567 2449 est.
592 2413 746 2448 EGNAT.
774 2411 858 2447 Iino
877 2419 1023 2454 contra,
1041 2419 1082 2448 ut

57 2459 212 2497 dextram
240 2462 384 2502 medico
409 2463 591 2510 porrigere
612 2462 742 2509 poffint
759 2462 855 2508 aegri
877 2461 912 2496 in
933 2461 1080 2498 laevum

56 2509 238 2548 inclinatos
261 2510 330 2548 effe
350 2512 455 2548 decet
474 2540 484 2555 ‚
520 2514 557 2548 ὅς
586 2523 669 2548 cuin
700 2511 904 2547 aversantur
930 2511 967 2547 in
994 2511 1082 2547 dex-

58 2566 163 2597 trum.
189 2571 478 2610 quainquam‚ut
496 2561 592 2598 reue
618 2561 786 2608 Micyllus
807 2560 1008 2602 adnotavit,
1023 2561 1081 2597 hic

58 2610 159 2647 status
184 2623 247 2657 ‘pro
274 2613 392 2660 positu
413 2613 593 2649 leetoruin
617 2611 774 2648 diversus
797 2607 866 2646 effe
888 2611 1013 2657 potest.
1043 2612 1081 2647 ὅς

57 2659 140 2697 ideo
158 2662 245 2698 nihil
272 2672 449 2700 mutarem
477 2663 607 2711 absque
623 2662 756 2708 scriptis
784 2660 978 2697 codicibus.
1004 2674 1084 2696 ver-

57 2719 108 2745 tor
144 2712 296 2749 malebat
336 2713 514 2750 Francius.
561 2721 702 2748 avertar
742 2710 832 2748 olim
878 2719 1083 2749 correxerat

60 2759 239 2798 Heinsius.
269 2763 525 2800 BuRMANNus.

109 2810 190 2855 198.
217 2816 305 2847 Cum
327 2813 459 2862 venit.]
483 2819 575 2849 Cum
593 2821 695 2849 vocat
713 2810 920 2848 Bersmanni
943 2823 1081 2859 margo.

105 2870 190 2896 200.
217 2861 382 2911 Ejicioque
409 2863 597 2913 manum]
629 2864 753 2911 Lege,
781 2861 966 2910 rejicioque.
994 2861 1084 2898 Fast.

64 2921 96 2947 1·
122 2923 144 2953 4
172 2921 204 2953 4·
355 2948 357 2950 .

110 2920 244 3015 'scirit—u
262 2959 423 3015 fonficrgit
445 2963 599 3013 Nymphe
610 2978 621 3007 3
650 2961 875 3011 manibusque
892 2961 1058 3011 Priapum

167 3015 296 3058 chtclt.
1031 3026 1033 3028 ’

64 3057 142 3095 Lib.
165 3072 195 3096 1.
217 3061 347 3096 Amor.
364 3072 416 3096 1v.
438 3072 493 3108 34.

113 3110 218 3158 Refice
235 3109 355 3145 libatos
373 3110 466 3146 illius
485 3125 536 3147 ore
552 3112 646 3150 cibos.

68 3168 99 3197 ι.
119 3160 195 3196 Art.
218 3164 303 3196 Am.
324 3166 406 3207 βψς.

111 3211 216 3257 Rejice
226 3212 411 3258 succint'los
428 3209 549 3258 operest)
558 3209 705 3257 stamine
714 3213 818 3261 fufin.
851 3215 1064 3252 Hx-:msnm

113 3270 196 3300 201.
221 3267 345 3310 Meque
371 3260 574 3311 offenfizm.]
613 3260 735 3299 Immo
752 3289 764 3308 ,
790 3276 843 3300 me
870 3265 1089 3314 qluc›d‚.ve12

113 1820 193 1856 191.
221 1811 408 1857 §Quantum
429 1808 642 1857 permittitur
667 1806 762 1857 ipff]
792 1807 922 1846 Malim
936 1835 946 1852 ‚
960 1819 1087 1857 aegrae.

422 1647 533 1720 Qui
557 1648 687 1702 mihi
710 1646 963 1701 tendebas
987 1647 1119 1700 retia
1134 1687 1150 1711 ,
1188 1646 1377 1718 dignus
1402 1664 1538 1703 eras„

1965 1724 2160 1780 Scribis
2173 1765 2189 1790 ,

1143 1822 1197 1847 me
1223 1810 1293 1859 qui.
1320 1810 1539 1848 Hnmsms.
1568 1807 1750 1858 Crispinus
1777 1808 1838 1846 hic
1858 1819 1902 1844 ex
1921 1807 2066 1855 Micylli
2083 1809 2181 1845 notis

1141 1861 1262 1908 sapere
1293 1861 1420 1899 doftus
1449 1862 1621 1904 adnotat,
1659 1861 1764 1896 immo
1791 1857 1972 1905 infensam.
2006 1857 2066 1894 sed
2086 1858 2190 1906 offen-

1135 1911 1216 1960 sam
1227 1924 1293 1960 pro
1311 1911 1558 1955 irata‚infensa
1575 1911 1664 1958 poni
1679 1910 1756 1958 jam
1776 1908 1936 1947 vidimus
1956 1906 2000 1944 ad
2019 1919 2109 1944 vers.
2129 1908 2190 1953 48.

1196 1974 1277 2012 203.
1306 1964 1340 1998 si
1356 1961 1481 2010 mihi.]
1505 1960 1568 1997 Hei
1587 1959 1697 2004 mihi,
1718 1967 1794 1996 tarn
1811 1959 1906 2001 hoc,
1926 1969 2037 2006 quam
2059 1959 2188 2006 proxi-

1145 2023 1206 2048 me
1222 2013 1386 2062 sequenti
1406 2011 1509 2049 versu
1525 2039 1535 2055 ,
1553 2023 1619 2058 pro
1639 2009 1673 2058 fi
1694 2009 1782 2045 mihi
1797 2037 1806 2052 ‚
1829 2007 2045 2044 Gronovius
2070 2008 2185 2055 probe

1142 2065 1298 2109 reponit.
1327 2062 1397 2100 Sed
1429 2061 1597 2099 nondum
1626 2061 1766 2108 integer
1792 2066 1853 2096 aut
1878 2057 1980 2095 sanus
1999 2057 2047 2094 est
2068 2059 2184 2096 locus.

1144 2112 1297 2160 Corrige
1320 2114 1451 2160 igitur:

1190 2163 1254 2198 Hei
1272 2162 1382 2206 mihi,
1401 2161 1491 2212 quod
1506 2160 1633 2210 gaudes
1645 2188 1655 2204 ,
1677 2170 1720 2200 ω’
1739 2170 1771 2196 te
1781 2159 1895 2209 juvat
1909 2157 1972 2205 ista
1985 2156 2150 2207 simultas
2162 2162 2182 2194 ,Β

1141 2213 1355 2249 Hfimsius.

1190 2275 1276 2311 203.
1303 2263 1337 2298 si
1356 2261 1468 2306 mihi,
1495 2262 1585 2310 quod
1604 2261 1730 2309 gaudes
1749 2277 1759 2296 .·
1798 2259 1832 2296 si
1856 2258 1966 2301 mihi,
1995 2257 2086 2308 quod
2100 2258 2180 2305 sen-

1130 2313 1191 2361 sus
1220 2325 1289 2351 eye.
1318 2312 1353 2348 Si
1381 2311 1468 2349 mihi
1498 2312 1615 2360 lingua
1636 2310 1777 2360 foret.]
1808 2310 1995 2358 Repetitio
2027 2308 2178 2362 quidem

1137 2365 1259 2408 haec,
1296 2363 1450 2400 Schema
1482 2363 1725 2399 Rhetoricum
1762 2360 1820 2397 est.
1859 2359 1927 2396 Sed
1956 2358 2025 2412 ipsa
2062 2366 2180 2412 oratio

1138 2413 1309 2457 obscura,
1335 2412 1409 2450 five
1438 2411 1669 2455 defectuosa,
1699 2413 1737 2448 &
1764 2409 1969 2447 Ovidianae
1992 2407 2178 2463 dissimilis:

1139 2464 1242 2511 Quid
1260 2465 1360 2500 enirn
1381 2463 1577 2500 referamus
1602 2462 1645 2499 ad
1667 2464 1786 2510 priora
1808 2459 1882 2495 duo
1906 2466 2088 2494 commata
2103 2485 2128 2512 ,“
2142 2462 2178 2492 St

1138 2514 1251 2550 mihi?
1264 2513 1328 2550 nisi
1348 2512 1372 2549 fi
1393 2513 1450 2557 id,
1464 2512 1566 2561 quod
1586 2513 1623 2548 in
1641 2512 1751 2548 tertio
1771 2509 1873 2545 versu
1892 2508 2048 2562 sequitur
2062 2534 2072 2550 ‚
2090 2513 2174 2542 Lm-

1132 2577 1203 2611 gua
1217 2566 1331 2608 soret,
1359 2563 1426 2599 illis
1455 2562 1583 2599 iisdem
1611 2560 1891 2608 applicabimus:
1923 2566 1962 2593 ut
1980 2560 2020 2593 sit
2036 2556 2175 2600 sensus,

1138 2614 1172 2649 Si
1201 2613 1289 2650 mihi
1319 2613 1438 2660 lingua
1457 2613 1573 2658 foret.-
1603 2623 1694 2659 pro,
1723 2608 1746 2645 fi
1777 2609 1865 2644 mihi
1896 2607 2091 2643 dicendum
2111 2606 2179 2650 fit,

1136 2663 1238 2713 quod
1264 2663 1420 2711 gaudes,
1450 2665 1519 2698 &c
1555 2661 1589 2696 Si
1619 2659 1705 2696 mihi
1737 2658 1855 2705 lingua
1875 2658 1990 2703 stret,
2019 2656 2093 2693 sive
2121 2656 2178 2693 di-

1136 2714 1293 2751 cendum
1322 2713 1363 2749 sit
1382 2740 1392 2755 ‚
1428 2711 1530 2760 quod
1561 2710 1674 2748 sensus
1700 2709 1776 2746 suin
1808 2707 1871 2744 tibi
1895 2707 2008 2762 faffa‚
2035 2717 2105 2744 επ.
2126 2707 2173 2762 ‘Si

1136 2765 1230 2800 mihi
1257 2763 1455 2801 dicendum
1482 2762 1523 2799 fit
1551 2761 1700 2810 inquam
1723 2786 1732 2802 ,
1760 2767 1800 2795 tu
1821 2756 1945 2804 justius
1979 2756 2096 2793 nostra
2124 2767 2175 2793 ira

1138 2814 1266 2862 dignus
1293 2825 1391 2856 eras,
1420 2814 1492 2849 &c.
1527 2811 1580 2847 Ita
1606 2809 1755 2859 quidem
1781 2808 2026 2856 qualicunque
2057 2806 2176 2843 modo

1140 2865 1277 2911 exponi
1299 2865 1390 2900 haec
1423 2869 1628 2911 poterunt:
1668 2859 1727 2896 sed
1760 2869 1871 2906 quarn
1902 2866 1983 2905 apte
2014 2855 2059 2912 ad
2086 2857 2177 2893 haec

1139 2914 1210 2962 ipsa
1231 2914 1339 2950 verba
1356 2912 1594 2961 respondeant
1610 2939 1620 2955 ‚
1647 2918 1708 2947 aut
1728 2907 1906 2957 quadrent
1922 2935 1930 2949 ,
1959 2918 2077 2961 quivis
2094 2918 2172 2961 non

1139 2965 1298 3001 omnino
1320 2962 1487 3000 indoctus
1508 2961 1633 2998 videre
1652 2960 1779 3009 potest.
1808 2959 1933 3005 Quare
1961 2958 2051 3012 baec
2069 2964 2121 3010 ita
2137 2967 2175 2991 in

1140 3014 1267 3051 medio
1283 3014 1550 3061 relinquamus,
1578 3011 1651 3048 five
1671 3010 1692 3047 a
1713 3011 1829 3046 Poeta
1850 3009 1897 3044 ita
1923 3007 2045 3054 scripta
2059 3033 2070 3048 ‚
2100 3006 2173 3040 sive

1138 3063 1284 3101 aliunde
1327 3063 1453 3100 inserta
1473 3090 1483 3106 ‚
1536 3073 1578 3098 ac
1614 3061 1751 3098 vitiata.
1785 3059 2001 3095 Micrttus.
2048 3056 2172 3090 Locus

1139 3122 1339 3162 corruptus.
1367 3113 1401 3148 si
1426 3126 1479 3148 me
1508 3111 1612 3160 digna
1632 3111 1744 3156 forem
1767 3118 1891 3156 argute
1915 3107 2008 3143 idem
2030 3104 2174 3157 elegan-

1137 3164 1287 3202 tiffnnus
1306 3164 1528 3199 Gronovius.
1551 3160 1748 3199 Parmensis
1766 3159 1879 3196 editio
1895 3185 1905 3201 ,
1923 3161 1976 3192 At
1997 3152 2082 3189 maha
2103 3151 2175 3187 luz-2

1138 3216 1321 3263 guasoret.
1352 3214 1560 3249 Hmnsms.

1195 3276 1278 3310 204.
1306 3263 1440 3312 Fassa.]
1467 3262 1619 3311 Aperui.
1644 3260 1862 3295 CioFANus.

1619 3310 1654 3346 R
1665 3320 1681 3345 r
1708 3319 1729 3356 3
1999 3311 2082 3348 207.
2094 3298 2183 3344 serie
