2553 3676
304 193 402 258 346

806 179 867 235 P.
944 151 1965 240 0V1D11·NAsoN15

488 295 556 346 25
595 274 833 331 Excute:
876 275 943 330 fic
968 292 1225 347 umquam
1250 274 1408 346 longa
1431 275 1669 330 relevere
1702 278 1919 341 catena,

670 348 787 402 Ncc
812 348 907 402 tibi
932 361 1197 420 perpetuo
1222 347 1369 402 serva
1391 348 1600 403 bibatur
1624 368 1774 422 aqua.

598 422 824 477 Ferreus
852 436 1096 476 orantem
1119 421 1481 494 nequicquam
1505 461 1519 484 ‚
1553 421 1777 490 janitor,
1816 421 1983 477 audis.

625 555 627 557 ¹
674 493 989 549 Roboribus
1030 494 1176 548 duris
1211 494 1367 563 janua
1402 494 1533 546 fulta
1571 492 1726 564 riget.

587 566 822 622 Urbibus
847 567 1059 622 obsessis
1085 566 1284 620 clausae
1311 564 1609 617 munimina
1634 579 1821 636 portae

491 659 558 705 30

670 640 872 694 Profint
894 665 906 702 ;
949 639 1007 694 in'
1029 637 1207 692 media
1233 653 1366 708 pace
1392 635 1524 709 quid
1551 655 1694 691 arma
1719 640 1911 696 times?

602 712 753 784 Quid
780 712 936 779 facias
964 710 1126 773 hosti,
1165 710 1259 782 qui
1284 708 1352 763 fic
1378 710 1620 764 excludis
1645 715 1946 768 amantem?

673 785 951 856 Tempora
977 782 1148 838 noctis
1175 795 1336 836 eunt:
1374 783 1745 856 excuteposte
1770 785 1956 839 seram.

602 859 729 913 Non
757 876 860 928 ego
888 856 1139 910 militibus
1162 856 1325 910 venio
1362 857 1651 911 comitatus
1680 857 1736 911 &
1764 858 1939 912 armis,

663 931 814 985 Solus
840 949 1015 995 eram,
1055 929 1092 984 si
1127 947 1236 983 non
1261 929 1444 984 saevus
1473 929 1672 984 adesset
1698 931 1890 985 Amor.

495 1024 560 1074 35
595 1003 764 1059 Hunc
792 1022 925 1075 egO,
965 1002 1001 1057 fi
1026 1003 1266 1075 cupiam,
1305 1021 1563 1076 nusquam
1592 1003 1867 1072 dimittere
1891 1003 2102 1078 possim.

677 1079 825 1132 Ante
850 1077 936 1131 vel
961 1096 988 1131 a
1014 1075 1266 1131 membris
1293 1076 1501 1132 dividar
1524 1077 1633 1149 ipse
1657 1077 1809 1134 meis,

308 1300 378 1338 ego
405 1301 496 1328 vero
524 1289 646 1328 frustra
676 1298 821 1340 tempus
845 1299 938 1330 tero.
965 1289 1070 1341 Quod
1090 1298 1161 1339 opto
1185 1300 1230 1327 an
1250 1300 1353 1338 prae-

306 1341 430 1378 tulerit
449 1342 610 1386 Marius,
639 1351 679 1380 ut
700 1342 872 1381 Heinsius
895 1345 967 1387 ait,
995 1354 1073 1380 non
1096 1349 1195 1377 certo
1215 1340 1354 1378 constat

307 1403 354 1429 ex
376 1393 453 1441 ejus
472 1395 579 1430 notis.
609 1393 732 1431 saltem
756 1394 851 1431 male
876 1394 1060 1442 explicuit.
1088 1393 1353 1429 Burmannus.

360 1455 417 1489 24.
458 1448 588 1480 Excute
609 1444 696 1492 poste
716 1445 881 1494 seram.]
922 1445 1052 1482 Multis
1088 1445 1178 1480 haec
1208 1442 1355 1480 illustrat

306 1491 496 1531 Salmasius
523 1495 680 1532 Exercit.
708 1496 798 1532 Plin.
827 1508 907 1545 pag.
930 1498 1012 1543 649.
1041 1496 1077 1531 &
1098 1493 1195 1542 seqq.
1215 1493 1354 1542 aliquid

305 1544 420 1581 ctiam
450 1544 648 1582 attulerunt
673 1546 840 1584 Turneb.
864 1559 942 1585 xxx.
969 1546 1052 1584 adv.
1072 1556 1103 1587 7.
1128 1545 1166 1582 &
1187 1544 1285 1593 Lips.
1308 1543 1354 1582 de

307 1593 430 1632 eruce
453 1608 514 1631 111.
538 1607 615 1643 cap.
637 1596 672 1633 6.

353 1657 415 1693 25.
442 1645 531 1692 Sia]
563 1647 735 1694 Optantis
755 1647 813 1685 est.
842 1648 1015 1696 Virgilius
1039 1646 1113 1684 Ecl.
1138 1658 1174 1683 x.
1197 1657 1231 1693 4.

408 1696 462 1732 Sic
481 1696 566 1741 tihi,
595 1711 672 1733 cam
681 1697 814 1747 fluam
826 1697 1063 1746 subterlabere
1081 1697 1217 1733 Sicanos
1230 1725 1241 1740 ‚

409 1748 513 1784 Doris
533 1761 659 1784 amara
669 1749 775 1797 fitam
795 1763 862 1785 non
879 1749 1112 1798 intermisceat
1130 1747 1277 1786 undam.

306 1795 357 1835 Et
378 1797 548 1836 Tibullus
568 1799 628 1836 lib.
654 1813 681 1836 1.
706 1800 762 1837 El.
786 1813 842 1837 1v.
868 1812 898 1837 1.

412 1849 464 1884 Sic
483 1849 638 1899 umbrosa
661 1850 723 1886 tibi
741 1851 943 1899 contingant
961 1852 1050 1887 rebla
1064 1878 1073 1896 ‚
1102 1850 1237 1899 Priape.

307 1900 489 1939 Martius.
519 1901 603 1937 Vid.
630 1902 801 1939 Lainbin.
823 1902 867 1939 ad
888 1903 1021 1940 Horat.
1044 1915 1074 1939 1.
1099 1902 1174 1938 Od.
1200 1913 1233 1950 3.

359 1963 418 1999 25.
447 1951 630 2000 indigere]
661 1953 862 1990 Vinciaris:
892 1954 930 1990 in
960 1953 1124 2002 quodam
1148 1962 1272 1990 tamen
1294 1963 1358 1989 co-

306 2000 389 2040 dice
407 2002 652 2050 manuscripto
683 2004 865 2041 vetustatis
892 2004 1097 2041 horrendae
1117 2032 1126 2048 ‚
1165 2004 1267 2053 cujus
1295 2014 1360 2039 co-

307 2053 409 2102 piam
448 2053 538 2090 mihi
576 2054 661 2090 fecit
700 2055 940 2092 nobilissimus
979 2056 1017 2092 &
1053 2054 1358 2103 ingeniosissimus

306 2103 515 2141 adulescens
541 2104 665 2141 Petrus
697 2106 850 2142 Sanutus
875 2134 885 2150 ‚
921 2105 1138 2143 illustrissimi
1167 2103 1359 2142 Benedicti

305 2153 421 2192 filius:
451 2155 525 2191 hoc
545 2166 690 2191 carmen
710 2156 757 2193 ita
779 2157 934 2204 legitur,
958 2161 1111 2199 Excute,
1131 2154 1181 2203 fic
1199 2167 1359 2203 unquam

306 2205 408 2253 limga
427 2204 576 2241 relevere
596 2215 715 2241 catena
740 2223 749 2241 :
793 2219 887 2255 quae
907 2206 1020 2243 lectio
1046 2207 1210 2242 maxime
1231 2206 1361 2253 placet.

308 2267 389 2294 non
408 2264 534 2294 tamen
554 2257 716 2304 priorem
737 2257 920 2305 improbo.
938 2257 1116 2293 Manius.
1145 2256 1262 2304 Atqui
1279 2256 1359 2304 jam

309 2306 480 2355 religatus
507 2316 592 2344 erat.
631 2308 771 2355 primae
801 2308 982 2345 editiones
1021 2309 1058 2344 &
1086 2306 1232 2344 codices
1263 2318 1360 2344 non-

309 2358 403 2395 nulli
423 2369 469 2394 ex
486 2357 643 2406 scriptis,
663 2355 714 2406 fic
742 2372 901 2409 unquam
929 2358 1019 2394 dara
1049 2357 1195 2394 relevere
1224 2367 1359 2394 catena.

310 2408 518 2446 Puteaneus
531 2420 615 2446 cum
631 2410 765 2457 Regio,
779 2410 817 2446 ὃς
833 2410 949 2457 Jureti
967 2410 1170 2457 Excerpti5‚
1183 2410 1221 2446 δε
1235 2409 1359 2446 Aron-

310 2458 458 2496 deliano
483 2488 493 2503 ‚
519 2457 570 2508 fic
600 2473 757 2509 unquam
788 2459 890 2509 longa
914 2459 1059 2496 relevere
1083 2459 1215 2496 catena.
1246 2464 1360 2508 Longa

311 2511 425 2547 etiam
452 2510 500 2547 est
529 2511 567 2546 in
597 2510 785 2559 Excerptis
810 2510 979 2559 Scaligeri
999 2511 1037 2547 ὃς
1058 2510 1224 2547 Puteani.
1253 2511 1291 2547 δέ
1311 2511 1360 2548 ita

310 2559 431 2597 Dom.
452 2562 592 2598 Marius
612 2562 649 2599 in
675 2561 804 2598 codice
819 2590 828 2605 ‚
857 2573 970 2610 quein
993 2561 1051 2598 ille
1070 2560 1275 2598 horrendae
1294 2573 1360 2598 ve-

312 2611 447 2648 tustatis
470 2620 601 2654 vocat,
631 2612 801 2660 repperit.
829 2612 903 2649 hoc
921 2611 969 2649 est
989 2624 1084 2660 quae
1105 2611 1168 2649 diu
1184 2613 1360 2661 longum-

313 2672 387 2708 que
407 2672 442 2698 te
462 2663 598 2711 ligavit.
627 2662 736 2700 rezfte.
765 2663 849 2700 Fuit
872 2675 957 2700 cum
981 2662 1208 2704 scribendum
1233 2663 1361 2710 opina-

314 2722 393 2753 rer,
413 2711 463 2758 fic
492 2727 574 2749 anco
603 2713 718 2762 longae
745 2713 891 2750 relevere
913 2723 1061 2750 catenae.
1090 2714 1173 2749 Unci
1197 2715 1297 2751 enim
1323 2714 1362 2750 &

315 2760 414 2796 hami
436 2763 559 2805 orbes,
588 2765 652 2813 qui
672 2774 814 2810 catenas
832 2764 1001 2814 alligant,
1032 2765 1267 2801 vocabantur.
1294 2776 1361 2813 pro

317 2819 447 2850 catena
466 2813 609 2850 videtur
626 2814 778 2862 posuilsc
795 2815 982 2862 Juvenalis
1007 2815 1076 2852 Sat.
1094 2828 1184 2852 xm.
1205 2827 1289 2862 244.

493 2882 590 2890 ---
606 2865 715 2900 Dabit
733 2867 770 2902 in
791 2867 952 2916 laqueum
975 2866 1114 2914 vestigia
1134 2865 1240 2911 noster

366 2912 522 2958 Perfidus
536 2941 545 2956 ‚
574 2926 617 2952 ΕΤ
638 2915 725 2962 nigri
740 2917 894 2964 patietur
911 2917 1052 2953 carceris
1069 2929 1211 2953 uncam.

318 2963 398 3002 Aut
424 2973 520 3001 certe
548 2975 612 3012 pro
644 2966 770 3008 veae,
800 2968 858 3003 cui
880 2968 1114 3015 alligabantur
1133 2969 1278 3016 captivi.
1306 2976 1360 3006 at-

316 3027 391 3064 que
413 3016 461 3052 ita
484 3015 643 3063 potuerit
668 3014 879 3052 intellexiffe
907 3018 1015 3053 Naso.
1045 3023 1211 3066 Torqaem
1233 3027 1359 3056 tamen

317 3069 446 3103 amiam
470 3066 617 3102 vocavit
638 3066 842 3113 Propertius
860 3066 920 3102 lib.
944 3080 993 3103 1v.
1013 3067 1114 3115 Elcg.
1132 3079 1166 3103 x.
1187 3079 1245 3113 44.

374 3116 515 3167 Torqais
529 3115 573 3152 ab
592 3115 698 3161 incisa
719 3116 846 3152 decidit
864 3129 953 3152 anca
970 3116 1064 3164 gula.

318 3167 402 3204 Unci
431 3168 529 3205 enirn
563 3167 607 3204 ad
640 3167 854 3216 supplicium
888 3166 1088 3204 tractorum
1119 3166 1361 3215 infigebantur

317 3219 466 3268 gutturi.
506 3218 701 3267 quomodo
735 3219 772 3255 &
803 3226 952 3257 catenae
980 3218 1078 3257 collo
1103 3217 1242 3259 affixae.
1269 3219 1360 3259 Pro-

314 3269 452 3320 pertius
472 3269 533 3309 lib.
553 3281 605 3309 iv.
625 3269 727 3319 Eleg.
747 3281 777 3308 1.
803 3280 884 3316 141.

2303 1152 2454 1228 Ergo

1459 1295 1506 1327 Et
1527 1290 1608 1328 bene
1624 1305 1703 1329 cam
1714 1292 1834 1340 fixam
1856 1303 1970 1331 mento
1989 1293 2173 1343 difiufferis
2191 1306 2333 1331 ancum.

1409 1342 1483 1390 Qui
1503 1341 1577 1389 fixo
1600 1354 1742 1391 gutture
1764 1344 1916 1390 famant
1950 1345 2047 1394 apud
2072 1341 2292 1392 Juvenalem
2320 1344 2392 1382 Sat.
2421 1348 2458 1385 1ss
2524 1370 2546 1388 ,ι

1412 1395 1491 1441 156.
1519 1394 1605 1431 hinc
1624 1393 1876 1442 emendandus
1900 1397 2033 1434 Noster
2049 1398 2088 1434 in
2112 1396 2214 1435 Ibide
2238 1396 2319 1434 166.
2458 1399 2459 1402 ’

1463 1456 1661 1508 Infixusque
1680 1459 1750 1496 tuis
1763 1458 1924 1505 faucibus
1946 1473 2055 1497 uncus
2070 1459 2148 1498 erit.

1412 1518 1540 1567 Offibas
1568 1533 1667 1559 nunc
1694 1520 1837 1570 legitur.
1866 1521 1927 1558 ubi
1949 1532 2018 1558 nos
2039 1521 2151 1569 plura.
2178 1519 2270 1557 haec
2293 1519 2397 1556 olim.
2422 1525 2459 1566 as
2499 1519 2553 1563 'iai

1409 1582 1510 1608 nunc
1531 1571 1623 1608 nihil
1642 1573 1763 1609 verius
1784 1571 1946 1609 lectione
1961 1583 2093 1620 ‚quam
2115 1583 2160 1608 ex
2181 1571 2315 1618 scriptis
2334 1577 2459 1618 protu-
2504 1563 2553 1628 ξφ

1409 1621 1544 1665 limus,
1573 1620 1643 1658 effe
1671 1621 1864 1659 credimus.
1892 1634 1969 1659 vox
2000 1623 2100 1659 enirn
2130 1621 2233 1669 longa
2258 1620 2464 1670 significan·⁴
2549 1641 2553 1663 i

1410 1673 1546 1710 tiorem
1581 1672 1657 1709 vim
1688 1672 1798 1709 habet
1818 1685 1930 1721 quam
1951 1673 2081 1722 vulgus
2100 1671 2290 1710 existimat.
2318 1671 2365 1709 fic
2386 1671 2460 1708 lon-
2520 1679 2521 1682 ’

1407 1736 1471 1772 gas
1497 1722 1607 1760 luam
1636 1722 1733 1772 apud
1762 1723 1892 1772 Virgil.
1923 1724 1983 1761 lib.
2014 1736 2066 1760 XI.
2093 1723 2146 1767 >bs
2178 1735 2260 1769 214.
2287 1723 2334 1760 ita
2358 1723 2462 1761 enim
2543 1725 2550 1733 '

1412 1786 1497 1812 cum
1517 1775 1718 1812 veterrimo
1734 1775 1910 1812 Romano
1931 1774 2060 1812 codice
2073 1802 2083 1818 ‚
2103 1774 2163 1811 vel
2184 1783 2309 1811 contra
2329 1772 2480 1815 aufto-,⁵
2549 1772 2553 1779 ⁴

1410 1826 1556 1863 ritatem
1589 1825 1704 1863 Servii
1726 1825 1823 1874 lego.
1852 1831 1986 1873 Longus
1999 1834 2125 1874 pontus
2151 1825 2273 1861 Valer.
2291 1823 2407 1860 Flacc.
2429 1834 2463 1864 1.

1417 1887 1499 1921 127.
1524 1888 1569 1912 ex
1592 1876 1699 1913 MSS.
1726 1876 1886 1924 Vulgata
1903 1875 2015 1912 lectio
2037 1883 2115 1912 tota
2136 1883 2271 1924 quanta
2291 1874 2339 1911 est
2369 1885 2462 1920 con-5

1413 1926 1584 1964 sarcinata
1616 1926 1685 1963 fuit
1711 1926 1755 1963 ab
1782 1926 1965 1963 audaculis
1983 1926 2154 1969 librariis,
2183 1926 2268 1974 qui,
2296 1925 2382 1974 quia
2404 1924 2463 1963 su-

1414 1978 1534 2026 perius
1552 1976 1761 2025 legebatur,
1788 1977 1878 2013 dura
1899 1976 2039 2025 religate
2058 1987 2201 2021 catena,
2223 1977 2324 2013 nefas
2345 1975 2462 2013 existi-

1415 2035 1562 2066 marunt
1580 2056 1590 2071 ‚
1618 2026 1643 2064 fi
1672 2027 1708 2064 id
1736 2028 1785 2064 ibi
1813 2036 1958 2064 tantum
1989 2028 2170 2076 legeretur
2190 2055 2200 2070 ‚
2236 2034 2276 2064 ut
2305 2027 2344 2063 δε
2369 2026 2463 2065 infra
2532 2071 2538 2075 ¹

1415 2079 1523 2116 durae
1542 2076 1686 2127 tranfite
1706 2088 1857 2115 catenae.
1887 2090 1962 2115 vox
1993 2091 2151 2126 unquam
2172 2077 2278 2114 simili
2304 2077 2463 2126 loquen·
2549 2071 2551 2082 ¹

1414 2130 1452 2167 di
1483 2129 1601 2167 modo
1630 2130 1668 2167 in
1701 2130 1856 2179 antiquo
1892 2129 2149 2166 Homonoeae
2178 2128 2375 2178 Epitaphio
2409 2127 2460 2165 lev·
2511 2127 2516 2166 i
2546 2130 2551 2176 j

1414 2178 1511 2230 git'ur
1530 2193 1538 2217 ε
2512 2214 2521 2232 μ

1466 2248 1571 2279 Parce
1585 2272 1594 2287 ,
1623 2243 1675 2279 ita
1694 2256 1762 2279 non
1783 2257 1942 2294 unquam
1954 2241 2105 2292 fimilem
2123 2241 2291 2292 experiare
2300 2239 2465 2286 dolorem,
2509 2234 2550 2279 lh

1518 2298 1565 2330 Et
1575 2295 1732 2341 faveant
1755 2295 1848 2331 votis
1867 2295 2016 2331 numina
2037 2296 2160 2331 canfia
2177 2292 2258 2330 tuis.
2548 2296 2549 2308 ¹

1415 2354 1624 2392 HmNsxus.
1654 2356 1808 2404 Egregia
1824 2354 2024 2397 restitutio,
2053 2355 2091 2390 &
2110 2364 2238 2390 verum
2261 2350 2332 2396 cst,
2359 2348 2458 2401 quod
2520 2342 2548 2399 Μ

1416 2405 1461 2442 de
1501 2417 1597 2443 voce
1633 2405 1751 2454 longas
1788 2405 1953 2442 observat
1994 2403 2176 2442 Heinsius.
2224 2403 2324 2440 idem
2359 2402 2459 2440 enim'·
2521 2402 2547 2449 {a

1412 2456 1517 2504 saepe
1549 2456 1652 2506 quod
1684 2465 1864 2506 perpetuas
1893 2464 2010 2494 notat.
2054 2454 2103 2492 fic
2134 2454 2268 2492 Horat.
2303 2466 2358 2493 11.
2385 2450 2462 2491 od..
2506 2454 2545 2491 fl.)

1415 2520 1487 2545 HL
1519 2519 1607 2607 ἕνὲο
1623 2557 1810 2608 obligatam
1831 2558 1933 2594 redde
1949 2556 2041 2604 Jovi
2062 2556 2183 2606 dapem
2196 2583 2209 2602 ,

1520 2614 1702 2658 Longaque
1712 2610 1838 2659 fessum
1859 2609 1991 2646 militia
2012 2607 2106 2646 latus

1571 2666 1707 2709 Depone
1718 2660 1785 2710 sub
1805 2660 1909 2697 laura
1928 2672 2018 2697 mea.
2183 2686 2185 2690 ‹
2549 2659 2553 2722 j

1419 2710 1467 2750 Et
1493 2710 1569 2749 Od.
1591 2724 1669 2748 xxv.
2440 2745 2446 2752 ,,
2538 2743 2539 2752 ,

1511 2785 1514 2789 .
1578 2768 1849 2812 Damnatasque
1868 2760 1958 2809 longi
2100 2766 2102 2769 ’
2538 2737 2553 2823 ε

1523 2813 1680 2862 Sisyphus
1699 2812 1859 2849 Aeolides
1883 2811 2021 2848 laboris.
2517 2815 2537 2851 -J

1420 2864 1473 2903 Ita
1484 2865 1580 2913 apud
1598 2864 1824 2902 Statiumlib.
1841 2876 1894 2899 1x.
1909 2862 2031 2899 Theb.
2051 2861 2112 2899 62.
2128 2867 2280 2910 Longum
2299 2871 2461 2900 amorem.-
2511 2873 2538 2906 ’.τ

1419 2916 1541 2953 Schol.
1572 2914 1691 2952 Barth.
1723 2915 1875 2962 exponit
1902 2922 2113 2962 perpetuum.
2150 2913 2237 2951 vide
2266 2914 2315 2951 ibi
2344 2911 2460 2950 Barth..
2514 2919 2553 2969 ”¹³1

1419 2975 1545 3004 contra
1566 2966 1727 3003 Gellium
1747 2965 1807 3000 lib.
1828 2977 1872 3000 Π.
1895 2975 1970 3012 cap.
1995 2964 2048 3000 16.
2078 2963 2333 3012 disputantem.
2358 2961 2453 3000 idem
2515 2963 2537 3010 ⁷⁷³.

1415 3017 1536 3053 Schol.
1563 3016 1609 3053 ad
1639 3027 1674 3053 v.
1705 3014 1825 3051 Theb.
1855 3015 1935 3052 108.
1964 3015 2084 3063 Longis
2104 3014 2250 3051 luffiibus
2280 3010 2454 3063 perpetuis
2514 3022 2553 3069 Ὗ,

1415 3067 1581 3113 exponit.
1609 3074 1649 3103 ut
1678 3066 1713 3102 in
1741 3065 1827 3102 loco
1857 3066 2001 3114 Virgilii
2030 3066 2074 3103 ab
2102 3064 2258 3103 Heinfio
2287 3061 2453 3106 adducto,
2532 3054 2553 3111 l}

1416 3118 1475 3153 cui
1496 3116 1602 3153 addas
1621 3116 1733 3153 alium
1756 3128 1799 3152 ex
1822 3130 1862 3153 11.
1885 3115 2043 3154 Aeneid.
2061 3118 2118 3153 26.
2541 3114 2553 3123 '⁸

1468 3171 1554 3215 Ergo
1573 3167 1684 3202 omnis
1703 3166 1796 3215 longo
1808 3167 1846 3215 se
1855 3167 1967 3215 fhlvit
1988 3167 2130 3204 Teucria
2150 3166 2257 3203 lustu.

1416 3219 1517 3265 Quia
1544 3226 1737 3266 perpetuus
1771 3217 1829 3254 ille
1867 3218 1959 3255 visus
1997 3226 2072 3255 crat
2103 3217 2305 3267 Trojanis:
2341 3212 2455 3251 adhuc

1414 3268 1516 3308 idem
1545 3268 1683 3308 Barthii
1709 3268 1830 3308 Schol.
1857 3268 1904 3308 ad
1931 3281 2022 3309 vm.
2052 3268 2176 3309 Theb.
2206 3280 2223 3317 ς
2232 3279 2287 3316 52.
2308 3270 2455 3355 {2253}
2531 3261 2553 3349 ἐι

2539 3369 2543 3413 l
