2553 3676
603 196 1144 263 AMORUM
1217 217 1393 254 LIB.

1466 199 1570 258 111.
1649 175 1694 270 3}
2098 230 2201 283 479
2235 199 2238 203 ’

347 297 526 372 Quam
548 296 736 362 longos
758 285 941 342 habuit
965 285 1211 340 nondum
1229 285 1400 357 jurata
1425 289 1666 360 capiHOS,

421 368 562 422 Tam
587 366 804 432 longOS,
840 358 1119 432 postquam
1144 359 1361 413 numina
1386 359 1532 425 lufit,
1565 361 1741 418 habet.

277 459 307 509 ς
345 436 588 495 Candida
613 432 906 488 candorem
930 432 1086 486 roseo
1109 427 1295 486 suffusa
1319 431 1517 486 rubore

418 511 564 563 Ante
590 505 758 560 stetit:
797 506 959 559 niveo
982 506 1127 559 lucet
1149 504 1206 559 in
1228 522 1323 558 ore
1348 503 1528 558 rubor.

340 582 441 637 Pes
465 592 577 633 erat
600 579 850 649 exiguus:
888 578 1040 650 pedis
1067 576 1142 632 est
1164 576 1422 649 aptiffima
1446 575 1634 631 forma.

414 651 609 722 Longa
634 650 940 724 decensque
963 651 1090 705 fuit:
1129 651 1288 721 longa
1314 650 1618 722 decensque
1643 662 1840 707 manet.

341 725 582 795 Argutos
606 723 818 788 habuit,
854 723 1061 779 radiant
1087 736 1147 778 ut
1175 723 1341 788 fidus,
1379 724 1613 786 ocellos;

235 817 299 855 10

408 797 514 852 Per
536 814 671 870 quos
696 797 921 851 mentita
945 796 1247 876 estperfida
1270 797 1425 867 saepe
1449 795 1595 851 mihi.

336 869 550 924 Scilicet
573 882 791 925 aeterno
815 869 1000 924 falsum
1020 887 1197 939 jurare
1221 868 1408 941 puellis

412 942 488 999 Di
510 960 729 1017 quoque
753 941 1094 1005 concedunt3
1133 941 1414 1015 formaque
1437 957 1639 997 numen
1662 939 1837 997 habet.
1866 997 1869 999 ,

47 1169 133 1205 'nam
153 1163 309 1203 moriare.
336 1163 384 1202 est
401 1163 531 1202 ironia.
556 1163 658 1204 idem
677 1164 818 1211 codex,
837 1171 944 1203 Nunc
959 1166 1003 1205 &³
1023 1165 1090 1203 Re&

44 1231 100 1266 ges
122 1226 264 1253 tantum
283 1217 377 1265 fuge.
403 1216 578 1252 nimirum
599 1216 734 1254 excidit
754 1219 806 1253 Τὸ
829 1223 849 1253 1
870 1217 978 1254 initio
1005 1227 1088 1253 ver-

3 1284 13 1305 z
48 1268 114 1305 sus.
143 1267 255 1304 allufit
282 1266 328 1305 ad
352 1265 411 1304 illa
440 1266 618 1304 Martialis
641 1267 702 1304 lib.
728 1278 763 1304 x,
785 1267 894 1319 Epig.
913 1278 1020 1305 xcvr.
1043 1271 1086 1312 1,

49 1318 115 1355 cole
134 1331 225 1355 nunc
241 1330 339 1367 reges.
365 1316 413 1354 fic
430 1315 532 1365 supra
549 1317 684 1355 Amor.
706 1328 738 1354 1.
755 1318 859 1366 Eleg.
879 1329 952 1356 VII.

101 1386 120 1417 1
136 1393 228 1417 nunc
248 1378 442 1429 magnificos
462 1378 574 1416 victor
593 1380 712 1418 molire
731 1380 936 1432 triumphos.

46 1441 276 1480 Veterrimus
303 1442 508 1479 Puteaneus
538 1447 556 1478 1
581 1454 660 1480 non
690 1443 865 1492 agnoscit.
900 1442 999 1481 unde
1027 1443 1091 1481 alii

48 1492 193 1530 codices
215 1492 336 1540 postea
359 1491 542 1530 finxerunt
557 1520 568 1537 ,
598 1499 703 1530 Nunc
716 1494 819 1542 jam,
849 1501 954 1531 Nunc
973 1506 1091 1539 nunc,

50 1549 158 1581 Nunc
177 1542 242 1580 tihi
263 1544 301 1581 ὅ(
322 1542 464 1580 similia.
484 1543 660 1582 Martialis
678 1545 740 1582 lib.
759 1557 813 1583 xx.
832 1545 954 1594 Epigr.
975 1555 1036 1591 71.

98 1608 211 1645 Vende
218 1609 315 1657 senes
326 1608 465 1655 servos,
492 1620 589 1656 agros
601 1634 612 1650 ,
639 1606 674 1651 i,
701 1607 813 1644 vende
824 1616 995 1657 paternos.

11 1663 13 1669 ¹
50 1671 110 1710 Sic
141 1673 179 1709 δε
205 1672 254 1709 ibi
280 1672 378 1720 lego.
403 1682 491 1707 nam
523 1670 598 1707 duo
625 1669 704 1707 libri
732 1677 900 1715 veteres,
926 1670 1093 1720 ignoscent

12 1722 13 1725 ’
50 1722 173 1759 vende.
208 1722 298 1760 nihil
329 1720 490 1758 ufitatius
528 1721 603 1757 hoc
638 1720 816 1770 loquendi
845 1720 963 1758 modo
995 1721 1091 1769 apud

49 1772 196 1810 Poetas.
226 1772 404 1820 Apulejus
423 1772 579 1808 Metam.
599 1783 688 1808 vm.
715 1770 814 1819 Quin
839 1784 938 1820 equos
963 1771 1094 1819 inscen-

53 1822 194 1861 dimus?
213 1824 299 1873 quin
321 1822 411 1857 ocius
428 1820 690 1870 indipiscimur?
709 1821 746 1865 i,
759 1830 835 1870 cape
855 1820 1093 1858 venabulum.-

52 1886 94 1910 aen
123 1886 175 1922 ego
197 1876 297 1922 sumo
323 1871 490 1908 lanceam.
526 1872 576 1908 ita
600 1871 699 1919 lego.
724 1883 824 1909 nunc
851 1873 972 1909 minus
1001 1872 1095 1910 bene

12 1942 13 1948 1
53 1925 307 1962 circumfertur
320 1951 330 1967 ,
351 1934 397 1962 <y
415 1932 491 1971 cape
509 1919 748 1967 venabulum,
768 1933 813 1961 ω’
829 1934 882 1970 ego
894 1924 995 1971 sumo
1015 1922 1096 1960 lan-

43 1976 160 2013 'ceam.
188 1975 321 2012 Noster
339 1974 498 2011 Metam.
518 1984 590 2010 xxx.
613 1983 699 2019 474.

764 2022 981 2074 columque,

105 2082 144 2120 Ι,
173 2084 248 2125 cape
265 2089 341 2112 cum
365 2075 525 2112 calathis.
761 2070 803 2110 0

54 2125 126 2163 Sed
156 2126 243 2164 illud
273 2128 393 2164 minus
422 2126 600 2169 obvium,
625 2126 702 2173 pari
725 2124 843 2163 modo
863 2123 922 2162 ahi
937 2125 1018 2164 illos
1042 2126 1096 2164 di-

14 2199 15 2202 =
53 2175 152 2215 xiffe.
181 2178 372 2215 Lucretius
389 2176 480 2214 libro
503 2188 564 2212 111.
582 2176 668 2223 967.

104 2229 241 2276 Aufer,
269 2227 348 2313 abi}
373 2227 455 2263 hinc
477 2226 662 2272 lacrimas,
685 2225 820 2264 balatro
834 2255 845 2272 ,
877 2238 922 2267 (θ’
938 2227 1097 2278 compesce

235 2291 334 2327 quere
349 2290 397 2314 as.

54 2326 109 2367 Ita
144 2330 247 2368 locus
285 2328 576 2367 mendofisfirnus
612 2326 816 2378 fingendus.
861 2328 999 2377 vulgati
1034 2329 1097 2367 fri·

81 2380 164 2418 ide:

54 2391 79 2429 g
108 2432 222 2478 Aufer
251 2430 376 2468 abhinc
401 2431 564 2468 lacrimas
585 2459 596 2476 ‚
635 2430 739 2467 harde
768 2441 813 2470 ω’
839 2429 996 2479 compesce
1014 2444 1096 2481 que-

234 2481 332 2520 relas.

59 2530 189 2580 Scripti
209 2532 392 2581 plerique,
420 2544 514 2581 quos
541 2533 635 2569 inter
661 2531 736 2569 duo
756 2531 922 2568 Voffiani
943 2532 1096 2568 veterri-

58 2583 145 2625 mi,
181 2581 330 2620 baratre.
366 2595 458 2620 unus
487 2583 659 2620 Lambini
683 2610 693 2626 ,
726 2581 877 2618 baratro.
913 2581 1016 2630 quod
1043 2582 1096 2619 illi

58 2633 180 2670 frustra
208 2633 330 2671 arrisit.
366 2632 581 2670 balatronem
616 2645 684 2681 pro
715 2633 870 2670 homine
897 2632 1001 2669 nihili
1033 2640 1096 2669 aut

57 2685 190 2732 nugaci
217 2692 358 2721 veteres
386 2683 557 2721 videntur
583 2681 751 2721 sumsisse.
787 2695 863 2731 quo
894 2681 1095 2731 fignificatu

58 2734 167 2771 etiam
208 2734 304 2783 apud
336 2735 545 2772 Varronem
577 2735 736 2771 occurrit
765 2734 858 2770 libro
890 2746 935 2770 11.
965 2733 1011 2770 de
1039 2734 1095 2770 Re

57 2784 204 2821 Rustica
223 2797 298 2832 cap.
318 2799 352 2822 v.
378 2785 462 2823 vide
481 2785 626 2822 Festum
647 2785 685 2821 in
710 2783 930 2827 Balatrones‚
953 2784 990 2820 &
1014 2784 1094 2821 Ob-

58 2833 276 2872 servationes
293 2836 446 2882 parentis
466 2836 541 2873 mei
557 2835 602 2872 ad
617 2835 678 2872 lib.
696 2848 741 2872 11.
762 2835 830 2871 Sat.
851 2846 913 2871 111.
935 2834 1095 2872 Horatii.

60 2884 112 2922 D.
134 2884 386 2932 Hieronymus
407 2887 559 2934 Epistola
581 2898 693 2923 ctnx.
717 2892 770 2922 Ne
788 2898 841 2921 me
853 2894 951 2933 pates
969 2884 1007 2920 in
1024 2898 1097 2920 mo-

62 2934 148 2970 dum
186 2933 299 2980 rustici
334 2935 522 2973 balatronis
563 2939 685 2973 cunc‘t'a
724 2936 878 2983 origenis
914 2934 1098 2983 reprobare.

60 2985 152 3022 haec
188 2986 379 3029 παρέργως,
408 2987 616 3023 Hfixnsros.
664 2987 895 3034 Opinionem
928 2986 1022 3023 hanc
1052 2986 1098 3024 de

62 3035 209 3084 perjurii
226 3046 346 3081 poena
365 3035 508 3073 illustrat
529 3037 694 3087 Turneb.
711 3037 772 3074 lib.
792 3049 896 3074 xxvx.
909 3036 1008 3073 Adv.
1021 3048 1099 3085 cap.

65 3096 123 3134 31·
152 3086 189 3122 ὅ(
212 3084 362 3122 Casaub.
385 3085 489 3121 Lect.
509 3086 676 3124 Theocr.
695 3100 770 3137 cap.
798 3100 854 3125 10.
885 3089 924 3126 &
945 3089 1100 3126 comm.

65 3135 112 3173 ad
131 3136 263 3172 Horat.
282 3148 326 3172 11.
348 3135 422 3172 Od.
442 3135 479 3171 8.

121 3198 152 3222 1.
180 3185 382 3234 Credam]
412 3186 582 3222 Omnino
613 3186 674 3233 (ut
696 3187 744 3224 est
766 3190 801 3225 in
824 3189 1099 3239 manuscriptis)

65 3237 282 3284 apponenda
309 3237 356 3274 est
381 3236 640 3284 interrogativa
661 3237 854 3284 particula,
883 3254 947 3276 ne.-
976 3250 1017 3279 ut
1036 3241 1102 3277 stet

67 3287 201 3342 gersus.
222 3299 308 3328 nam
331 3286 418 3342 fides
449 3287 597 3339 corripit
624 3288 781 3337 primam
808 3288 995 3342 syllabam,
1026 3291 1104 3341 Le:

1982 1010 2195 1089 Perque

1141 1163 1305 1213 gendum
1331 1163 1443 1213 igitur
1469 1163 1544 1208 est,
1570 1161 1641 1211 Effe
1665 1166 1754 1199 Deos
1773 1158 1957 1198 credamne
1980 1168 1996 1199 ,θ
2031 1160 2199 1209 Juratag

1141 1226 1236 1265 quae
1247 1215 1398 1264 juravit.
1425 1216 1580 1263 Legitur
1603 1214 1716 1251 etiam
1733 1241 1743 1256 ,
1767 1212 1920 1261 perjura.
1947 1211 2133 1250 Maium.

1190 1278 1225 1303 2.
1255 1265 1419 1315 Manet.]
1450 1266 1511 1303 Sic
1531 1264 1594 1302 lib.
1616 1275 1670 1301 ιν.
1691 1262 1803 1301 Trist.
1823 1262 1951 1311 Elegia
1972 1273 2007 1299 x.

1244 1320 1291 1352 Et
1306 1316 1464 1363 studium
1487 1315 1582 1353 nobis
1595 1342 1607 1360 ‚
1633 1313 1810 1364 quodfuit
1832 1322 1915 1349 ante
1928 1340 1939 1357 ,
1966 1321 2100 1351 manet.

1144 1367 1367 1405 Cmmnus.

1197 1429 1232 1467 3.
1253 1417 1421 1455 Nondum
1437 1418 1575 1467 perjura
1597 1413 1764 1465 capillos]
1786 1413 1845 1452 Sic
1858 1411 2047 1453 Maffeian.
2060 1412 2197 1452 Probo}

1147 1470 1364 1507 Ciomnus.
1411 1469 1598 1517 Antiquae
1632 1466 1813 1504 editiones
1846 1464 1886 1501 &
1915 1463 2024 1502 multi
2050 1463 2198 1512 scripti,

1148 1519 1302 1557 nondum
1313 1520 1439 1568 jurata
1451 1547 1462 1563 ,
1480 1518 1585 1568 quod
1599 1516 1829 1566 repudiatum
1850 1514 2002 1552 nollem.
2023 1514 2074 1551 ita
2093 1515 2195 1552 enirn

1148 1582 1216 1620 pro
1236 1578 1433 1620 antequam
1452 1567 1600 1619 jurasset
1614 1596 1624 1611 ,
1651 1566 1849 1616 ponebant.
1869 1564 1979 1612 Epist.
1999 1576 2064 1602 xx.
2081 1575 2168 1611 227.

1194 1626 1373 1671 Appeteres
1389 1620 1497 1657 talem
1516 1619 1574 1656 vel
1595 1631 1663 1655 non
1672 1617 1798 1667 jurata
1820 1615 2017 1659 maritum

1247 1672 1405 1716 Juratae
1423 1670 1482 1707 vel
1499 1683 1566 1706 non
1587 1669 1671 1706 talis
1693 1666 1872 1704 habendus
1890 1674 1977 1703 erat.

1145 1721 1303 1760 Remed.
1327 1723 1459 1759 Amor.
1483 1731 1566 1770 303.
1942 1765 1949 1772 .

1199 1772 1252 1808 Sic
1272 1772 1360 1809 mihi
1371 1772 1516 1821 juravit
1530 1800 1539 1814 ,
1561 1769 1610 1818 fic
1629 1783 1683 1807 me
1694 1769 1820 1818 jurata
1835 1765 1978 1815 fefelltt.

1148 1823 1198 1861 Et
1218 1823 1343 1872 pasfim
1362 1823 1433 1860 alii.
1462 1822 1729 1858 BURMANNUS.

1202 1886 1235 1919 4.
1255 1873 1438 1922 Postquam
1458 1873 1608 1909 numina
1628 1868 1759 1918 laefit.]
1779 1866 1955 1910 Rectius,
1973 1863 2200 1917 lufit,quin·23'·

1149 1936 1224 1974 que
1240 1923 1379 1974 scripti,
1407 1935 1491 1961 cum
1516 1921 1705 1970 Excerptis
1723 1919 1850 1966 Ju-reti.
1877 1916 1927 1955 fic
1944 1918 2038 1956 infra
2056 1930 2119 1956 20.-

1203 1979 1250 2010 Et
1269 1988 1402 2011 meeum
1423 1974 1510 2022 lusos
1528 1973 1617 2010 ridet
1638 1969 1757 2008 inulta
1778 1975 1876 2006 Deos.

1152 2025 1284 2062 Fallere
1311 2031 1398 2062 Deos
1427 2024 1586 2073 Epistola
1608 2035 1651 2059 xx.
1679 2020 1734 2065 jhs.
1755 2032 1814 2069 37.
1841 2028 1882 2058 ut
1901 2019 1975 2056 illic
1996 2018 2200 2059 observavi,

1152 2077 1364 2113 Herusrus.
1390 2075 1536 2112 Laedere
1556 2073 1711 2123 praefert
1739 2071 1849 2118 Janus
1876 2069 2038 2107 Broukh.
2061 2069 2105 2107 ad
2125 2071 2200 2108 Ti&

1151 2127 1224 2164 bul.
1250 2138 1278 2163 1.
1307 2127 1409 2175 Eleg.
1439 2139 1472 2163 x.
1501 2126 1536 2162 6.
1563 2135 1677 2174 quem
1707 2121 1804 2159 vide.
1835 2122 1874 2158 &
1904 2129 2000 2158 certe
2021 2132 2112 2157 mox
2137 2132 2197 2168 31,

1151 2183 1286 2225 Superos
1316 2177 1416 2225 laefhs
1442 2184 1565 2213 vocat.
1591 2176 1641 2212 ita
1668 2172 1784 2210 ludere
1807 2171 1994 2209 &laedere
2015 2170 2197 2209 confundi

1151 2227 1312 2264 vidimus
1329 2228 1373 2264 ad
1395 2227 1574 2274 Quinctil.
1597 2224 1759 2269 vnlnst.
1781 2234 1815 2272 3.
1839 2221 2028 2259 BURMA-N.

1203 2280 1236 2315 6.
1264 2284 1361 2314 Ante
1369 2277 1505 2326 stetit.]
1536 2277 1589 2314 Ita
1617 2276 1753 2324 prim-us
1773 2273 1887 2311 edidit
1906 2271 2086 2310 Heinfius.
2106 2274 2197 2327 mo·-v

1151 2340 1237 2366 nere
1258 2337 1381 2366 autem
1401 2328 1576 2377 neglexit,
1590 2327 1624 2364 se
1644 2326 1806 2363 secutum
1819 2322 2075 2362 auctoritatem
2092 2320 2199 2367 cod1--¹

1153 2380 1201 2417 cis
1223 2380 1406 2417 Politiani.
1433 2388 1515 2416 ante
1534 2377 1744 2426 legebatur,
1764 2374 1853 2422 fuit.

1204 2441 1236 2471 7.
1258 2430 1473 2479 Aptissima]
1496 2427 1679 2476 Artiffima
1699 2427 1881 2463 meliores.
1900 2422 2031 2461 frustra.
2046 2421 2197 2477 Heius.

1151 2480 1335 2528 Artiffima
1354 2481 1474 2528 forma
1503 2480 1635 2517 vitium
1665 2475 1777 2518 effer,
1806 2485 1922 2522 aeque
1950 2484 1990 2509 ac
2018 2482 2198 2527 maxima..

1152 2532 1228 2568 vid.
1249 2533 1418 2569 Gronov.
1446 2531 1563 2567 Diatr.
1591 2530 1676 2566 Stat.
1697 2538 1774 2574 cap.
1792 2537 1853 2572 25.
1880 2522 1938 2560 sed
1956 2520 2124 2572 athfflma
2143 2521 2196 2560 esst

1151 2581 1283 2618 decens
1297 2610 1311 2627 ,7
1333 2582 1434 2631 justa.
1463 2579 1510 2616 fic
1527 2579 1589 2615 lib.
1603 2590 1643 2614 ·1.
1662 2576 1795 2613 Amor.
1814 2575 1850 2612 6.
1967 2622 1973 2628 ⁸

1203 2637 1367 2681 Aptaque
1381 2629 1546 2679 [abducto
1559 2627 1701 2678 pondere
1721 2623 1876 2662 membra
1894 2623 2001 2660 deda,

1150 2682 1250 2719 Vide
1277 2683 1431 2729 Junium
1459 2680 1504 2719 de
1535 2678 1677 2717 Pictura
1706 2676 1766 2714 lib.
1797 2687 1861 2714 111.
1892 2685 1970 2723 cap.
1993 2684 2045 2711 rx·
2075 2673 2109 2714 §.
2134 2673 2199 2722 352

1151 2734 1419 2771 BURMANNU&

1202 2797 1238 2830 9.
1265 2784 1421 2821 Radiant
1451 2792 1492 2818 ut
1515 2778 1656 2831 fidu5.]
1692 2777 1824 2815 Divini
1853 2777 1928 2814 hoc
1957 2773 2094 2824 aliquid
2124 2771 2199 2829 else

1153 2835 1345 2872 credebant
1369 2848 1377 2871 ε
1414 2833 1499 2870 vide
1537 2832 1636 2869 Suet.
1672 2829 1769 2877 Aug.
1803 2839 1880 2875 cap.
1912 2838 2040 2863 Lxxxx.
2080 2825 2117 2861 Β(
2146 2832 2197 2879 ita*

1155 2886 1274 2922 Schol.
1297 2884 1421 2933 Apoll.
1438 2895 1518 2932 pag.
1543 2894 1582 2928 17
1597 2896 1623 2917 ι.
1655 2880 1742 2918 dicit
1761 2890 1805 2916 ex
1826 2878 1978 2926 Augeae
2003 2875 2117 2913 oculis
2138 2886 2197 2910 vi-

1152 2935 1207 2972 sos
1224 2934 1325 2972 fuiffe
1344 2935 1463 2972 radios
1485 2932 1671 2981 effulgere.
1699 2929 1771 2967 vid.
1790 2929 1910 2966 Barth.
1928 2927 1970 2965 ad
1994 2924 2121 2963 Claud,
2142 2934 2201 2960 w.

1154 2986 1199 3023 de
1220 2985 1338 3023 Laud.
1360 2985 1496 3023 Stilich.
1515 2983 1597 3032 458.
1621 2982 1811 3031 praecipue
1831 2980 1865 3017 in
1886 2978 2010 3028 puellis
2024 3004 2033 3019 ‚
2053 2973 2201 3021 fulgena

1155 3047 1203 3073 tes
1223 3036 1381 3073 lucidam·
1398 3035 1526 3078 oculos,
1556 3042 1595 3070 ut
1623 3033 1671 3069 ait
1700 3031 1833 3068 Horat.
1860 3043 1906 3067 11.
1927 3028 2001 3065 Od.
2023 3034 2199 3077 x11.'pro‹

1155 3087 1298 3124 babant.
1335 3086 1435 3124 unde
1473 3094 1530 3122 tot
1564 3083 1857 3131 comparationes
1886 3090 1970 3116 cum
2001 3074 2167 3127 sideribus
2181 3096 2197 3115 ,.

1158 3139 1359 3182 Lucifero,
1389 3138 1495 3174 Luna
1518 3137 1588 3172 &c
1617 3134 1700 3171 vide
1721 3134 1803 3179 Jun.
1825 3131 1869 3167 de
1887 3130 2027 3181 Pictura
2049 3123 2107 3158 lib.
2130 3134 2200 3160 1110·

1158 3199 1234 3235 cap.
1256 3201 1308 3226 ix.
1332 3190 1364 3229 ἕ.
1386 3187 1420 3224 8.
1443 3186 1549 3223 ocelli
1575 3185 1680 3222 inulti
1700 3183 1787 3219 editi
1806 3184 1841 3218 ὃς
1859 3180 1985 3224 scripti.
2012 3174 2140 3228 3131*er-

1214 3251 1273 3275 11..
1293 3238 1422 3274 Scilicet
1451 3235 1619 3283 aeterni.]
1651 3239 1799 3270 Aeterno
1828 3230 1942 3277 prim
1973 3223 2202 3261 CdlthCUlm

1157 3291 1348 3334 Puteaneo
1371 3315 1386 3336 a
1427 3289 1574 3336 optimo
1607 3283 1772 3325 Palatino
1808 3280 1850 3318 δεῖ
1881 3278 1939 3331 tex
1971 3274 2058 3314 aliis.
2093 3268 2204 3361 {ligi}
