2553 3676
0 1961 9 1974 b
13 1258 19 1303 α*

0 1984 12 2098 ¹

21 2483 26 2527 Ι

21 2592 27 2653 l

24 2903 31 2999 l

26 3219 35 3270 l

359 197 734 258 ARTIS
809 187 1574 249 AMATORIAE
1648 213 1822 254 LIB.

1898 196 1980 257 ΙΙΙ.
2157 204 2249 275 591

405 293 513 349 Sed
538 291 671 347 libet
695 292 724 342 a
747 285 921 360 parvis
947 281 1185 337 animum
1209 281 1275 335 ad
1302 283 1500 353 majora
1527 284 1754 349 referre,

262 381 364 434 500

472 365 742 434 Plenaque
765 369 988 412 curvato
1014 352 1247 426 pandere
1273 355 1388 406 vela
1412 355 1552 419 finu;
1702 418 1703 421 Ἴ

401 438 641 494 Pertinet
666 433 733 486 ad
757 431 950 485 faciem
975 427 1187 483 rabidos
1210 427 1550 496 compescere
1573 446 1766 486 mores,

474 505 717 562 Candida
740 521 844 576 pax
867 501 1139 564 homines,
1179 512 1304 552 trux
1329 496 1488 552 decet
1515 500 1591 553 ira
1617 502 1766 558 feras.

403 582 513 637 Ora
537 589 748 633 tument
772 577 878 638 ira3
922 573 1228 647 nigrescunt
1253 571 1502 643 sanguine
1529 588 1726 636 venae3

466 651 699 706 Lumina
729 648 1029 721 Gorgoneo
1053 646 1250 702 saevius
1276 644 1400 715 igne
1424 644 1638 700 micant.

259 745 358 798 505
394 726 416 783 I
440 726 630 798 procul
656 724 807 788 hinc,
832 724 999 785 dixit,
1024 738 1135 775 non
1158 737 1212 773 es
1236 717 1366 772 mihi
1384 757 1399 781 ,
1426 716 1580 782 tibia,
1606 718 1772 782 tanti3

468 797 544 852 Ut
571 796 707 852 vidit
732 798 907 850 vultus
932 796 1094 848 Pallas
1118 793 1173 846 in
1198 808 1352 844 amne
1378 790 1512 844 suos.

397 872 515 930 Vos
540 887 759 944 quoque
784 869 821 923 fi
845 868 1024 922 media
1047 865 1318 937 speculum
1342 861 1584 934 spectetis
1606 864 1662 918 in
1686 864 1796 926 ira3

472 943 778 1015 Cognoscat
802 942 995 996 faciem
1019 939 1109 993 vix
1131 937 1248 991 satis
1272 936 1376 989 ulla
1400 935 1558 989 suam.

398 1018 515 1072 Nec
541 1018 713 1071 minus
742 1016 796 1069 in
819 1015 967 1069 vultu
993 1010 1242 1066 damnosa
1266 1007 1507 1080 superbia
1530 1007 1731 1063 vestro:

256 1108 355 1159 510

467 1090 731 1144 Comibus
755 1088 830 1142 est
854 1086 1019 1141 oculis
1044 1081 1370 1138 adliciendus
1395 1100 1559 1135 amor.

396 1163 627 1219 Odimus
649 1160 971 1216 immodicos
998 1160 1282 1229 (expertae
1311 1154 1550 1224 credite)
1590 1152 1760 1209 fastus,

469 1236 638 1308 Saepe
661 1248 839 1289 tacens
867 1233 979 1287 odii
1010 1231 1205 1286 semina
1228 1228 1402 1283 vultus
1425 1226 1600 1281 habet.

154 1426 276 1475 Majtes
295 1434 372 1475 opus
391 1438 497 1462 mores
519 1424 719 1473 composniffie
730 1423 823 1472 ficos.

100 1475 162 1514 Sic
180 1476 390 1526 compositam
414 1485 563 1512 mentem
586 1477 668 1512 infr.
690 1487 770 1523 572.
789 1469 1001 1522 compofitam
1012 1485 1142 1508 vocem.

99 1527 195 1576 supr.
211 1540 291 1577 345.
320 1540 385 1576 pro
405 1527 534 1571 molli,
563 1525 829 1570 blanda,dixit.
857 1524 905 1561 fic
924 1537 990 1572 pro
1017 1532 1142 1571 compe-

92 1576 185 1625 scere
204 1593 332 1616 amores
353 1580 391 1616 in
412 1578 517 1615 MSS.
535 1586 629 1616 crat,
661 1586 850 1625 componere
862 1575 958 1623 apud
976 1575 1140 1622 Propert.

99 1628 161 1666 lib.
183 1642 210 1666 1.
232 1631 332 1678 hleg.
355 1641 442 1666 xm.
470 1641 524 1666 11.
553 1629 591 1664 ὃς
613 1627 863 1676 111.E1eg.xv.
879 1638 912 1675 3.

150 1695 202 1726 Tic
220 1700 310 1740 potes
327 1693 468 1741 insanae
488 1690 622 1727 Veneris
641 1700 829 1740 componere
839 1689 966 1737 fastus.

95 1752 194 1790 Vide
215 1756 410 1804 utrobique
422 1753 691 1792 Broukhufium
705 1781 716 1799 ‚
734 1755 798 1803 qui
809 1762 935 1791 tamen
955 1753 1147 1801 compescere

95 1805 266 1852 praefert.
316 1806 585 1843 BURMANNUS.

148 1867 232 1905 503.
262 1855 505 1905 Nigrescunt.]
533 1855 763 1904 Concrescunt
789 1857 942 1905 Argent.
971 1852 1145 1893 Hcinfius

92 1905 186 1944 olim
210 1908 440 1956 conjecerat,
469 1908 676 1956 turgescunt.

146 1969 229 2006 504.
257 1963 424 2008 Gorgoneo
436 1956 581 2006 saevius
600 1970 710 2006 angue
731 1956 903 2006 micant.]
934 1961 1012 2003 Igne
1024 1955 1142 2003 scripti

92 2019 226 2046 omnes
245 2011 406 2058 potiores
427 2020 512 2046 cum
535 2010 652 2057 prima
673 2008 850 2046 editione.
878 2008 952 2045 hoc
965 2007 1012 2044 est
1026 2034 1036 2051 ‚
1049 2017 1141 2044 ocu-

92 2059 136 2097 lis
158 2060 380 2109 Gorgoneis.
407 2059 455 2096 fic
471 2060 533 2096 lib.
556 2072 617 2097 111.
639 2059 733 2096 Met.
759 2070 818 2108 33.

146 2127 224 2170 Igne
242 2122 375 2159 micant
396 2123 507 2168 oculi,
535 2131 648 2172 corpus
670 2131 782 2159 tumet
804 2135 903 2159 omne
923 2133 1065 2159 veneno.

22 2163 23 2176 i

18 2182 24 2223 ’ἶ
95 2185 212 2223 Libro
234 2198 322 2223 vin.
345 2186 430 2233 284.

146 2246 318 2295 Sanguine
337 2258 380 2287 ey
401 2248 475 2296 igne
488 2247 620 2285 micant
641 2247 748 2295 oculi,
761 2248 842 2298 riget
855 2246 996 2285 hert-ida
1008 2245 1137 2284 cervix.

19 2319 25 2366 ξς
93 2310 268 2361 Virgilius
290 2325 361 2351 x11.
389 2325 471 2352 102.

146 2376 262 2412 oculis
281 2378 389 2414 micat
410 2378 547 2415 acribus
567 2379 666 2428 ignis.

93 2435 166 2524 {go
179 2437 321 2485 saevius
339 2453 431 2478 unus
449 2443 650 2480 Vaticanus
664 2471 674 2488 ,
695 2443 836 2490 fortius.
863 2444 958 2481 Puto
973 2472 981 2488 ‚
994 2443 1141 2481 torvius.

110 2498 121 2523 ι
148 2515 157 2525 .
177 2500 204 2526 1.
232 2501 286 2526 11.
307 2501 391 2540 309.

145 2551 180 2589 Si
189 2553 303 2600 fuerit
320 2554 427 2592 torwi
445 2555 630 2594 violentior
648 2555 713 2593 illa
734 2556 898 2594 Medusa.
942 2557 1089 2595 Herus.

99 2613 144 2652 In
164 2627 238 2654 uno
261 2618 401 2656 Moreti
421 2627 516 2663 erat,
546 2618 697 2656 Grionio.
723 2619 819 2656 forte
838 2618 1060 2668 legendum.-

151 2683 301 2721 Lumina
321 2685 458 2723 Orionio
472 2686 615 2735 saevius
636 2687 708 2735 ense
727 2686 872 2724 micant.

98 2747 160 2785 De
184 2748 333 2788 Orionis
351 2752 431 2788 ense
445 2752 572 2789 omnia
593 2751 714 2789 obvia.

154 2811 236 2846 505.
265 2802 410 2850 Iprocul
429 2801 510 2840 hinc
527 2803 642 2848 dixit,
670 2816 738 2840 non
760 2817 791 2840 es
811 2803 900 2842 mihi
918 2802 1005 2841 libid
1016 2801 1141 2853 tanti]

101 2849 156 2888 Ita
175 2850 272 2887 idem
292 2851 350 2888 lib.
374 2852 473 2892 vere.

157 2906 174 2936 1
190 2901 305 2949 procul
321 2901 400 2938 hinc
423 2904 515 2941 dixit
528 2933 538 2948 ‚
552 2918 620 2943 non
639 2918 670 2942 es
692 2904 783 2942 mihi
803 2905 890 2943 tibia
910 2906 1015 2944 tanti.

105 2951 179 2989 Sub
201 2951 313 2989 finem
336 2953 395 2990 lib.
417 2965 470 2990 v1.
488 2955 578 2993 Fast.

156 3007 228 3038 Ars
248 3002 336 3039 mihi
355 3016 422 3038 non
441 3006 534 3041 tanti
551 3007 613 3052 est,
636 3006 757 3044 valeas
779 3021 855 3043 mea
877 3007 963 3044 tibia
978 3036 988 3052 ‚
1011 3006 1114 3043 dixit.

103 3052 171 3091 Tu
191 3053 276 3090 inde
298 3062 415 3091 totam
436 3054 593 3092 fabulam
614 3066 708 3104 pete.
745 3060 964 3096 emmaus.
1002 3065 1081 3094 Non
1111 3071 1143 3095 es

101 3104 181 3142 libri
205 3104 374 3141 meliores
397 3116 480 3142 cum
501 3105 617 3152 prima
638 3107 811 3147 editione.
840 3110 898 3148 Sic
912 3111 950 3148 in
960 3109 1066 3147 Fastis
1078 3110 1138 3147 lib.

101 3166 155 3192 vr.
178 3166 259 3198 701·
290 3156 434 3192 codices
455 3155 606 3193 vetusti:

152 3211 227 3242 Ars
247 3205 335 3243 mihi
354 3219 421 3242 non
438 3207 533 3243 tanti
552 3221 604 3249 es,
633 3206 754 3244 valeas
774 3223 850 3247 mea
870 3211 956 3248 tibia
969 3240 978 3256 ,
999 3211 1104 3249 dixit.

101 3257 179 3294 Ubi
202 3257 398 3305 legendum
414 3285 424 3300 ‚
453 3257 516 3295 Ah
536 3257 624 3296 mihi
643 3271 710 3296 non
732 3260 826 3298 tanti
845 3275 889 3301 es.
916 3263 1073 3302 Metam.
1093 3274 1146 3302 vx.

10 3303 35 3344 ·i
104 3308 187 3357 385.
217 3308 261 3346 de
280 3308 439 3357 Marsya:

2121 1301 2249 1374 Spe}

1246 1444 1346 1453 ..—.
1375 1415 1474 1465 Qid
1490 1428 1544 1452 me
1561 1413 1651 1453 mihi
1670 1411 1826 1451 detrahis
1840 1441 1850 1459 ,
1878 1412 2024 1464 inquit?

1248 1467 1311 1505 Ah
1326 1468 1436 1517 piget,
1455 1466 1502 1503 ah
1525 1480 1594 1504 non
1613 1465 1677 1514 est,
1698 1464 1875 1502 clamabat
1888 1494 1898 1510 ‚
1926 1464 2014 1504 tibia
2034 1465 2160 1503 tanti!

1196 1527 1271 1566 Ubi
1299 1529 1373 1576 pari
1402 1527 1519 1566 modo
1540 1530 1618 1564 'non
1654 1539 1688 1562 es
1713 1526 1971 1574 reponendum
1999 1527 2155 1565 videtur.
2199 1528 2250 1566 ita

1198 1580 1236 1616 δε
1278 1579 1402 1617 tibiam
1442 1578 1642 1628 alloquitur
1680 1577 1890 1626 Propertius
1933 1578 1996 1616 lib.
2044 1589 2103 1617 11.
2147 1577 2250 1628 Eleg.

1198 1642 1286 1669 xxx.

1300 1691 1366 1727 Hic
1385 1690 1474 1727 locus
1495 1690 1539 1737 est
1553 1718 1562 1734 ,
1583 1689 1705 1740 inquo
1724 1688 1812 1727 tibia
1833 1690 1932 1727 docta
1945 1691 2055 1739 fimes.

1254 1742 1355 1789 {Quae
1374 1755 1442 1777 non
1452 1742 1533 1790 jure
1553 1741 1647 1777 vado
1669 1741 1859 1778 Maeandri
1871 1742 1970 1791 J'affta
1990 1740 2119 1788 nutasti
2130 1747 2146 1786 ‚'

1302 1793 1428 1841 Turpia
1449 1805 1526 1830 cum
1540 1794 1675 1840 faceret
1694 1791 1857 1829 Palladis
1877 1805 1937 1830 era
1965 1802 2094 1830 tumor.

1200 1855 1412 1893 Hemsms.

1252 1907 1334 1954 508.
1363 1906 1578 1957 Cognoscet.]
1610 1906 1793 1956 Cognoscat
1815 1907 1936 1955 Marg.
1952 1904 2251 1947 Bersman.Edit.'

1198 1956 1284 1995 Aldi
1298 1986 1308 2002 ‚
1322 1958 1371 1995 D.
1392 1958 1538 1996 Heinfii
1552 1986 1561 2003 ‚
1573 1959 1612 1997 &
1625 1957 1805 2007 quaedam
1827 1957 1931 1995 aliae.

1249 2022 1332 2057 509.
1361 2015 1431 2046 Nec
1448 2009 1564 2046 minus
1585 2009 1623 2046 in
1641 2008 1750 2045 vultu
1761 2008 1927 2056 damnosa
1932 2007 2091 2058 superbia
2104 2007 2245 2058 vestrm]

1199 2067 1270 2098 Nec
1288 2070 1422 2096 tumeat
1441 2059 1549 2096 vultu
1570 2061 1686 2108 prima
1710 2058 1825 2096 editio
1849 2060 1887 2096 ὃ(
1917 2059 2067 2108 plurimi
2091 2071 2137 2096 ex
2166 2059 2250 2097 scri-

1197 2112 1278 2159 ptis.
1306 2111 1365 2148 sed
1384 2111 1493 2160 paulo
1517 2119 1601 2148 ante
1621 2108 1857 2159 praecesserat
1871 2137 1881 2154 ,
1921 2116 1994 2146 Ora
2024 2120 2163 2147 tument
2183 2109 2250 2147 ira.

1198 2162 1411 2199 Hfimsrus.
1441 2168 1512 2198 Nec
1532 2171 1667 2198 tumeat
1690 2172 1736 2199 ex
1754 2161 1924 2199 Palatinis
1957 2160 2102 2199 duobus
2132 2161 2244 2198 etiam

1200 2213 1384 2250 Gebhard.
1403 2225 1448 2250 Π.
1470 2213 1560 2249 Ant.
1579 2211 1663 2250 lect.
1683 2224 1748 2259 27.

1246 2289 1329 2325 510.
1357 2275 1520 2313 Comibus
1538 2274 1580 2326 est
1599 2274 1740 2325 oculis.]
1771 2275 1937 2324 Quidam
1953 2302 1962 2318 ‚
1978 2272 2144 2311 dulcibus.
2156 2273 2249 2311 Mo*

1196 2329 1263 2365 reti
1281 2356 1290 2371 ,
1307 2328 1407 2374 Junii
1422 2355 1432 2372 ‚
1448 2326 1574 2365 &duo
1597 2327 1681 2371 alii,
1710 2326 1870 2364 mollibus
1885 2325 2008 2376 ,quod
2033 2325 2164 2373 probo.
2193 2323 2249 2362 Ita

1196 2378 1308 2415 mollis
1319 2378 1491 2414 oculorum
1499 2376 1695 2427 petulantia
1708 2379 1854 2415 Petron.
1874 2387 2000 2414 cxxv1.
2019 2377 2057 2413 ὃς
2079 2373 2248 2420 μαλακόν

1197 2430 1352 2475 βλέμμκ
1372 2429 1554 2476 Aristoph.
1567 2428 1661 2466 Plut.
1676 2428 1759 2466 Αᾶ.
1779 2440 1832 2464 1v.
1852 2426 2038 2469 Sc.1v.2bs.
2053 2437 2110 2473 57.
2123 2425 2246 2473 paullo

1198 2481 1299 2518 aliter
1309 2479 1425 2517 molles
1446 2479 1553 2516 oculos
1573 2479 1664 2517 dixit
1685 2478 1842 2515 Remed.
1867 2489 1950 2526 340.
1978 2476 2032 2513 Ita
2051 2476 2191 2512 comiter
2209 2476 2248 2513 &

1198 2531 1350 2567 molliter
1379 2530 1528 2567 confusa
1546 2529 1606 2567 lib.
1636 2542 1662 2565 1.
1698 2530 1833 2565 Amor.
1866 2539 1948 2574 710.
1984 2526 2133 2564 Deinde
2153 2537 2247 2565 unus

1197 2581 1341 2618 Heinfii
1356 2609 1365 2624 ‚
1378 2580 1560 2616 eliciendus
1569 2592 1677 2615 amor.
1689 2578 1774 2616 vide
1786 2579 1848 2615 lib.
1871 2591 1914 2615 11.
1938 2590 2018 2625 152.
2033 2578 2161 2623 &444
2172 2578 2248 2614 hoc

1196 2640 1320 2669 autern
1338 2631 1467 2668 rectius
1490 2630 1530 2668 fit
1552 2629 1711 2666 mollibus
1731 2629 1845 2666 oculis
1860 2640 1992 2677 ‚quam
2008 2627 2167 2664 comibus.
2185 2626 2248 2665 sed

1197 2683 1282 2731 quia
1301 2681 1461 2730 superbia
1488 2680 1692 2730 praecedit,
1731 2680 1768 2716 ὅ(
1792 2678 1912 2716 mollia
1936 2678 2045 2716 ridere
2061 2679 2246 2727 sequitur,

1197 2732 1288 2771 nihil
1306 2744 1516 2770 movemus.
1569 2732 1834 2768 BURMANNUS.

1251 2809 1332 2845 511.
1361 2796 1509 2833 Odimus
1529 2794 1727 2833 immodicos
1748 2795 1762 2838 ζ
1774 2805 1906 2845 experto
1928 2793 2074 2839 credite)
2096 2791 2242 2842 fastus]

1199 2849 1307 2885 Unus
1321 2860 1424 2885 meus
1439 2849 1566 2894 ‚satim
1592 2847 1690 2884 Puto
1706 2874 1715 2888 ,
1737 2845 1862 2897 flatus.
1890 2846 1989 2884 Wcte
2000 2854 2108 2883 notas
2131 2844 2246 2882 adlib.

1204 2911 1234 2936 1.
1255 2899 1312 2942 ᾖε.
1332 2911 1414 2945 715.
1445 2900 1585 2947 Argute
1605 2899 1717 2944 etiam
1739 2899 1874 2946 Regius
1892 2910 1977 2935 curn
1992 2896 2242 2944 Neapolitano

1199 2950 1324 2987 &uno
1347 2949 1551 2993 Vaticano,
1579 2957 1734 2996 expertae
1756 2949 1890 2986 credite.
1919 2949 2127 2985 Hssmsxus.
2156 2944 2241 2979 Odi-

1197 3014 1275 3038 mus
1293 3000 1477 3036 indomitos
1497 3012 1590 3038 unus
1600 3000 1798 3037 Vaticanus
1812 3028 1821 3044 ,
1848 3011 1926 3037 non
1945 2999 2052 3036 male.
2078 2996 2125 3033 fic
2143 2994 2242 3031 indo-

1197 3051 1304 3089 mitus
1324 3065 1423 3087 amor
1443 3051 1504 3089 lib.
1534 3064 1577 3089 Η.
1606 3050 1696 3088 Fast.
1725 3051 1808 3099 585.
1835 3051 1897 3088 ubi
1920 3050 2048 3086 eadem
2076 3046 2240 3101 varietas.

1197 3102 1245 3140 Et
1263 3102 1453 3138 indomitae
1479 3101 1562 3139 irae.
1596 3114 1632 3139 v.
1661 3102 1755 3139 Met.
1787 3114 1845 3149 41.
1873 3099 2061 3137 indomitus
2086 3107 2174 3143 ignis
2203 3107 2242 3132 x.

1200 3153 1284 3201 369.
1315 3152 1434 3190 Catul.
1454 3153 1576 3202 Epith.
1593 3152 1692 3190 Pelei
1725 3164 1783 3202 53.
1811 3150 1996 3188 Indomitos
2015 3148 2053 3184 in
2075 3145 2170 3181 corde
2185 3157 2244 3193 ge-

1201 3216 1284 3240 nens
1305 3203 1629 3250 Ariadnafurores.
1657 3202 1704 3240 fic
1732 3204 1770 3239 δε
1801 3200 2142 3249 apudJuven.X1v.
2169 3195 2242 3234 Sat.

1206 3254 1285 3295 176.
1315 3254 1494 3290 Immodici
1512 3256 1636 3301 cenfies.
1665 3253 1739 3288 Ubi
1762 3248 2082 3287 Rottendorfianus
2096 3248 2133 3284 &
2147 3246 2244 3285 Vos-

1203 3303 1318 3342 fianus
1341 3303 1484 3350 codex,
1510 3302 1685 3341 indomiti.
1741 3300 1999 3338 BuxMANNuS.

1701 3360 1800 3399 Ssss
1829 3372 1848 3396 z
2068 3370 2152 3408 515.
2188 3357 2243 3403 Sic
