<?xml version="1.0" encoding="UTF-8"?>
<!DOCTYPE html PUBLIC "-//W3C//DTD XHTML 1.0 Transitional//EN"
    "http://www.w3.org/TR/xhtml1/DTD/xhtml1-transitional.dtd">
<html xmlns="http://www.w3.org/1999/xhtml" xml:lang="en" lang="en">
 <head>
  <title>
</title>
<meta http-equiv="Content-Type" content="text/html;charset=utf-8" />
  <meta name='ocr-system' content='tesseract 3.04.00' />
  <meta name='ocr-capabilities' content='ocr_page ocr_carea ocr_par ocr_line ocrx_word'/>
</head>
<body>
  <div class='ocr_page' id='page_1' title='image "./publiiovidiinaso01ovid_0754.png"; bbox 0 0 2553 3676; ppageno 0'>
   <div class='ocr_carea' id='block_1_1' title="bbox 275 225 379 294">
    <p class='ocr_par' dir='ltr' id='par_1_1' title="bbox 275 225 379 294">
     <span class='ocr_line' id='line_1_1' title="bbox 275 225 379 294; baseline -0.029 -16"><span class='ocrx_word' id='word_1_1' title='bbox 275 225 379 294; x_wconf 89' lang='lat'><strong>690</strong></span> 
     </span>
    </p>
   </div>
   <div class='ocr_carea' id='block_1_2' title="bbox 743 208 1910 268">
    <p class='ocr_par' dir='ltr' id='par_1_2' title="bbox 743 208 1910 268">
     <span class='ocr_line' id='line_1_2' title="bbox 743 208 1910 268; baseline 0 0"><span class='ocrx_word' id='word_1_2' title='bbox 743 212 804 268; x_wconf 90' lang='lat' dir='ltr'><strong>P.</strong></span> <span class='ocrx_word' id='word_1_3' title='bbox 879 208 1298 268; x_wconf 89' lang='lat' dir='ltr'>OVIDII</span> <span class='ocrx_word' id='word_1_4' title='bbox 1372 209 1910 268; x_wconf 87' lang='lat' dir='ltr'><strong>NASONIS</strong></span> 
     </span>
    </p>
   </div>
   <div class='ocr_carea' id='block_1_3' title="bbox 417 298 1953 670">
    <p class='ocr_par' dir='ltr' id='par_1_3' title="bbox 417 298 1953 670">
     <span class='ocr_line' id='line_1_3' title="bbox 417 298 1842 383; baseline -0.002 -24"><span class='ocrx_word' id='word_1_5' title='bbox 417 301 516 383; x_wconf 83' lang='lat'><strong>485</strong></span> <span class='ocrx_word' id='word_1_6' title='bbox 561 302 806 361; x_wconf 79' lang='lat' dir='ltr'><strong>Ancillae</strong></span> <span class='ocrx_word' id='word_1_7' title='bbox 832 301 1055 376; x_wconf 85' lang='lat' dir='ltr'><strong>puerive</strong></span> <span class='ocrx_word' id='word_1_8' title='bbox 1080 317 1266 355; x_wconf 85' lang='lat' dir='ltr'><strong>manus</strong></span> <span class='ocrx_word' id='word_1_9' title='bbox 1289 298 1425 354; x_wconf 88' lang='lat' dir='ltr'><strong>ferat</strong></span> <span class='ocrx_word' id='word_1_10' title='bbox 1453 313 1573 374; x_wconf 83' lang='lat' dir='ltr'><strong>apta</strong></span> <span class='ocrx_word' id='word_1_11' title='bbox 1598 299 1842 357; x_wconf 79' lang='lat' dir='ltr'><strong>tabellas:</strong></span> 
     </span>
     <span class='ocr_line' id='line_1_4' title="bbox 640 373 1819 450; baseline -0.002 -18"><span class='ocrx_word' id='word_1_12' title='bbox 640 376 875 450; x_wconf 84' lang='lat' dir='ltr'>Pignora</span> <span class='ocrx_word' id='word_1_13' title='bbox 898 392 1000 430; x_wconf 91' lang='lat' dir='ltr'><strong>nec</strong></span> <span class='ocrx_word' id='word_1_14' title='bbox 1021 373 1206 446; x_wconf 85' lang='lat' dir='ltr'><strong>juveni</strong></span> <span class='ocrx_word' id='word_1_15' title='bbox 1234 373 1442 428; x_wconf 88' lang='lat' dir='ltr'><strong>credite</strong></span> <span class='ocrx_word' id='word_1_16' title='bbox 1463 373 1630 429; x_wconf 84' lang='lat' dir='ltr'><strong>vestra</strong></span> <span class='ocrx_word' id='word_1_17' title='bbox 1657 393 1819 430; x_wconf 79' lang='lat' dir='ltr'><strong>novo,</strong></span> 
     </span>
     <span class='ocr_line' id='line_1_5' title="bbox 570 446 1778 522; baseline -0.002 -16"><span class='ocrx_word' id='word_1_18' title='bbox 570 449 707 508; x_wconf 88' lang='lat' dir='ltr'><strong>Vidi</strong></span> <span class='ocrx_word' id='word_1_19' title='bbox 734 467 839 521; x_wconf 86' lang='lat' dir='ltr'><strong>ego</strong></span> <span class='ocrx_word' id='word_1_20' title='bbox 856 486 872 512; x_wconf 90' lang='lat'>,</span> <span class='ocrx_word' id='word_1_21' title='bbox 906 448 1164 522; x_wconf 86' lang='lat' dir='ltr'><strong>pallentes</strong></span> <span class='ocrx_word' id='word_1_22' title='bbox 1190 446 1288 501; x_wconf 87' lang='lat' dir='ltr'><strong>isto</strong></span> <span class='ocrx_word' id='word_1_23' title='bbox 1313 460 1525 502; x_wconf 85' lang='lat' dir='ltr'><strong>terrore</strong></span> <span class='ocrx_word' id='word_1_24' title='bbox 1549 450 1778 519; x_wconf 73' lang='lat' dir='ltr'><strong>puella5‚</strong></span> 
     </span>
     <span class='ocr_line' id='line_1_6' title="bbox 642 519 1818 594; baseline -0.001 -15"><span class='ocrx_word' id='word_1_25' title='bbox 642 522 932 579; x_wconf 88' lang='lat' dir='ltr'><strong>Servitium</strong></span> <span class='ocrx_word' id='word_1_26' title='bbox 955 521 1166 577; x_wconf 82' lang='lat' dir='ltr'><strong>miseras</strong></span> <span class='ocrx_word' id='word_1_27' title='bbox 1189 532 1400 591; x_wconf 84' lang='lat' dir='ltr'><strong>tempus</strong></span> <span class='ocrx_word' id='word_1_28' title='bbox 1424 519 1481 573; x_wconf 91' lang='lat' dir='ltr'><strong>in</strong></span> <span class='ocrx_word' id='word_1_29' title='bbox 1506 537 1668 575; x_wconf 92' lang='lat' dir='ltr'><strong>omne</strong></span> <span class='ocrx_word' id='word_1_30' title='bbox 1692 524 1818 594; x_wconf 84' lang='lat' dir='ltr'><strong>pati.</strong></span> 
     </span>
     <span class='ocr_line' id='line_1_7' title="bbox 571 592 1953 670; baseline 0 -17"><span class='ocrx_word' id='word_1_31' title='bbox 571 596 818 653; x_wconf 86' lang='lat' dir='ltr'><strong>Perfidus</strong></span> <span class='ocrx_word' id='word_1_32' title='bbox 843 597 928 652; x_wconf 91' lang='lat' dir='ltr'><strong>ille</strong></span> <span class='ocrx_word' id='word_1_33' title='bbox 954 595 1206 670; x_wconf 85' lang='lat' dir='ltr'><strong>quidem,</strong></span> <span class='ocrx_word' id='word_1_34' title='bbox 1244 592 1338 665; x_wconf 87' lang='lat' dir='ltr'><strong>qui</strong></span> <span class='ocrx_word' id='word_1_35' title='bbox 1365 592 1485 645; x_wconf 84' lang='lat' dir='ltr'><strong>talia</strong></span> <span class='ocrx_word' id='word_1_36' title='bbox 1508 592 1734 663; x_wconf 86' lang='lat' dir='ltr'><strong>pignora</strong></span> <span class='ocrx_word' id='word_1_37' title='bbox 1754 597 1953 653; x_wconf 84' lang='lat' dir='ltr'><strong>servat:</strong></span> 
     </span>
    </p>
   </div>
   <div class='ocr_carea' id='block_1_4' title="bbox 429 686 533 741">
    <p class='ocr_par' dir='ltr' id='par_1_4' title="bbox 429 686 533 741">
     <span class='ocr_line' id='line_1_8' title="bbox 429 686 533 741; baseline 0.01 -1"><span class='ocrx_word' id='word_1_38' title='bbox 429 686 533 741; x_wconf 70' lang='lat'><strong>490</strong></span> 
     </span>
    </p>
   </div>
   <div class='ocr_carea' id='block_1_5' title="bbox 643 664 1858 727">
    <p class='ocr_par' dir='ltr' id='par_1_5' title="bbox 643 664 1858 727">
     <span class='ocr_line' id='line_1_9' title="bbox 643 664 1858 727; baseline -0.002 -2"><span class='ocrx_word' id='word_1_39' title='bbox 643 669 752 726; x_wconf 85' lang='lat' dir='ltr'><strong>Sed</strong></span> <span class='ocrx_word' id='word_1_40' title='bbox 779 685 960 727; x_wconf 89' lang='lat' dir='ltr'><strong>tamen</strong></span> <span class='ocrx_word' id='word_1_41' title='bbox 983 667 1215 724; x_wconf 77' lang='lat' dir='ltr'><strong>Aetnaei</strong></span> <span class='ocrx_word' id='word_1_42' title='bbox 1240 664 1476 719; x_wconf 85' lang='lat' dir='ltr'>fulminis</span> <span class='ocrx_word' id='word_1_43' title='bbox 1501 664 1659 721; x_wconf 86' lang='lat' dir='ltr'><strong>instar</strong></span> <span class='ocrx_word' id='word_1_44' title='bbox 1683 667 1858 723; x_wconf 87' lang='lat' dir='ltr'><strong>habet.</strong></span> 
     </span>
    </p>
   </div>
   <div class='ocr_carea' id='block_1_6' title="bbox 428 736 2044 1328">
    <p class='ocr_par' dir='ltr' id='par_1_6' title="bbox 567 736 2044 960">
     <span class='ocr_line' id='line_1_10' title="bbox 567 736 2044 817; baseline -0.001 -16"><span class='ocrx_word' id='word_1_45' title='bbox 567 744 763 817; x_wconf 89' lang='lat' dir='ltr'><strong>Judice</strong></span> <span class='ocrx_word' id='word_1_46' title='bbox 787 763 876 800; x_wconf 89' lang='lat' dir='ltr'><strong>me</strong></span> <span class='ocrx_word' id='word_1_47' title='bbox 899 743 1039 797; x_wconf 84' lang='lat' dir='ltr'><strong>fraus</strong></span> <span class='ocrx_word' id='word_1_48' title='bbox 1064 739 1138 795; x_wconf 90' lang='lat' dir='ltr'><strong>est</strong></span> <span class='ocrx_word' id='word_1_49' title='bbox 1162 736 1405 794; x_wconf 83' lang='lat' dir='ltr'><strong>conceffa</strong></span> <span class='ocrx_word' id='word_1_50' title='bbox 1422 783 1434 801; x_wconf 90' lang='lat'>‚</span> <span class='ocrx_word' id='word_1_51' title='bbox 1477 740 1742 811; x_wconf 79' lang='lat' dir='ltr'><strong>repellere</strong></span> <span class='ocrx_word' id='word_1_52' title='bbox 1767 741 2044 799; x_wconf 83' lang='lat' dir='ltr'><strong>fraudem:</strong></span> 
     </span>
     <span class='ocr_line' id='line_1_11' title="bbox 647 811 1841 891; baseline -0.004 -17"><span class='ocrx_word' id='word_1_53' title='bbox 647 820 924 891; x_wconf 84' lang='lat' dir='ltr'><strong>Armaque</strong></span> <span class='ocrx_word' id='word_1_54' title='bbox 949 816 1007 870; x_wconf 91' lang='lat' dir='ltr'><strong>in</strong></span> <span class='ocrx_word' id='word_1_55' title='bbox 1028 826 1258 869; x_wconf 78' lang='lat' dir='ltr'><strong>armatos</strong></span> <span class='ocrx_word' id='word_1_56' title='bbox 1283 812 1491 867; x_wconf 85' lang='lat' dir='ltr'><strong>sumere</strong></span> <span class='ocrx_word' id='word_1_57' title='bbox 1511 811 1626 883; x_wconf 89' lang='lat' dir='ltr'><strong>jura</strong></span> <span class='ocrx_word' id='word_1_58' title='bbox 1650 813 1841 869; x_wconf 86' lang='lat' dir='ltr'><strong>smunt.</strong></span> 
     </span>
     <span class='ocr_line' id='line_1_12' title="bbox 571 887 1918 960; baseline -0.004 -11"><span class='ocrx_word' id='word_1_59' title='bbox 571 893 792 949; x_wconf 85' lang='lat' dir='ltr'><strong>Ducere</strong></span> <span class='ocrx_word' id='word_1_60' title='bbox 817 888 1126 946; x_wconf 84' lang='lat' dir='ltr'><strong>consuescat</strong></span> <span class='ocrx_word' id='word_1_61' title='bbox 1151 887 1342 942; x_wconf 84' lang='lat' dir='ltr'><strong>multas</strong></span> <span class='ocrx_word' id='word_1_62' title='bbox 1370 903 1556 940; x_wconf 83' lang='lat' dir='ltr'><strong>manus</strong></span> <span class='ocrx_word' id='word_1_63' title='bbox 1581 904 1685 942; x_wconf 83' lang='lat' dir='ltr'><strong>una</strong></span> <span class='ocrx_word' id='word_1_64' title='bbox 1709 888 1918 960; x_wconf 77' lang='lat' dir='ltr'><strong>figuras,</strong></span> 
     </span>
    </p>

    <p class='ocr_par' dir='ltr' id='par_1_7' title="bbox 428 958 1914 1328">
     <span class='ocr_line' id='line_1_13' title="bbox 648 958 1914 1036; baseline -0.002 -17"><span class='ocrx_word' id='word_1_65' title='bbox 648 964 741 1019; x_wconf 89' lang='lat' dir='ltr'><strong>Ah</strong></span> <span class='ocrx_word' id='word_1_66' title='bbox 764 976 1017 1036; x_wconf 85' lang='lat' dir='ltr'><strong>pereant,</strong></span> <span class='ocrx_word' id='word_1_67' title='bbox 1055 980 1153 1035; x_wconf 83' lang='lat' dir='ltr'><strong>per</strong></span> <span class='ocrx_word' id='word_1_68' title='bbox 1177 978 1313 1034; x_wconf 85' lang='lat' dir='ltr'><strong>quos</strong></span> <span class='ocrx_word' id='word_1_69' title='bbox 1337 958 1428 1013; x_wconf 88' lang='lat' dir='ltr'><strong>ista</strong></span> <span class='ocrx_word' id='word_1_70' title='bbox 1452 962 1724 1016; x_wconf 87' lang='lat' dir='ltr'><strong>monenda</strong></span> <span class='ocrx_word' id='word_1_71' title='bbox 1753 963 1914 1016; x_wconf 81' lang='lat' dir='ltr'><strong>mihil</strong></span> 
     </span>
     <span class='ocr_line' id='line_1_14' title="bbox 428 1031 1753 1108; baseline -0.003 -14"><span class='ocrx_word' id='word_1_72' title='bbox 428 1043 495 1108; x_wconf 70' lang='grc'><strong>’49</strong></span> <span class='ocrx_word' id='word_1_73' title='bbox 504 1054 532 1107; x_wconf 83' lang='grc'><em>5</em></span> <span class='ocrx_word' id='word_1_74' title='bbox 572 1038 691 1094; x_wconf 88' lang='lat' dir='ltr'><strong>Nee</strong></span> <span class='ocrx_word' id='word_1_75' title='bbox 718 1038 814 1092; x_wconf 80' lang='lat' dir='ltr'><strong>nifi</strong></span> <span class='ocrx_word' id='word_1_76' title='bbox 839 1037 1027 1092; x_wconf 78' lang='lat' dir='ltr'><strong>deletis</strong></span> <span class='ocrx_word' id='word_1_77' title='bbox 1054 1047 1233 1090; x_wconf 90' lang='lat' dir='ltr'><strong>tutum</strong></span> <span class='ocrx_word' id='word_1_78' title='bbox 1272 1031 1563 1088; x_wconf 79' lang='lat' dir='ltr'><strong>rescribere</strong></span> <span class='ocrx_word' id='word_1_79' title='bbox 1589 1035 1753 1090; x_wconf 81' lang='lat' dir='ltr'><strong>ceris:</strong></span> 
     </span>
     <span class='ocr_line' id='line_1_15' title="bbox 651 1105 1776 1182; baseline -0.004 -15"><span class='ocrx_word' id='word_1_80' title='bbox 651 1112 738 1167; x_wconf 90' lang='lat' dir='ltr'><strong>Ne</strong></span> <span class='ocrx_word' id='word_1_81' title='bbox 766 1124 947 1167; x_wconf 89' lang='lat' dir='ltr'><strong>teneat</strong></span> <span class='ocrx_word' id='word_1_82' title='bbox 972 1109 1207 1182; x_wconf 83' lang='lat' dir='ltr'><strong>geminas</strong></span> <span class='ocrx_word' id='word_1_83' title='bbox 1233 1125 1337 1162; x_wconf 88' lang='lat' dir='ltr'><strong>una</strong></span> <span class='ocrx_word' id='word_1_84' title='bbox 1361 1105 1549 1161; x_wconf 88' lang='lat' dir='ltr'><strong>tabella</strong></span> <span class='ocrx_word' id='word_1_85' title='bbox 1575 1126 1776 1164; x_wconf 79' lang='lat' dir='ltr'><strong>manus,</strong></span> 
     </span>
     <span class='ocr_line' id='line_1_16' title="bbox 585 1179 1844 1252; baseline -0.002 -13"><span class='ocrx_word' id='word_1_86' title='bbox 585 1184 807 1239; x_wconf 79' lang='lat' dir='ltr'><strong>Femina</strong></span> <span class='ocrx_word' id='word_1_87' title='bbox 831 1184 1040 1238; x_wconf 89' lang='lat' dir='ltr'><strong>dicatur</strong></span> <span class='ocrx_word' id='word_1_88' title='bbox 1066 1181 1317 1236; x_wconf 82' lang='lat' dir='ltr'><strong>scribenti</strong></span> <span class='ocrx_word' id='word_1_89' title='bbox 1341 1179 1549 1252; x_wconf 80' lang='lat' dir='ltr'><strong>semper</strong></span> <span class='ocrx_word' id='word_1_90' title='bbox 1588 1190 1844 1245; x_wconf 53' lang='lat' dir='ltr'><strong>antiatorgv</strong></span> 
     </span>
     <span class='ocr_line' id='line_1_17' title="bbox 651 1253 1739 1328; baseline -0.002 -17"><span class='ocrx_word' id='word_1_91' title='bbox 651 1257 739 1312; x_wconf 84' lang='lat' dir='ltr'><strong>Illa</strong></span> <span class='ocrx_word' id='word_1_92' title='bbox 764 1255 823 1311; x_wconf 78' lang='lat' dir='ltr'><strong>sit</strong></span> <span class='ocrx_word' id='word_1_93' title='bbox 848 1257 906 1311; x_wconf 91' lang='lat' dir='ltr'><strong>in</strong></span> <span class='ocrx_word' id='word_1_94' title='bbox 932 1255 1143 1320; x_wconf 78' lang='lat' dir='ltr'><strong>vestri3‚</strong></span> <span class='ocrx_word' id='word_1_95' title='bbox 1183 1255 1277 1328; x_wconf 90' lang='lat' dir='ltr'><strong>qui</strong></span> <span class='ocrx_word' id='word_1_96' title='bbox 1299 1253 1401 1309; x_wconf 86' lang='lat' dir='ltr'><strong>fuit</strong></span> <span class='ocrx_word' id='word_1_97' title='bbox 1428 1254 1544 1321; x_wconf 86' lang='lat' dir='ltr'><strong>ille,</strong></span> <span class='ocrx_word' id='word_1_98' title='bbox 1580 1256 1739 1311; x_wconf 80' lang='lat' dir='ltr'><strong>notis.</strong></span> 
     </span>
    </p>
   </div>
   <div class='ocr_carea' id='block_1_7' title="bbox 287 1443 1347 1546">
    <p class='ocr_par' dir='ltr' id='par_1_8' title="bbox 287 1443 1347 1546">
     <span class='ocr_line' id='line_1_18' title="bbox 287 1443 1343 1497; baseline -0.002 -12"><span class='ocrx_word' id='word_1_99' title='bbox 287 1458 295 1464; x_wconf 74' lang='lat'><strong>⁴</strong></span> <span class='ocrx_word' id='word_1_100' title='bbox 337 1447 424 1497; x_wconf 80' lang='lat'>485.</span> <span class='ocrx_word' id='word_1_101' title='bbox 451 1447 617 1485; x_wconf 80' lang='lat' dir='ltr'><strong>Ancillae</strong></span> <span class='ocrx_word' id='word_1_102' title='bbox 632 1446 795 1497; x_wconf 77' lang='lat' dir='ltr'><strong>puerique</strong></span> <span class='ocrx_word' id='word_1_103' title='bbox 812 1459 940 1484; x_wconf 76' lang='lat' dir='ltr'><strong>manus</strong></span> <span class='ocrx_word' id='word_1_104' title='bbox 958 1447 1056 1493; x_wconf 81' lang='lat' dir='ltr'><strong>ferat</strong></span> <span class='ocrx_word' id='word_1_105' title='bbox 1072 1454 1148 1482; x_wconf 78' lang='lat' dir='ltr'><strong>arte</strong></span> <span class='ocrx_word' id='word_1_106' title='bbox 1166 1443 1343 1496; x_wconf 59' lang='lat' dir='ltr'><strong>tabellas]</strong></span> 
     </span>
     <span class='ocr_line' id='line_1_19' title="bbox 290 1497 1347 1546; baseline -0.002 -9"><span class='ocrx_word' id='word_1_107' title='bbox 290 1500 450 1537; x_wconf 78' lang='lat' dir='ltr'><strong>Puerive.</strong></span> <span class='ocrx_word' id='word_1_108' title='bbox 478 1498 610 1537; x_wconf 88' lang='lat' dir='ltr'><strong>deinde</strong></span> <span class='ocrx_word' id='word_1_109' title='bbox 643 1498 762 1546; x_wconf 85' lang='lat' dir='ltr'><strong>prima</strong></span> <span class='ocrx_word' id='word_1_110' title='bbox 784 1498 898 1536; x_wconf 86' lang='lat' dir='ltr'><strong>editio</strong></span> <span class='ocrx_word' id='word_1_111' title='bbox 925 1499 963 1535; x_wconf 67' lang='grc' dir='ltr'><strong>ὅ(</strong></span> <span class='ocrx_word' id='word_1_112' title='bbox 992 1506 1063 1534; x_wconf 88' lang='lat' dir='ltr'><strong>tres</strong></span> <span class='ocrx_word' id='word_1_113' title='bbox 1081 1497 1224 1544; x_wconf 86' lang='lat' dir='ltr'><strong>scripti,</strong></span> <span class='ocrx_word' id='word_1_114' title='bbox 1253 1508 1347 1535; x_wconf 78' lang='lat' dir='ltr'><strong>ame.</strong></span> 
     </span>
    </p>
   </div>
   <div class='ocr_carea' id='block_1_8' title="bbox 2345 1332 2453 1390">
    <p class='ocr_par' dir='ltr' id='par_1_9' title="bbox 2345 1332 2453 1390">
     <span class='ocr_line' id='line_1_20' title="bbox 2345 1332 2453 1390; baseline 0.009 -1"><span class='ocrx_word' id='word_1_115' title='bbox 2345 1332 2453 1390; x_wconf 79' lang='lat' dir='ltr'><strong>Sed</strong></span> 
     </span>
    </p>
   </div>
   <div class='ocr_carea' id='block_1_9' title="bbox 1401 1445 2461 1550">
    <p class='ocr_par' dir='ltr' id='par_1_10' title="bbox 1401 1445 2461 1550">
     <span class='ocr_line' id='line_1_21' title="bbox 1451 1445 2459 1500; baseline 0.005 -15"><span class='ocrx_word' id='word_1_116' title='bbox 1451 1447 1539 1495; x_wconf 79' lang='lat'><strong>489.</strong></span> <span class='ocrx_word' id='word_1_117' title='bbox 1567 1445 1669 1484; x_wconf 84' lang='lat' dir='ltr'><strong>Talia</strong></span> <span class='ocrx_word' id='word_1_118' title='bbox 1690 1447 2002 1499; x_wconf 71' lang='lat' dir='ltr'><strong>muneraftrvat.]</strong></span> <span class='ocrx_word' id='word_1_119' title='bbox 2031 1450 2459 1500; x_wconf 65' lang='lat' dir='ltr'><strong>CaptatLincolnienfi3.&#39;</strong></span> 
     </span>
     <span class='ocr_line' id='line_1_22' title="bbox 1401 1498 2461 1550; baseline 0.002 -12"><span class='ocrx_word' id='word_1_120' title='bbox 1401 1499 1506 1550; x_wconf 87' lang='lat' dir='ltr'><strong>quod</strong></span> <span class='ocrx_word' id='word_1_121' title='bbox 1534 1498 1625 1536; x_wconf 88' lang='lat' dir='ltr'><strong>olim</strong></span> <span class='ocrx_word' id='word_1_122' title='bbox 1647 1510 1726 1536; x_wconf 91' lang='lat' dir='ltr'><strong>non</strong></span> <span class='ocrx_word' id='word_1_123' title='bbox 1746 1499 1925 1549; x_wconf 77' lang='lat' dir='ltr'><strong>displicuit</strong></span> <span class='ocrx_word' id='word_1_124' title='bbox 1948 1501 2104 1539; x_wconf 79' lang='lat' dir='ltr'><strong>Heinsio</strong></span> <span class='ocrx_word' id='word_1_125' title='bbox 2125 1530 2135 1547; x_wconf 95' lang='lat'><strong><em>,</em></strong></span> <span class='ocrx_word' id='word_1_126' title='bbox 2165 1503 2203 1539; x_wconf 86' lang='lat'>&amp;</span> <span class='ocrx_word' id='word_1_127' title='bbox 2235 1501 2280 1540; x_wconf 88' lang='lat' dir='ltr'><strong>de</strong></span> <span class='ocrx_word' id='word_1_128' title='bbox 2295 1503 2461 1540; x_wconf 48' lang='lat' dir='ltr'><strong>interce*</strong></span> 
     </span>
    </p>
   </div>
   <div class='ocr_carea' id='block_1_10' title="bbox 289 1550 2457 1653">
    <p class='ocr_par' dir='ltr' id='par_1_11' title="bbox 289 1550 2457 1653">
     <span class='ocr_line' id='line_1_23' title="bbox 289 1550 2454 1601; baseline 0.002 -15"><span class='ocrx_word' id='word_1_129' title='bbox 289 1551 367 1589; x_wconf 89' lang='lat' dir='ltr'><strong>duo</strong></span> <span class='ocrx_word' id='word_1_130' title='bbox 382 1579 393 1595; x_wconf 92' lang='lat'>‚</span> <span class='ocrx_word' id='word_1_131' title='bbox 421 1560 506 1599; x_wconf 81' lang='lat' dir='ltr'><strong>apte.</strong></span> <span class='ocrx_word' id='word_1_132' title='bbox 535 1550 767 1588; x_wconf 81' lang='lat' dir='ltr'><strong>Sarravianus</strong></span> <span class='ocrx_word' id='word_1_133' title='bbox 788 1551 825 1587; x_wconf 89' lang='lat'>&amp;</span> <span class='ocrx_word' id='word_1_134' title='bbox 846 1550 933 1587; x_wconf 87' lang='lat' dir='ltr'><strong>alius</strong></span> <span class='ocrx_word' id='word_1_135' title='bbox 955 1577 966 1594; x_wconf 91' lang='lat'>‚</span> <span class='ocrx_word' id='word_1_136' title='bbox 994 1559 1089 1585; x_wconf 82' lang='lat' dir='ltr'><strong>arta.</strong></span> <span class='ocrx_word' id='word_1_137' title='bbox 1116 1559 1230 1591; x_wconf 81' lang='lat' dir='ltr'><strong>unus,</strong></span> <span class='ocrx_word' id='word_1_138' title='bbox 1258 1562 1346 1587; x_wconf 84' lang='lat' dir='ltr'><strong>arce.</strong></span> <span class='ocrx_word' id='word_1_139' title='bbox 1401 1552 1471 1601; x_wconf 86' lang='lat' dir='ltr'><strong>ptis</strong></span> <span class='ocrx_word' id='word_1_140' title='bbox 1487 1550 1599 1588; x_wconf 85' lang='lat' dir='ltr'><strong>literis</strong></span> <span class='ocrx_word' id='word_1_141' title='bbox 1619 1550 1795 1599; x_wconf 73' lang='lat' dir='ltr'><strong>capiebat,</strong></span> <span class='ocrx_word' id='word_1_142' title='bbox 1823 1560 1864 1589; x_wconf 89' lang='lat' dir='ltr'><strong>ut</strong></span> <span class='ocrx_word' id='word_1_143' title='bbox 1884 1561 2020 1601; x_wconf 79' lang='lat' dir='ltr'><strong>captare</strong></span> <span class='ocrx_word' id='word_1_144' title='bbox 2038 1553 2098 1590; x_wconf 87' lang='lat' dir='ltr'><strong>lib.</strong></span> <span class='ocrx_word' id='word_1_145' title='bbox 2121 1566 2162 1591; x_wconf 81' lang='lat' dir='ltr'><strong>it.</strong></span> <span class='ocrx_word' id='word_1_146' title='bbox 2180 1564 2262 1601; x_wconf 80' lang='lat'><strong>597.</strong></span> <span class='ocrx_word' id='word_1_147' title='bbox 2281 1553 2340 1591; x_wconf 85' lang='lat' dir='ltr'><strong>sed</strong></span> <span class='ocrx_word' id='word_1_148' title='bbox 2361 1554 2454 1592; x_wconf 82' lang='lat' dir='ltr'><strong>mihi</strong></span> 
     </span>
     <span class='ocr_line' id='line_1_24' title="bbox 291 1599 2457 1653; baseline 0.002 -15"><span class='ocrx_word' id='word_1_149' title='bbox 291 1603 396 1650; x_wconf 84' lang='lat' dir='ltr'><strong>Lege</strong></span> <span class='ocrx_word' id='word_1_150' title='bbox 412 1630 421 1645; x_wconf 87' lang='lat'>,</span> <span class='ocrx_word' id='word_1_151' title='bbox 450 1610 532 1651; x_wconf 81' lang='lat' dir='ltr'><strong>apta</strong></span> <span class='ocrx_word' id='word_1_152' title='bbox 551 1613 639 1639; x_wconf 88' lang='lat' dir='ltr'><strong>cum</strong></span> <span class='ocrx_word' id='word_1_153' title='bbox 660 1599 921 1650; x_wconf 86' lang='lat' dir='ltr'><strong>Argentinenfi</strong></span> <span class='ocrx_word' id='word_1_154' title='bbox 935 1628 946 1645; x_wconf 90' lang='lat'><strong>,</strong></span> <span class='ocrx_word' id='word_1_155' title='bbox 973 1612 1051 1638; x_wconf 90' lang='lat' dir='ltr'><strong>uno</strong></span> <span class='ocrx_word' id='word_1_156' title='bbox 1074 1599 1255 1637; x_wconf 75' lang='lat' dir='ltr'><strong>Patavino</strong></span> <span class='ocrx_word' id='word_1_157' title='bbox 1269 1627 1280 1646; x_wconf 91' lang='lat'>‚</span> <span class='ocrx_word' id='word_1_158' title='bbox 1309 1601 1349 1638; x_wconf 85' lang='lat'>&amp;</span> <span class='ocrx_word' id='word_1_159' title='bbox 1392 1603 1519 1652; x_wconf 76' lang='lat' dir='ltr'><strong>ftrvat</strong></span> <span class='ocrx_word' id='word_1_160' title='bbox 1538 1601 1695 1650; x_wconf 87' lang='lat' dir='ltr'><strong>probum</strong></span> <span class='ocrx_word' id='word_1_161' title='bbox 1719 1601 1878 1640; x_wconf 83' lang='lat' dir='ltr'><strong>videtur.</strong></span> <span class='ocrx_word' id='word_1_162' title='bbox 1902 1605 1940 1639; x_wconf 69' lang='grc' dir='ltr'><strong>δε</strong></span> <span class='ocrx_word' id='word_1_163' title='bbox 1961 1603 2006 1640; x_wconf 87' lang='lat' dir='ltr'><strong>de</strong></span> <span class='ocrx_word' id='word_1_164' title='bbox 2024 1612 2191 1641; x_wconf 79' lang='lat' dir='ltr'><strong>amatore</strong></span> <span class='ocrx_word' id='word_1_165' title='bbox 2206 1632 2215 1647; x_wconf 87' lang='lat'>‚</span> <span class='ocrx_word' id='word_1_166' title='bbox 2229 1605 2293 1653; x_wconf 86' lang='lat' dir='ltr'><strong>qui</strong></span> <span class='ocrx_word' id='word_1_167' title='bbox 2309 1604 2457 1642; x_wconf 74' lang='lat' dir='ltr'><strong>tabellas</strong></span> 
     </span>
    </p>
   </div>
   <div class='ocr_carea' id='block_1_11' title="bbox 282 1652 1366 3286">
    <p class='ocr_par' dir='ltr' id='par_1_12' title="bbox 288 1652 726 1701">
     <span class='ocr_line' id='line_1_25' title="bbox 288 1652 726 1701; baseline 0 -11"><span class='ocrx_word' id='word_1_168' title='bbox 288 1652 491 1698; x_wconf 77' lang='lat' dir='ltr'><strong>Vaticano.</strong></span> <span class='ocrx_word' id='word_1_169' title='bbox 518 1652 621 1701; x_wconf 87' lang='lat' dir='ltr'><strong>supra</strong></span> <span class='ocrx_word' id='word_1_170' title='bbox 641 1664 726 1699; x_wconf 82' lang='lat'>470.</span> 
     </span>
    </p>

    <p class='ocr_par' dir='ltr' id='par_1_13' title="bbox 292 1703 1058 1803">
     <span class='ocr_line' id='line_1_26' title="bbox 344 1703 1058 1753; baseline 0.001 -13"><span class='ocrx_word' id='word_1_171' title='bbox 344 1703 508 1753; x_wconf 85' lang='lat' dir='ltr'><strong>Accipiat</strong></span> <span class='ocrx_word' id='word_1_172' title='bbox 531 1703 646 1752; x_wconf 80' lang='lat' dir='ltr'><strong>missas</strong></span> <span class='ocrx_word' id='word_1_173' title='bbox 664 1713 746 1753; x_wconf 83' lang='lat' dir='ltr'><strong>apta</strong></span> <span class='ocrx_word' id='word_1_174' title='bbox 765 1703 926 1751; x_wconf 77' lang='lat' dir='ltr'><strong>mintstra</strong></span> <span class='ocrx_word' id='word_1_175' title='bbox 946 1712 1058 1741; x_wconf 82' lang='lat' dir='ltr'><strong>notas.</strong></span> 
     </span>
     <span class='ocr_line' id='line_1_27' title="bbox 292 1753 789 1803; baseline 0.002 -11"><span class='ocrx_word' id='word_1_176' title='bbox 292 1753 430 1792; x_wconf 86' lang='lat' dir='ltr'><strong>Amor.</strong></span> <span class='ocrx_word' id='word_1_177' title='bbox 450 1768 494 1792; x_wconf 87' lang='lat'><strong>11.</strong></span> <span class='ocrx_word' id='word_1_178' title='bbox 514 1755 618 1803; x_wconf 84' lang='lat' dir='ltr'><strong>Eleg.</strong></span> <span class='ocrx_word' id='word_1_179' title='bbox 639 1766 711 1793; x_wconf 81' lang='lat' dir='ltr'><strong>vn.</strong></span> <span class='ocrx_word' id='word_1_180' title='bbox 731 1768 789 1802; x_wconf 89' lang='lat'><strong>24.</strong></span> 
     </span>
    </p>

    <p class='ocr_par' dir='ltr' id='par_1_14' title="bbox 282 1805 1351 2049">
     <span class='ocr_line' id='line_1_28' title="bbox 345 1805 1141 1856; baseline 0.003 -15"><span class='ocrx_word' id='word_1_181' title='bbox 345 1805 402 1853; x_wconf 83' lang='lat' dir='ltr'><strong>Est</strong></span> <span class='ocrx_word' id='word_1_182' title='bbox 422 1805 486 1842; x_wconf 81' lang='lat' dir='ltr'><strong>tibi</strong></span> <span class='ocrx_word' id='word_1_183' title='bbox 502 1815 560 1856; x_wconf 86' lang='lat' dir='ltr'><strong>per</strong></span> <span class='ocrx_word' id='word_1_184' title='bbox 583 1806 698 1843; x_wconf 70' lang='lat' dir='ltr'><strong>doHas</strong></span> <span class='ocrx_word' id='word_1_185' title='bbox 717 1816 799 1856; x_wconf 82' lang='lat' dir='ltr'><strong>apta</strong></span> <span class='ocrx_word' id='word_1_186' title='bbox 822 1806 982 1853; x_wconf 80' lang='lat' dir='ltr'><strong>ministra</strong></span> <span class='ocrx_word' id='word_1_187' title='bbox 1002 1818 1141 1844; x_wconf 74' lang='lat' dir='ltr'><strong>manus.</strong></span> 
     </span>
     <span class='ocr_line' id='line_1_29' title="bbox 293 1855 982 1908; baseline 0 -13"><span class='ocrx_word' id='word_1_188' title='bbox 293 1855 344 1896; x_wconf 85' lang='lat' dir='ltr'><strong>Et</strong></span> <span class='ocrx_word' id='word_1_189' title='bbox 365 1856 410 1894; x_wconf 87' lang='lat' dir='ltr'><strong>ad</strong></span> <span class='ocrx_word' id='word_1_190' title='bbox 435 1857 620 1906; x_wconf 83' lang='lat' dir='ltr'><strong>Cypaffim</strong></span> <span class='ocrx_word' id='word_1_191' title='bbox 645 1870 693 1896; x_wconf 88' lang='lat'><strong>11.</strong></span> <span class='ocrx_word' id='word_1_192' title='bbox 715 1858 817 1908; x_wconf 86' lang='lat' dir='ltr'><strong>Eleg.</strong></span> <span class='ocrx_word' id='word_1_193' title='bbox 837 1870 928 1896; x_wconf 80' lang='lat' dir='ltr'><strong>vm.</strong></span> <span class='ocrx_word' id='word_1_194' title='bbox 947 1871 982 1904; x_wconf 82' lang='lat'><strong>4.</strong></span> 
     </span>
     <span class='ocr_line' id='line_1_30' title="bbox 282 1908 1248 1959; baseline 0.003 -16"><span class='ocrx_word' id='word_1_195' title='bbox 282 1954 285 1956; x_wconf 17' lang='lat'><em>⁴</em></span> <span class='ocrx_word' id='word_1_196' title='bbox 346 1912 447 1958; x_wconf 86' lang='lat' dir='ltr'><strong>Apta</strong></span> <span class='ocrx_word' id='word_1_197' title='bbox 467 1909 606 1959; x_wconf 76' lang='lat' dir='ltr'><strong>quidem</strong></span> <span class='ocrx_word' id='word_1_198' title='bbox 628 1909 789 1946; x_wconf 84' lang='lat' dir='ltr'><strong>dominae</strong></span> <span class='ocrx_word' id='word_1_199' title='bbox 802 1938 812 1954; x_wconf 89' lang='lat'>‚</span> <span class='ocrx_word' id='word_1_200' title='bbox 834 1911 896 1958; x_wconf 75' lang='lat' dir='ltr'><strong>sed</strong></span> <span class='ocrx_word' id='word_1_201' title='bbox 914 1909 1024 1959; x_wconf 82' lang='lat' dir='ltr'><strong>magis</strong></span> <span class='ocrx_word' id='word_1_202' title='bbox 1042 1917 1124 1959; x_wconf 89' lang='lat' dir='ltr'><strong>apta</strong></span> <span class='ocrx_word' id='word_1_203' title='bbox 1145 1908 1248 1946; x_wconf 79' lang='lat' dir='ltr'><strong>mihi.</strong></span> 
     </span>
     <span class='ocr_line' id='line_1_31' title="bbox 293 1958 1351 2012; baseline 0.004 -16"><span class='ocrx_word' id='word_1_204' title='bbox 293 1958 391 1997; x_wconf 87' lang='lat' dir='ltr'><strong>Met.</strong></span> <span class='ocrx_word' id='word_1_205' title='bbox 415 1959 475 1997; x_wconf 92' lang='lat' dir='ltr'><strong>lib.</strong></span> <span class='ocrx_word' id='word_1_206' title='bbox 505 1973 558 1997; x_wconf 76' lang='lat' dir='ltr'><strong>ix.</strong></span> <span class='ocrx_word' id='word_1_207' title='bbox 589 1961 674 1998; x_wconf 86' lang='lat'>610.</span> <span class='ocrx_word' id='word_1_208' title='bbox 708 1961 771 1999; x_wconf 91' lang='lat' dir='ltr'><strong>ubi</strong></span> <span class='ocrx_word' id='word_1_209' title='bbox 800 1961 924 2011; x_wconf 83' lang='lat' dir='ltr'><strong>Byblis</strong></span> <span class='ocrx_word' id='word_1_210' title='bbox 956 1961 1121 2012; x_wconf 87' lang='lat' dir='ltr'><strong>queritur</strong></span> <span class='ocrx_word' id='word_1_211' title='bbox 1140 1961 1186 1999; x_wconf 90' lang='lat' dir='ltr'><strong>de</strong></span> <span class='ocrx_word' id='word_1_212' title='bbox 1207 1961 1351 2000; x_wconf 85' lang='lat' dir='ltr'><strong>famulo</strong></span> 
     </span>
     <span class='ocr_line' id='line_1_32' title="bbox 296 2010 669 2049; baseline 0.003 -1"><span class='ocrx_word' id='word_1_213' title='bbox 296 2021 385 2048; x_wconf 84' lang='lat' dir='ltr'><strong>cum</strong></span> <span class='ocrx_word' id='word_1_214' title='bbox 404 2011 515 2049; x_wconf 88' lang='lat' dir='ltr'><strong>literis</strong></span> <span class='ocrx_word' id='word_1_215' title='bbox 540 2010 669 2049; x_wconf 85' lang='lat' dir='ltr'><strong>rniffo:</strong></span> 
     </span>
    </p>

    <p class='ocr_par' dir='ltr' id='par_1_15' title="bbox 345 2061 1143 2114">
     <span class='ocr_line' id='line_1_33' title="bbox 345 2061 1143 2114; baseline 0.001 -15"><span class='ocrx_word' id='word_1_216' title='bbox 345 2067 431 2099; x_wconf 86' lang='lat' dir='ltr'><strong>Non</strong></span> <span class='ocrx_word' id='word_1_217' title='bbox 449 2061 541 2099; x_wconf 81' lang='lat' dir='ltr'><strong>adiit</strong></span> <span class='ocrx_word' id='word_1_218' title='bbox 554 2071 628 2111; x_wconf 80' lang='lat' dir='ltr'><strong>apte</strong></span> <span class='ocrx_word' id='word_1_219' title='bbox 643 2091 653 2107; x_wconf 91' lang='lat'><strong>‚</strong></span> <span class='ocrx_word' id='word_1_220' title='bbox 681 2076 749 2101; x_wconf 81' lang='lat' dir='ltr'><strong>non</strong></span> <span class='ocrx_word' id='word_1_221' title='bbox 767 2062 849 2114; x_wconf 84' lang='lat' dir='ltr'><strong>legit</strong></span> <span class='ocrx_word' id='word_1_222' title='bbox 869 2062 992 2100; x_wconf 74' lang='lat' dir='ltr'><strong>idonea</strong></span> <span class='ocrx_word' id='word_1_223' title='bbox 1004 2091 1014 2109; x_wconf 93' lang='lat'>,</span> <span class='ocrx_word' id='word_1_224' title='bbox 1027 2063 1143 2108; x_wconf 82' lang='lat' dir='ltr'><strong>credo,</strong></span> 
     </span>
    </p>

    <p class='ocr_par' dir='ltr' id='par_1_16' title="bbox 347 2114 789 2162">
     <span class='ocr_line' id='line_1_34' title="bbox 347 2114 789 2162; baseline 0.007 -12"><span class='ocrx_word' id='word_1_225' title='bbox 347 2118 526 2162; x_wconf 86' lang='lat' dir='ltr'><strong>Tempora.</strong></span> <span class='ocrx_word' id='word_1_226' title='bbox 579 2114 789 2153; x_wconf 62' lang='lat' dir='ltr'><strong>Hnmsms.</strong></span> 
     </span>
    </p>

    <p class='ocr_par' dir='ltr' id='par_1_17' title="bbox 297 2163 1358 2268">
     <span class='ocr_line' id='line_1_35' title="bbox 344 2163 1358 2219; baseline 0.006 -18"><span class='ocrx_word' id='word_1_227' title='bbox 344 2163 429 2210; x_wconf 83' lang='lat'>486.</span> <span class='ocrx_word' id='word_1_228' title='bbox 457 2164 607 2214; x_wconf 83' lang='lat' dir='ltr'><strong>Pignora</strong></span> <span class='ocrx_word' id='word_1_229' title='bbox 627 2179 685 2202; x_wconf 84' lang='lat' dir='ltr'><strong>nec</strong></span> <span class='ocrx_word' id='word_1_230' title='bbox 698 2165 864 2216; x_wconf 55' lang='lat' dir='ltr'><strong>juveni]</strong></span> <span class='ocrx_word' id='word_1_231' title='bbox 894 2167 1016 2216; x_wconf 78' lang='lat' dir='ltr'><strong>Magis</strong></span> <span class='ocrx_word' id='word_1_232' title='bbox 1037 2168 1239 2214; x_wconf 83' lang='lat' dir='ltr'><strong>convenit,</strong></span> <span class='ocrx_word' id='word_1_233' title='bbox 1253 2168 1358 2219; x_wconf 87' lang='lat' dir='ltr'><strong>quod</strong></span> 
     </span>
     <span class='ocr_line' id='line_1_36' title="bbox 297 2213 966 2268; baseline 0.006 -16"><span class='ocrx_word' id='word_1_234' title='bbox 297 2213 320 2252; x_wconf 77' lang='grc' dir='ltr'>ὲ</span> <span class='ocrx_word' id='word_1_235' title='bbox 340 2216 457 2252; x_wconf 88' lang='lat' dir='ltr'><strong>veteri</strong></span> <span class='ocrx_word' id='word_1_236' title='bbox 477 2215 608 2253; x_wconf 87' lang='lat' dir='ltr'><strong>codice</strong></span> <span class='ocrx_word' id='word_1_237' title='bbox 637 2217 769 2254; x_wconf 79' lang='lat' dir='ltr'><strong>citabat</strong></span> <span class='ocrx_word' id='word_1_238' title='bbox 790 2218 966 2268; x_wconf 81' lang='lat' dir='ltr'><strong>Scaliger:</strong></span> 
     </span>
    </p>

    <p class='ocr_par' dir='ltr' id='par_1_18' title="bbox 349 2265 1276 2318">
     <span class='ocr_line' id='line_1_37' title="bbox 349 2265 1276 2318; baseline 0.006 -16"><span class='ocrx_word' id='word_1_239' title='bbox 349 2265 517 2303; x_wconf 82' lang='lat' dir='ltr'><strong>Ancillae</strong></span> <span class='ocrx_word' id='word_1_240' title='bbox 531 2266 696 2317; x_wconf 83' lang='lat' dir='ltr'><strong>puerique</strong></span> <span class='ocrx_word' id='word_1_241' title='bbox 717 2281 842 2305; x_wconf 83' lang='lat' dir='ltr'><strong>manus</strong></span> <span class='ocrx_word' id='word_1_242' title='bbox 858 2278 994 2318; x_wconf 83' lang='lat' dir='ltr'><strong>premat</strong></span> <span class='ocrx_word' id='word_1_243' title='bbox 1013 2280 1090 2306; x_wconf 86' lang='lat' dir='ltr'><strong>arte</strong></span> <span class='ocrx_word' id='word_1_244' title='bbox 1108 2269 1276 2309; x_wconf 81' lang='lat' dir='ltr'><strong>tabellas:</strong></span> 
     </span>
    </p>

    <p class='ocr_par' dir='ltr' id='par_1_19' title="bbox 399 2318 1154 2368">
     <span class='ocr_line' id='line_1_38' title="bbox 399 2318 1154 2368; baseline 0.007 -15"><span class='ocrx_word' id='word_1_245' title='bbox 399 2318 551 2366; x_wconf 82' lang='lat' dir='ltr'><strong>Pignora</strong></span> <span class='ocrx_word' id='word_1_246' title='bbox 575 2331 635 2355; x_wconf 84' lang='lat' dir='ltr'><strong>nec</strong></span> <span class='ocrx_word' id='word_1_247' title='bbox 646 2327 750 2368; x_wconf 81' lang='lat' dir='ltr'><strong>puero</strong></span> <span class='ocrx_word' id='word_1_248' title='bbox 776 2320 899 2357; x_wconf 83' lang='lat' dir='ltr'><strong>credite</strong></span> <span class='ocrx_word' id='word_1_249' title='bbox 916 2321 1031 2368; x_wconf 85' lang='lat' dir='ltr'><strong>vestra</strong></span> <span class='ocrx_word' id='word_1_250' title='bbox 1054 2334 1154 2359; x_wconf 86' lang='lat' dir='ltr'><strong>novo.</strong></span> 
     </span>
    </p>

    <p class='ocr_par' dir='ltr' id='par_1_20' title="bbox 296 2367 1363 2470">
     <span class='ocr_line' id='line_1_39' title="bbox 296 2367 1363 2418; baseline 0.007 -11"><span class='ocrx_word' id='word_1_251' title='bbox 296 2367 407 2409; x_wconf 72' lang='lat' dir='ltr'><strong>DAN.</strong></span> <span class='ocrx_word' id='word_1_252' title='bbox 436 2371 653 2408; x_wconf 69' lang='lat' dir='ltr'><strong>Hismsius.</strong></span> <span class='ocrx_word' id='word_1_253' title='bbox 689 2376 791 2407; x_wconf 82' lang='lat' dir='ltr'><strong>Novo</strong></span> <span class='ocrx_word' id='word_1_254' title='bbox 819 2372 972 2418; x_wconf 77' lang='lat' dir='ltr'><strong>juveni,</strong></span> <span class='ocrx_word' id='word_1_255' title='bbox 999 2384 1105 2411; x_wconf 87' lang='lat' dir='ltr'><strong>novo</strong></span> <span class='ocrx_word' id='word_1_256' title='bbox 1132 2375 1284 2415; x_wconf 80' lang='lat' dir='ltr'><strong>amanti.</strong></span> <span class='ocrx_word' id='word_1_257' title='bbox 1322 2383 1363 2414; x_wconf 90' lang='lat' dir='ltr'><strong>ut</strong></span> 
     </span>
     <span class='ocr_line' id='line_1_40' title="bbox 298 2421 501 2470; baseline 0 -12"><span class='ocrx_word' id='word_1_258' title='bbox 298 2421 394 2459; x_wconf 83' lang='lat' dir='ltr'><strong>infra</strong></span> <span class='ocrx_word' id='word_1_259' title='bbox 419 2433 501 2470; x_wconf 78' lang='lat'><strong>554.</strong></span> 
     </span>
    </p>

    <p class='ocr_par' dir='ltr' id='par_1_21' title="bbox 300 2471 1366 3286">
     <span class='ocr_line' id='line_1_41' title="bbox 352 2471 1102 2524; baseline 0.004 -16"><span class='ocrx_word' id='word_1_260' title='bbox 352 2490 455 2499; x_wconf 92' lang='lat'>—-—-</span> <span class='ocrx_word' id='word_1_261' title='bbox 485 2479 610 2509; x_wconf 84' lang='lat' dir='ltr'><strong>Novus</strong></span> <span class='ocrx_word' id='word_1_262' title='bbox 632 2472 706 2522; x_wconf 73' lang='lat' dir='ltr'><strong>viſs&gt;</strong></span> <span class='ocrx_word' id='word_1_263' title='bbox 725 2471 806 2522; x_wconf 80' lang='lat' dir='ltr'><strong>casse</strong></span> <span class='ocrx_word' id='word_1_264' title='bbox 824 2472 946 2524; x_wconf 76' lang='lat' dir='ltr'><strong>resistet</strong></span> <span class='ocrx_word' id='word_1_265' title='bbox 965 2487 1102 2512; x_wconf 83' lang='lat' dir='ltr'><strong>amans.</strong></span> 
     </span>
     <span class='ocr_line' id='line_1_42' title="bbox 300 2522 1359 2577; baseline 0.005 -17"><span class='ocrx_word' id='word_1_266' title='bbox 300 2522 373 2561; x_wconf 84' lang='lat' dir='ltr'><strong>Sed</strong></span> <span class='ocrx_word' id='word_1_267' title='bbox 390 2523 470 2561; x_wconf 83' lang='lat' dir='ltr'><strong>libri</strong></span> <span class='ocrx_word' id='word_1_268' title='bbox 490 2535 622 2561; x_wconf 86' lang='lat' dir='ltr'><strong>omnes</strong></span> <span class='ocrx_word' id='word_1_269' title='bbox 634 2532 776 2562; x_wconf 86' lang='lat' dir='ltr'><strong>veteres</strong></span> <span class='ocrx_word' id='word_1_270' title='bbox 790 2537 877 2563; x_wconf 85' lang='lat' dir='ltr'><strong>cum</strong></span> <span class='ocrx_word' id='word_1_271' title='bbox 897 2524 1016 2575; x_wconf 72' lang='lat' dir='ltr'><strong>primii</strong></span> <span class='ocrx_word' id='word_1_272' title='bbox 1035 2527 1200 2565; x_wconf 84' lang='lat' dir='ltr'><strong>editione</strong></span> <span class='ocrx_word' id='word_1_273' title='bbox 1213 2556 1223 2572; x_wconf 91' lang='lat'>‚</span> <span class='ocrx_word' id='word_1_274' title='bbox 1231 2536 1334 2577; x_wconf 77' lang='lat' dir='ltr'><strong>puero</strong></span> <span class='ocrx_word' id='word_1_275' title='bbox 1349 2557 1359 2574; x_wconf 88' lang='lat'>,</span> 
     </span>
     <span class='ocr_line' id='line_1_43' title="bbox 301 2574 1362 2624; baseline 0.005 -13"><span class='ocrx_word' id='word_1_276' title='bbox 301 2574 406 2622; x_wconf 86' lang='lat' dir='ltr'><strong>quod</strong></span> <span class='ocrx_word' id='word_1_277' title='bbox 422 2575 502 2624; x_wconf 78' lang='lat' dir='ltr'><strong>jam</strong></span> <span class='ocrx_word' id='word_1_278' title='bbox 522 2575 722 2624; x_wconf 83' lang='lat' dir='ltr'><strong>praecefiit.</strong></span> <span class='ocrx_word' id='word_1_279' title='bbox 749 2576 927 2623; x_wconf 84' lang='lat' dir='ltr'><strong>Junianus</strong></span> <span class='ocrx_word' id='word_1_280' title='bbox 947 2576 1038 2614; x_wconf 82' lang='lat' dir='ltr'><strong>rudi.</strong></span> <span class='ocrx_word' id='word_1_281' title='bbox 1067 2577 1179 2616; x_wconf 83' lang='lat' dir='ltr'><strong>Forte</strong></span> <span class='ocrx_word' id='word_1_282' title='bbox 1194 2606 1204 2623; x_wconf 94' lang='lat'>‚</span> <span class='ocrx_word' id='word_1_283' title='bbox 1231 2593 1362 2616; x_wconf 79' lang='lat' dir='ltr'><strong>vernae</strong></span> 
     </span>
     <span class='ocr_line' id='line_1_44' title="bbox 301 2625 1362 2677; baseline 0.006 -16"><span class='ocrx_word' id='word_1_284' title='bbox 301 2625 396 2662; x_wconf 78' lang='lat' dir='ltr'><strong>rudi.</strong></span> <span class='ocrx_word' id='word_1_285' title='bbox 423 2628 472 2663; x_wconf 79' lang='lat' dir='ltr'><strong>ita</strong></span> <span class='ocrx_word' id='word_1_286' title='bbox 493 2626 597 2675; x_wconf 83' lang='lat' dir='ltr'><strong>saepe</strong></span> <span class='ocrx_word' id='word_1_287' title='bbox 619 2639 686 2675; x_wconf 90' lang='lat' dir='ltr'><strong>pro</strong></span> <span class='ocrx_word' id='word_1_288' title='bbox 714 2626 819 2665; x_wconf 85' lang='lat' dir='ltr'><strong>servo</strong></span> <span class='ocrx_word' id='word_1_289' title='bbox 847 2632 1004 2677; x_wconf 76' lang='lat' dir='ltr'><strong>poetae:</strong></span> <span class='ocrx_word' id='word_1_290' title='bbox 1032 2629 1169 2677; x_wconf 84' lang='lat' dir='ltr'><strong>Regius</strong></span> <span class='ocrx_word' id='word_1_291' title='bbox 1190 2658 1200 2674; x_wconf 92' lang='lat'>‚</span> <span class='ocrx_word' id='word_1_292' title='bbox 1231 2631 1362 2667; x_wconf 79' lang='lat' dir='ltr'><strong>credita</strong></span> 
     </span>
     <span class='ocr_line' id='line_1_45' title="bbox 304 2678 1362 2724; baseline 0.009 -14"><span class='ocrx_word' id='word_1_293' title='bbox 304 2687 426 2713; x_wconf 79' lang='lat' dir='ltr'><strong>notra.</strong></span> <span class='ocrx_word' id='word_1_294' title='bbox 455 2678 670 2715; x_wconf 65' lang='lat' dir='ltr'><strong>Heinsius.</strong></span> <span class='ocrx_word' id='word_1_295' title='bbox 699 2678 841 2723; x_wconf 73' lang='lat' dir='ltr'><strong>Juvem·</strong></span> <span class='ocrx_word' id='word_1_296' title='bbox 860 2679 1004 2717; x_wconf 68' lang='lat' dir='ltr'><strong>rectum</strong></span> <span class='ocrx_word' id='word_1_297' title='bbox 1029 2679 1099 2724; x_wconf 84' lang='lat' dir='ltr'><strong>est,</strong></span> <span class='ocrx_word' id='word_1_298' title='bbox 1135 2692 1206 2718; x_wconf 90' lang='lat' dir='ltr'><strong>nec</strong></span> <span class='ocrx_word' id='word_1_299' title='bbox 1229 2681 1274 2719; x_wconf 91' lang='lat' dir='ltr'><strong>de</strong></span> <span class='ocrx_word' id='word_1_300' title='bbox 1292 2682 1362 2720; x_wconf 84' lang='lat' dir='ltr'><strong>ser—</strong></span> 
     </span>
     <span class='ocr_line' id='line_1_46' title="bbox 302 2727 1362 2779; baseline 0.008 -17"><span class='ocrx_word' id='word_1_301' title='bbox 302 2736 354 2762; x_wconf 80' lang='lat' dir='ltr'><strong>vo</strong></span> <span class='ocrx_word' id='word_1_302' title='bbox 368 2754 377 2769; x_wconf 89' lang='lat'>‚</span> <span class='ocrx_word' id='word_1_303' title='bbox 405 2727 465 2765; x_wconf 87' lang='lat' dir='ltr'><strong>sed</strong></span> <span class='ocrx_word' id='word_1_304' title='bbox 485 2738 651 2767; x_wconf 84' lang='lat' dir='ltr'><strong>amatore</strong></span> <span class='ocrx_word' id='word_1_305' title='bbox 672 2729 782 2767; x_wconf 87' lang='lat' dir='ltr'><strong>debet</strong></span> <span class='ocrx_word' id='word_1_306' title='bbox 802 2730 980 2779; x_wconf 89' lang='lat' dir='ltr'><strong>intelligi,</strong></span> <span class='ocrx_word' id='word_1_307' title='bbox 1009 2738 1049 2768; x_wconf 89' lang='lat' dir='ltr'><strong>ut</strong></span> <span class='ocrx_word' id='word_1_308' title='bbox 1070 2730 1259 2779; x_wconf 81' lang='lat' dir='ltr'><strong>sequentia</strong></span> <span class='ocrx_word' id='word_1_309' title='bbox 1282 2745 1362 2770; x_wconf 86' lang='lat' dir='ltr'><strong>ma-</strong></span> 
     </span>
     <span class='ocr_line' id='line_1_47' title="bbox 305 2776 1363 2833; baseline 0.006 -19"><span class='ocrx_word' id='word_1_310' title='bbox 305 2776 439 2814; x_wconf 84' lang='lat' dir='ltr'><strong>nifesto</strong></span> <span class='ocrx_word' id='word_1_311' title='bbox 460 2779 721 2818; x_wconf 81' lang='lat' dir='ltr'><strong>demonstrant.</strong></span> <span class='ocrx_word' id='word_1_312' title='bbox 736 2782 774 2818; x_wconf 83' lang='lat'>&amp;</span> <span class='ocrx_word' id='word_1_313' title='bbox 797 2781 968 2819; x_wconf 81' lang='lat' dir='ltr'><strong>ridiculus</strong></span> <span class='ocrx_word' id='word_1_314' title='bbox 992 2781 1041 2818; x_wconf 77' lang='lat' dir='ltr'><strong>est</strong></span> <span class='ocrx_word' id='word_1_315' title='bbox 1063 2782 1264 2820; x_wconf 82' lang='lat' dir='ltr'><strong>Gonzalius</strong></span> <span class='ocrx_word' id='word_1_316' title='bbox 1278 2785 1363 2833; x_wconf 88' lang='lat' dir='ltr'><strong>‚qui</strong></span> 
     </span>
     <span class='ocr_line' id='line_1_48' title="bbox 307 2828 1363 2882; baseline 0.008 -18"><span class='ocrx_word' id='word_1_317' title='bbox 307 2839 353 2865; x_wconf 86' lang='lat' dir='ltr'><strong>ex</strong></span> <span class='ocrx_word' id='word_1_318' title='bbox 387 2828 461 2865; x_wconf 88' lang='lat' dir='ltr'><strong>hoc</strong></span> <span class='ocrx_word' id='word_1_319' title='bbox 490 2829 577 2867; x_wconf 87' lang='lat' dir='ltr'><strong>loco</strong></span> <span class='ocrx_word' id='word_1_320' title='bbox 608 2833 761 2879; x_wconf 74' lang='lat' dir='ltr'><strong>probate</strong></span> <span class='ocrx_word' id='word_1_321' title='bbox 790 2833 940 2871; x_wconf 78' lang='lat' dir='ltr'><strong>volebat</strong></span> <span class='ocrx_word' id='word_1_322' title='bbox 960 2833 1130 2882; x_wconf 76' lang='lat' dir='ltr'><strong>juvenem</strong></span> <span class='ocrx_word' id='word_1_323' title='bbox 1161 2845 1227 2882; x_wconf 89' lang='lat' dir='ltr'><strong>pro</strong></span> <span class='ocrx_word' id='word_1_324' title='bbox 1258 2834 1363 2872; x_wconf 81' lang='lat' dir='ltr'><strong>servo</strong></span> 
     </span>
     <span class='ocr_line' id='line_1_49' title="bbox 306 2879 1362 2933; baseline 0.007 -18"><span class='ocrx_word' id='word_1_325' title='bbox 306 2879 410 2927; x_wconf 87' lang='lat' dir='ltr'><strong>poni.</strong></span> <span class='ocrx_word' id='word_1_326' title='bbox 438 2879 524 2916; x_wconf 83' lang='lat' dir='ltr'><strong>vide</strong></span> <span class='ocrx_word' id='word_1_327' title='bbox 554 2893 620 2918; x_wconf 82' lang='lat' dir='ltr'><strong>nos</strong></span> <span class='ocrx_word' id='word_1_328' title='bbox 639 2883 683 2920; x_wconf 78' lang='lat' dir='ltr'><strong>ad</strong></span> <span class='ocrx_word' id='word_1_329' title='bbox 711 2884 875 2921; x_wconf 88' lang='lat' dir='ltr'><strong>Petronii</strong></span> <span class='ocrx_word' id='word_1_330' title='bbox 907 2896 984 2933; x_wconf 89' lang='lat' dir='ltr'><strong>cap.</strong></span> <span class='ocrx_word' id='word_1_331' title='bbox 1010 2896 1105 2922; x_wconf 77' lang='lat' dir='ltr'><strong>xxix.</strong></span> <span class='ocrx_word' id='word_1_332' title='bbox 1135 2884 1183 2922; x_wconf 87' lang='lat' dir='ltr'><strong>fic</strong></span> <span class='ocrx_word' id='word_1_333' title='bbox 1214 2885 1362 2922; x_wconf 81' lang='lat' dir='ltr'><strong>tironem</strong></span> 
     </span>
     <span class='ocr_line' id='line_1_50' title="bbox 307 2932 1361 2979; baseline 0.007 -12"><span class='ocrx_word' id='word_1_334' title='bbox 307 2938 444 2974; x_wconf 75' lang='lat' dir='ltr'><strong>vocat,</strong></span> <span class='ocrx_word' id='word_1_335' title='bbox 469 2932 507 2967; x_wconf 83' lang='lat'>&amp;</span> <span class='ocrx_word' id='word_1_336' title='bbox 527 2933 684 2979; x_wconf 88' lang='lat' dir='ltr'><strong>opponit</strong></span> <span class='ocrx_word' id='word_1_337' title='bbox 706 2935 823 2971; x_wconf 74' lang='lat' dir='ltr'><strong>veteri</strong></span> <span class='ocrx_word' id='word_1_338' title='bbox 852 2936 961 2973; x_wconf 85' lang='lat' dir='ltr'><strong>militi</strong></span> <span class='ocrx_word' id='word_1_339' title='bbox 990 2936 1073 2973; x_wconf 87' lang='lat' dir='ltr'><strong>infr.</strong></span> <span class='ocrx_word' id='word_1_340' title='bbox 1091 2937 1149 2978; x_wconf 62' lang='lat' dir='ltr'><strong>ybs,</strong></span> <span class='ocrx_word' id='word_1_341' title='bbox 1172 2937 1253 2976; x_wconf 59' lang='lat'><strong>466.</strong></span> <span class='ocrx_word' id='word_1_342' title='bbox 1307 2937 1361 2975; x_wconf 74' lang='lat' dir='ltr'><strong>Ita</strong></span> 
     </span>
     <span class='ocr_line' id='line_1_51' title="bbox 305 2982 1361 3034; baseline 0.009 -18"><span class='ocrx_word' id='word_1_343' title='bbox 305 2989 388 3029; x_wconf 78' lang='lat' dir='ltr'><strong>puer</strong></span> <span class='ocrx_word' id='word_1_344' title='bbox 415 2982 612 3030; x_wconf 78' lang='lat' dir='ltr'><strong>&amp;juvenis</strong></span> <span class='ocrx_word' id='word_1_345' title='bbox 639 2984 916 3023; x_wconf 85' lang='lat' dir='ltr'><strong>confunduntur</strong></span> <span class='ocrx_word' id='word_1_346' title='bbox 946 2987 1028 3024; x_wconf 84' lang='lat' dir='ltr'><strong>infr.</strong></span> <span class='ocrx_word' id='word_1_347' title='bbox 1062 2998 1145 3034; x_wconf 78' lang='lat'>571.</span> <span class='ocrx_word' id='word_1_348' title='bbox 1182 2987 1228 3025; x_wconf 88' lang='lat' dir='ltr'><strong>de</strong></span> <span class='ocrx_word' id='word_1_349' title='bbox 1256 2987 1361 3025; x_wconf 85' lang='lat' dir='ltr'><strong>servo</strong></span> 
     </span>
     <span class='ocr_line' id='line_1_52' title="bbox 310 3032 1362 3086; baseline 0.007 -17"><span class='ocrx_word' id='word_1_350' title='bbox 310 3033 408 3081; x_wconf 85' lang='lat' dir='ltr'><strong>cepit</strong></span> <span class='ocrx_word' id='word_1_351' title='bbox 429 3032 590 3071; x_wconf 84' lang='lat' dir='ltr'><strong>librarius</strong></span> <span class='ocrx_word' id='word_1_352' title='bbox 623 3034 893 3073; x_wconf 71' lang='lat' dir='ltr'><strong>Lincolniensxs</strong></span> <span class='ocrx_word' id='word_1_353' title='bbox 919 3037 1079 3082; x_wconf 78' lang='lat' dir='ltr'><strong>codiciS,</strong></span> <span class='ocrx_word' id='word_1_354' title='bbox 1104 3039 1168 3085; x_wconf 79' lang='lat' dir='ltr'><strong>qui</strong></span> <span class='ocrx_word' id='word_1_355' title='bbox 1196 3039 1362 3086; x_wconf 82' lang='lat' dir='ltr'><strong>sequenti</strong></span> 
     </span>
     <span class='ocr_line' id='line_1_53' title="bbox 307 3083 1364 3137; baseline 0.005 -17"><span class='ocrx_word' id='word_1_356' title='bbox 307 3083 412 3121; x_wconf 83' lang='lat' dir='ltr'><strong>versu</strong></span> <span class='ocrx_word' id='word_1_357' title='bbox 422 3083 530 3121; x_wconf 85' lang='lat' dir='ltr'><strong>habet</strong></span> <span class='ocrx_word' id='word_1_358' title='bbox 542 3084 725 3131; x_wconf 70' lang='lat' dir='ltr'><strong>,fallentes</strong></span> <span class='ocrx_word' id='word_1_359' title='bbox 743 3085 808 3133; x_wconf 82' lang='lat' dir='ltr'><strong>ipso</strong></span> <span class='ocrx_word' id='word_1_360' title='bbox 827 3087 1083 3137; x_wconf 59' lang='lat' dir='ltr'><strong>latorepuellas.</strong></span> <span class='ocrx_word' id='word_1_361' title='bbox 1102 3090 1139 3124; x_wconf 81' lang='lat'>&amp;</span> <span class='ocrx_word' id='word_1_362' title='bbox 1151 3090 1364 3135; x_wconf 77' lang='lat' dir='ltr'><strong>Juiiiaii.de-</strong></span> 
     </span>
     <span class='ocr_line' id='line_1_54' title="bbox 312 3134 1364 3186; baseline 0.004 -15"><span class='ocrx_word' id='word_1_363' title='bbox 312 3143 416 3183; x_wconf 72' lang='lat' dir='ltr'><strong>septos</strong></span> <span class='ocrx_word' id='word_1_364' title='bbox 434 3134 491 3180; x_wconf 87' lang='lat' dir='ltr'><strong>isto</strong></span> <span class='ocrx_word' id='word_1_365' title='bbox 515 3134 633 3173; x_wconf 79' lang='lat' dir='ltr'><strong>latore.</strong></span> <span class='ocrx_word' id='word_1_366' title='bbox 662 3134 834 3184; x_wconf 75' lang='lat' dir='ltr'><strong>Deflentes</strong></span> <span class='ocrx_word' id='word_1_367' title='bbox 853 3138 910 3184; x_wconf 83' lang='lat' dir='ltr'><strong>isto</strong></span> <span class='ocrx_word' id='word_1_368' title='bbox 930 3150 1054 3175; x_wconf 85' lang='lat' dir='ltr'><strong>terrore</strong></span> <span class='ocrx_word' id='word_1_369' title='bbox 1072 3138 1217 3186; x_wconf 81' lang='lat' dir='ltr'><strong>Aprolii</strong></span> <span class='ocrx_word' id='word_1_370' title='bbox 1234 3140 1271 3175; x_wconf 67' lang='grc' dir='ltr'><strong>ὃς</strong></span> <span class='ocrx_word' id='word_1_371' title='bbox 1294 3147 1364 3176; x_wconf 74' lang='lat' dir='ltr'><strong>tres</strong></span> 
     </span>
     <span class='ocr_line' id='line_1_55' title="bbox 311 3186 1366 3238; baseline 0.005 -16"><span class='ocrx_word' id='word_1_372' title='bbox 311 3186 383 3222; x_wconf 84' lang='lat' dir='ltr'><strong>alii.</strong></span> <span class='ocrx_word' id='word_1_373' title='bbox 401 3186 571 3231; x_wconf 79' lang='lat' dir='ltr'><strong>fallentes</strong></span> <span class='ocrx_word' id='word_1_374' title='bbox 593 3187 710 3224; x_wconf 85' lang='lat' dir='ltr'><strong>multi.</strong></span> <span class='ocrx_word' id='word_1_375' title='bbox 740 3190 914 3237; x_wconf 77' lang='lat' dir='ltr'><strong>praecipit</strong></span> <span class='ocrx_word' id='word_1_376' title='bbox 940 3202 1028 3238; x_wconf 86' lang='lat' dir='ltr'><strong>ergo</strong></span> <span class='ocrx_word' id='word_1_377' title='bbox 1052 3219 1062 3235; x_wconf 92' lang='lat'>‚</span> <span class='ocrx_word' id='word_1_378' title='bbox 1099 3198 1140 3226; x_wconf 89' lang='lat' dir='ltr'><strong>ut</strong></span> <span class='ocrx_word' id='word_1_379' title='bbox 1156 3190 1284 3226; x_wconf 77' lang='lat' dir='ltr'><strong>ancilla</strong></span> <span class='ocrx_word' id='word_1_380' title='bbox 1306 3191 1366 3228; x_wconf 83' lang='lat' dir='ltr'><strong>vel</strong></span> 
     </span>
     <span class='ocr_line' id='line_1_56' title="bbox 311 3236 1362 3286; baseline 0.004 -12"><span class='ocrx_word' id='word_1_381' title='bbox 311 3248 402 3284; x_wconf 81' lang='lat' dir='ltr'><strong>puer</strong></span> <span class='ocrx_word' id='word_1_382' title='bbox 424 3237 541 3274; x_wconf 81' lang='lat' dir='ltr'><strong>literas</strong></span> <span class='ocrx_word' id='word_1_383' title='bbox 562 3236 680 3277; x_wconf 79' lang='lat' dir='ltr'><strong>miffas</strong></span> <span class='ocrx_word' id='word_1_384' title='bbox 697 3238 741 3276; x_wconf 84' lang='lat' dir='ltr'><strong>ad</strong></span> <span class='ocrx_word' id='word_1_385' title='bbox 761 3248 948 3277; x_wconf 81' lang='lat' dir='ltr'><strong>amantem</strong></span> <span class='ocrx_word' id='word_1_386' title='bbox 963 3268 971 3283; x_wconf 92' lang='lat'>‚</span> <span class='ocrx_word' id='word_1_387' title='bbox 996 3242 1035 3277; x_wconf 68' lang='grc' dir='ltr'><strong>ὃς</strong></span> <span class='ocrx_word' id='word_1_388' title='bbox 1064 3240 1173 3277; x_wconf 53' lang='lat' dir='ltr'><strong>lectas</strong></span> <span class='ocrx_word' id='word_1_389' title='bbox 1202 3242 1362 3286; x_wconf 87' lang='lat' dir='ltr'><strong>referat,</strong></span> 
     </span>
    </p>
   </div>
   <div class='ocr_carea' id='block_1_12' title="bbox 313 3287 1367 3381">
    <p class='ocr_par' dir='ltr' id='par_1_22' title="bbox 313 3287 1367 3381">
     <span class='ocr_line' id='line_1_57' title="bbox 313 3287 1367 3375; baseline 0.01 -52"><span class='ocrx_word' id='word_1_390' title='bbox 313 3299 360 3375; x_wconf 51' lang='lat' dir='ltr'><strong>{e</strong></span> <span class='ocrx_word' id='word_1_391' title='bbox 380 3287 497 3325; x_wconf 68' lang='lat' dir='ltr'><strong>servet</strong></span> <span class='ocrx_word' id='word_1_392' title='bbox 518 3299 684 3339; x_wconf 80' lang='lat' dir='ltr'><strong>amator,</strong></span> <span class='ocrx_word' id='word_1_393' title='bbox 709 3290 841 3341; x_wconf 83' lang='lat' dir='ltr'><strong>quibus</strong></span> <span class='ocrx_word' id='word_1_394' title='bbox 862 3292 987 3342; x_wconf 84' lang='lat' dir='ltr'><strong>postea</strong></span> <span class='ocrx_word' id='word_1_395' title='bbox 1010 3298 1049 3332; x_wconf 88' lang='lat' dir='ltr'><strong>ut</strong></span> <span class='ocrx_word' id='word_1_396' title='bbox 1066 3291 1222 3332; x_wconf 85' lang='lat' dir='ltr'><strong>fulmine</strong></span> <span class='ocrx_word' id='word_1_397' title='bbox 1235 3301 1367 3334; x_wconf 86' lang='lat' dir='ltr'><strong>utatur.</strong></span> 
     </span>
     <span class='ocr_line' id='line_1_58' title="bbox 348 3351 582 3381; baseline 0.03 -7"><span class='ocrx_word' id='word_1_398' title='bbox 348 3351 582 3381; x_wconf 53' lang='lat' dir='ltr'><strong>vanamne&amp;</strong></span> 
     </span>
    </p>
   </div>
   <div class='ocr_carea' id='block_1_13' title="bbox 1402 1652 2460 1806">
    <p class='ocr_par' dir='ltr' id='par_1_23' title="bbox 1402 1652 2460 1806">
     <span class='ocr_line' id='line_1_59' title="bbox 1403 1652 2458 1703; baseline 0 -11"><span class='ocrx_word' id='word_1_399' title='bbox 1403 1667 1482 1692; x_wconf 89' lang='lat' dir='ltr'><strong>non</strong></span> <span class='ocrx_word' id='word_1_400' title='bbox 1506 1653 1660 1690; x_wconf 85' lang='lat' dir='ltr'><strong>remittit</strong></span> <span class='ocrx_word' id='word_1_401' title='bbox 1684 1652 1843 1696; x_wconf 81' lang='lat' dir='ltr'><strong>deletas,</strong></span> <span class='ocrx_word' id='word_1_402' title='bbox 1886 1653 2000 1703; x_wconf 87' lang='lat' dir='ltr'><strong>iisque</strong></span> <span class='ocrx_word' id='word_1_403' title='bbox 2027 1655 2236 1702; x_wconf 86' lang='lat' dir='ltr'><strong>responsum</strong></span> <span class='ocrx_word' id='word_1_404' title='bbox 2264 1655 2370 1692; x_wconf 88' lang='lat' dir='ltr'><strong>suum</strong></span> <span class='ocrx_word' id='word_1_405' title='bbox 2398 1656 2458 1693; x_wconf 89' lang='lat' dir='ltr'><strong>in-</strong></span> 
     </span>
     <span class='ocr_line' id='line_1_60' title="bbox 1402 1702 2460 1754; baseline 0 -11"><span class='ocrx_word' id='word_1_406' title='bbox 1402 1704 1537 1754; x_wconf 80' lang='lat' dir='ltr'><strong>scripsit</strong></span> <span class='ocrx_word' id='word_1_407' title='bbox 1553 1733 1562 1748; x_wconf 92' lang='lat'>,</span> <span class='ocrx_word' id='word_1_408' title='bbox 1584 1703 1644 1741; x_wconf 87' lang='lat' dir='ltr'><strong>sed</strong></span> <span class='ocrx_word' id='word_1_409' title='bbox 1662 1702 1813 1753; x_wconf 75' lang='lat' dir='ltr'><strong>signatas</strong></span> <span class='ocrx_word' id='word_1_410' title='bbox 1826 1704 1941 1742; x_wconf 84' lang='lat' dir='ltr'><strong>servat</strong></span> <span class='ocrx_word' id='word_1_411' title='bbox 1955 1720 1965 1748; x_wconf 76' lang='lat'>3</span> <span class='ocrx_word' id='word_1_412' title='bbox 1980 1712 2019 1742; x_wconf 87' lang='lat' dir='ltr'><strong>ut</strong></span> <span class='ocrx_word' id='word_1_413' title='bbox 2038 1705 2145 1754; x_wconf 83' lang='lat' dir='ltr'><strong>poffit</strong></span> <span class='ocrx_word' id='word_1_414' title='bbox 2165 1706 2338 1743; x_wconf 87' lang='lat' dir='ltr'><strong>omnibus</strong></span> <span class='ocrx_word' id='word_1_415' title='bbox 2350 1706 2460 1744; x_wconf 86' lang='lat' dir='ltr'><strong>Puel-</strong></span> 
     </span>
     <span class='ocr_line' id='line_1_61' title="bbox 1403 1755 2460 1806; baseline 0 -12"><span class='ocrx_word' id='word_1_416' title='bbox 1403 1757 1461 1794; x_wconf 86' lang='lat' dir='ltr'><strong>lae</strong></span> <span class='ocrx_word' id='word_1_417' title='bbox 1482 1756 1692 1804; x_wconf 81' lang='lat' dir='ltr'><strong>scripturam</strong></span> <span class='ocrx_word' id='word_1_418' title='bbox 1717 1755 1930 1800; x_wconf 86' lang='lat' dir='ltr'><strong>ostendere,</strong></span> <span class='ocrx_word' id='word_1_419' title='bbox 1967 1757 2005 1793; x_wconf 87' lang='lat'>&amp;</span> <span class='ocrx_word' id='word_1_420' title='bbox 2036 1757 2061 1793; x_wconf 87' lang='lat' dir='ltr'>fi</span> <span class='ocrx_word' id='word_1_421' title='bbox 2084 1757 2179 1794; x_wconf 88' lang='lat' dir='ltr'><strong>nolit</strong></span> <span class='ocrx_word' id='word_1_422' title='bbox 2196 1756 2260 1805; x_wconf 89' lang='lat' dir='ltr'><strong>ipfi</strong></span> <span class='ocrx_word' id='word_1_423' title='bbox 2281 1757 2460 1806; x_wconf 66' lang='lat' dir='ltr'><strong>obsequi„</strong></span> 
     </span>
    </p>
   </div>
   <div class='ocr_carea' id='block_1_14' title="bbox 1404 1807 2541 1858">
    <p class='ocr_par' dir='ltr' id='par_1_24' title="bbox 1404 1807 2541 1858">
     <span class='ocr_line' id='line_1_62' title="bbox 1404 1807 2541 1858; baseline 0.001 -13"><span class='ocrx_word' id='word_1_424' title='bbox 1404 1808 1535 1846; x_wconf 89' lang='lat' dir='ltr'><strong>terrori</strong></span> <span class='ocrx_word' id='word_1_425' title='bbox 1556 1807 1609 1844; x_wconf 88' lang='lat' dir='ltr'><strong>isti</strong></span> <span class='ocrx_word' id='word_1_426' title='bbox 1630 1807 1773 1855; x_wconf 82' lang='lat' dir='ltr'><strong>semper</strong></span> <span class='ocrx_word' id='word_1_427' title='bbox 1792 1819 1874 1844; x_wconf 79' lang='lat' dir='ltr'><strong>eam</strong></span> <span class='ocrx_word' id='word_1_428' title='bbox 1893 1807 2024 1844; x_wconf 86' lang='lat' dir='ltr'><strong>habeat</strong></span> <span class='ocrx_word' id='word_1_429' title='bbox 2043 1808 2245 1845; x_wconf 75' lang='lat' dir='ltr'><strong>obnoxiam</strong></span> <span class='ocrx_word' id='word_1_430' title='bbox 2261 1836 2271 1852; x_wconf 86' lang='lat'>‚</span> <span class='ocrx_word' id='word_1_431' title='bbox 2300 1809 2363 1858; x_wconf 90' lang='lat' dir='ltr'><strong>qui</strong></span> <span class='ocrx_word' id='word_1_432' title='bbox 2391 1808 2460 1846; x_wconf 89' lang='lat' dir='ltr'><strong>du-</strong></span> <span class='ocrx_word' id='word_1_433' title='bbox 2538 1811 2541 1814; x_wconf 83' lang='lat'>&#39;</span> 
     </span>
    </p>
   </div>
   <div class='ocr_carea' id='block_1_15' title="bbox 1403 1857 2472 2113">
    <p class='ocr_par' dir='ltr' id='par_1_25' title="bbox 1403 1857 2472 2113">
     <span class='ocr_line' id='line_1_63' title="bbox 1404 1857 2469 1908; baseline -0.001 -11"><span class='ocrx_word' id='word_1_434' title='bbox 1404 1859 1557 1908; x_wconf 86' lang='lat' dir='ltr'><strong>plicatur</strong></span> <span class='ocrx_word' id='word_1_435' title='bbox 1586 1869 1630 1895; x_wconf 76' lang='lat' dir='ltr'><strong>ex</strong></span> <span class='ocrx_word' id='word_1_436' title='bbox 1652 1870 1699 1895; x_wconf 90' lang='lat' dir='ltr'><strong>eo</strong></span> <span class='ocrx_word' id='word_1_437' title='bbox 1724 1886 1734 1901; x_wconf 88' lang='lat'><em>‚</em></span> <span class='ocrx_word' id='word_1_438' title='bbox 1763 1857 1789 1895; x_wconf 85' lang='lat' dir='ltr'><strong>si</strong></span> <span class='ocrx_word' id='word_1_439' title='bbox 1811 1867 1887 1896; x_wconf 81' lang='lat' dir='ltr'><strong>tam</strong></span> <span class='ocrx_word' id='word_1_440' title='bbox 1910 1860 2053 1896; x_wconf 83' lang='lat' dir='ltr'><strong>incauta</strong></span> <span class='ocrx_word' id='word_1_441' title='bbox 2073 1859 2206 1903; x_wconf 86' lang='lat' dir='ltr'><strong>fuerit,</strong></span> <span class='ocrx_word' id='word_1_442' title='bbox 2233 1867 2274 1896; x_wconf 89' lang='lat' dir='ltr'><strong>ut</strong></span> <span class='ocrx_word' id='word_1_443' title='bbox 2296 1871 2375 1897; x_wconf 88' lang='lat' dir='ltr'><strong>non</strong></span> <span class='ocrx_word' id='word_1_444' title='bbox 2395 1859 2469 1897; x_wconf 53' lang='lat' dir='ltr'><strong>dea</strong></span> 
     </span>
     <span class='ocr_line' id='line_1_64' title="bbox 1403 1909 2465 1959; baseline -0.001 -10"><span class='ocrx_word' id='word_1_445' title='bbox 1403 1911 1484 1949; x_wconf 86' lang='lat' dir='ltr'><strong>letis</strong></span> <span class='ocrx_word' id='word_1_446' title='bbox 1504 1909 1632 1947; x_wconf 77' lang='lat' dir='ltr'><strong>tabulis</strong></span> <span class='ocrx_word' id='word_1_447' title='bbox 1655 1909 1868 1958; x_wconf 86' lang='lat' dir='ltr'><strong>responsum</strong></span> <span class='ocrx_word' id='word_1_448' title='bbox 1888 1909 2123 1958; x_wconf 82' lang='lat' dir='ltr'><strong>inscripserit,</strong></span> <span class='ocrx_word' id='word_1_449' title='bbox 2164 1911 2202 1947; x_wconf 86' lang='lat'>&amp;</span> <span class='ocrx_word' id='word_1_450' title='bbox 2230 1910 2280 1948; x_wconf 86' lang='lat' dir='ltr'><strong>ita</strong></span> <span class='ocrx_word' id='word_1_451' title='bbox 2309 1911 2465 1959; x_wconf 71' lang='lat' dir='ltr'><strong>gemina</strong></span> 
     </span>
     <span class='ocr_line' id='line_1_65' title="bbox 1406 1961 2462 2009; baseline -0.002 -9"><span class='ocrx_word' id='word_1_452' title='bbox 1406 1973 1536 2000; x_wconf 83' lang='lat' dir='ltr'><strong>manus</strong></span> <span class='ocrx_word' id='word_1_453' title='bbox 1558 1969 1749 2009; x_wconf 79' lang='lat' dir='ltr'><strong>appareat,</strong></span> <span class='ocrx_word' id='word_1_454' title='bbox 1778 1961 1876 1998; x_wconf 89' lang='lat' dir='ltr'><strong>unde</strong></span> <span class='ocrx_word' id='word_1_455' title='bbox 1904 1969 2078 1999; x_wconf 86' lang='lat' dir='ltr'><strong>mutuum</strong></span> <span class='ocrx_word' id='word_1_456' title='bbox 2107 1961 2242 1998; x_wconf 78' lang='lat' dir='ltr'><strong>amoris</strong></span> <span class='ocrx_word' id='word_1_457' title='bbox 2272 1973 2462 1999; x_wconf 86' lang='lat' dir='ltr'><strong>commer-</strong></span> 
     </span>
     <span class='ocr_line' id='line_1_66' title="bbox 1410 2011 2472 2061; baseline -0.002 -9"><span class='ocrx_word' id='word_1_458' title='bbox 1410 2015 1510 2052; x_wconf 86' lang='lat' dir='ltr'><strong>cium</strong></span> <span class='ocrx_word' id='word_1_459' title='bbox 1540 2012 1686 2061; x_wconf 78' lang='lat' dir='ltr'><strong>probari</strong></span> <span class='ocrx_word' id='word_1_460' title='bbox 1722 2012 1851 2060; x_wconf 89' lang='lat' dir='ltr'><strong>potest.</strong></span> <span class='ocrx_word' id='word_1_461' title='bbox 1895 2011 2038 2050; x_wconf 84' lang='lat' dir='ltr'><strong>easdem</strong></span> <span class='ocrx_word' id='word_1_462' title='bbox 2073 2025 2161 2050; x_wconf 84' lang='lat' dir='ltr'><strong>vero</strong></span> <span class='ocrx_word' id='word_1_463' title='bbox 2188 2012 2335 2050; x_wconf 79' lang='lat' dir='ltr'><strong>tabellas</strong></span> <span class='ocrx_word' id='word_1_464' title='bbox 2367 2013 2472 2050; x_wconf 59' lang='lat' dir='ltr'><strong>ultro&gt;</strong></span> 
     </span>
     <span class='ocr_line' id='line_1_67' title="bbox 1410 2061 2466 2113; baseline -0.001 -11"><span class='ocrx_word' id='word_1_465' title='bbox 1410 2065 1578 2113; x_wconf 88' lang='lat' dir='ltr'><strong>citroque</strong></span> <span class='ocrx_word' id='word_1_466' title='bbox 1590 2061 1707 2101; x_wconf 83' lang='lat' dir='ltr'><strong>miffas</strong></span> <span class='ocrx_word' id='word_1_467' title='bbox 1721 2091 1730 2107; x_wconf 93' lang='lat'>,</span> <span class='ocrx_word' id='word_1_468' title='bbox 1743 2064 1780 2100; x_wconf 72' lang='grc' dir='ltr'><strong>δε</strong></span> <span class='ocrx_word' id='word_1_469' title='bbox 1800 2063 2010 2112; x_wconf 87' lang='lat' dir='ltr'><strong>responsum</strong></span> <span class='ocrx_word' id='word_1_470' title='bbox 2025 2063 2151 2101; x_wconf 85' lang='lat' dir='ltr'><strong>deletis</strong></span> <span class='ocrx_word' id='word_1_471' title='bbox 2172 2063 2290 2100; x_wconf 87' lang='lat' dir='ltr'><strong>verbis</strong></span> <span class='ocrx_word' id='word_1_472' title='bbox 2312 2065 2466 2101; x_wconf 88' lang='lat' dir='ltr'><strong>mitten-</strong></span> 
     </span>
    </p>
   </div>
   <div class='ocr_carea' id='block_1_16' title="bbox 1409 2111 2475 2165">
    <p class='ocr_par' dir='ltr' id='par_1_26' title="bbox 1409 2111 2475 2165">
     <span class='ocr_line' id='line_1_68' title="bbox 1409 2111 2475 2165; baseline -0.001 -11"><span class='ocrx_word' id='word_1_473' title='bbox 1409 2117 1454 2154; x_wconf 86' lang='lat' dir='ltr'><strong>tis</strong></span> <span class='ocrx_word' id='word_1_474' title='bbox 1466 2116 1678 2163; x_wconf 84' lang='lat' dir='ltr'><strong>inscriptum</strong></span> <span class='ocrx_word' id='word_1_475' title='bbox 1692 2111 1810 2159; x_wconf 69' lang='lat' dir='ltr'><strong>fuisse,</strong></span> <span class='ocrx_word' id='word_1_476' title='bbox 1820 2122 1919 2164; x_wconf 83' lang='lat' dir='ltr'><strong>patet</strong></span> <span class='ocrx_word' id='word_1_477' title='bbox 1931 2127 1974 2152; x_wconf 81' lang='lat' dir='ltr'><strong>ex</strong></span> <span class='ocrx_word' id='word_1_478' title='bbox 1987 2115 2102 2165; x_wconf 82' lang='lat' dir='ltr'><strong>elegia</strong></span> <span class='ocrx_word' id='word_1_479' title='bbox 2116 2127 2187 2153; x_wconf 72' lang='lat' dir='ltr'><strong>xir.</strong></span> <span class='ocrx_word' id='word_1_480' title='bbox 2198 2115 2278 2152; x_wconf 89' lang='lat' dir='ltr'><strong>libri</strong></span> <span class='ocrx_word' id='word_1_481' title='bbox 2292 2127 2319 2153; x_wconf 76' lang='lat'><strong>1.</strong></span> <span class='ocrx_word' id='word_1_482' title='bbox 2330 2117 2475 2154; x_wconf 62' lang='lat' dir='ltr'><strong>Amor.</strong></span> 
     </span>
    </p>
   </div>
   <div class='ocr_carea' id='block_1_17' title="bbox 1416 2166 2073 2266">
    <p class='ocr_par' dir='ltr' id='par_1_27' title="bbox 1416 2166 2073 2266">
     <span class='ocr_line' id='line_1_69' title="bbox 1416 2166 1856 2214; baseline -0.009 -8"><span class='ocrx_word' id='word_1_483' title='bbox 1416 2169 1455 2206; x_wconf 73' lang='grc' dir='ltr'><strong>δε</strong></span> <span class='ocrx_word' id='word_1_484' title='bbox 1479 2166 1615 2205; x_wconf 82' lang='lat' dir='ltr'><strong>Catulli</strong></span> <span class='ocrx_word' id='word_1_485' title='bbox 1634 2166 1758 2214; x_wconf 86' lang='lat' dir='ltr'><strong>Epigr.</strong></span> <span class='ocrx_word' id='word_1_486' title='bbox 1778 2178 1856 2203; x_wconf 71' lang='lat' dir='ltr'><strong>xm.</strong></span> 
     </span>
     <span class='ocr_line' id='line_1_70' title="bbox 1467 2217 2073 2266; baseline 0 -11"><span class='ocrx_word' id='word_1_487' title='bbox 1467 2217 1611 2255; x_wconf 83' lang='lat' dir='ltr'><strong>Moecha</strong></span> <span class='ocrx_word' id='word_1_488' title='bbox 1625 2217 1753 2266; x_wconf 76' lang='lat' dir='ltr'><strong>putida</strong></span> <span class='ocrx_word' id='word_1_489' title='bbox 1771 2218 1873 2254; x_wconf 79' lang='lat' dir='ltr'><strong>redde</strong></span> <span class='ocrx_word' id='word_1_490' title='bbox 1895 2217 2073 2256; x_wconf 81' lang='lat' dir='ltr'><strong>codicillos,</strong></span> 
     </span>
    </p>
   </div>
   <div class='ocr_carea' id='block_1_18' title="bbox 1414 2268 2390 2370">
    <p class='ocr_par' dir='ltr' id='par_1_28' title="bbox 1414 2268 2390 2370">
     <span class='ocr_line' id='line_1_71' title="bbox 1414 2268 2390 2319; baseline 0 -11"><span class='ocrx_word' id='word_1_491' title='bbox 1414 2269 1609 2319; x_wconf 71' lang='lat' dir='ltr'><strong>Pugillaria</strong></span> <span class='ocrx_word' id='word_1_492' title='bbox 1629 2269 1766 2306; x_wconf 84' lang='lat' dir='ltr'><strong>ibidem</strong></span> <span class='ocrx_word' id='word_1_493' title='bbox 1786 2278 1897 2307; x_wconf 78' lang='lat' dir='ltr'><strong>vocat</strong></span> <span class='ocrx_word' id='word_1_494' title='bbox 1915 2271 1997 2308; x_wconf 83' lang='lat' dir='ltr'><strong>illos</strong></span> <span class='ocrx_word' id='word_1_495' title='bbox 2020 2269 2221 2308; x_wconf 79' lang='lat' dir='ltr'><strong>codicillos.</strong></span> <span class='ocrx_word' id='word_1_496' title='bbox 2256 2268 2390 2308; x_wconf 67' lang='lat' dir='ltr'><strong>Euam.</strong></span> 
     </span>
     <span class='ocr_line' id='line_1_72' title="bbox 1469 2319 2071 2370; baseline 0.003 -13"><span class='ocrx_word' id='word_1_497' title='bbox 1469 2332 1554 2370; x_wconf 76' lang='lat'>493.</span> <span class='ocrx_word' id='word_1_498' title='bbox 1583 2319 1763 2370; x_wconf 79' lang='lat' dir='ltr'><strong>Multas.]</strong></span> <span class='ocrx_word' id='word_1_499' title='bbox 1796 2320 1918 2357; x_wconf 81' lang='lat' dir='ltr'><strong>Varias</strong></span> <span class='ocrx_word' id='word_1_500' title='bbox 1940 2322 2071 2360; x_wconf 79' lang='lat' dir='ltr'><strong>Voffii&#39;.</strong></span> 
     </span>
    </p>
   </div>
   <div class='ocr_carea' id='block_1_19' title="bbox 1469 2371 2479 2422">
    <p class='ocr_par' dir='ltr' id='par_1_29' title="bbox 1469 2371 2479 2422">
     <span class='ocr_line' id='line_1_73' title="bbox 1469 2371 2479 2422; baseline 0.003 -13"><span class='ocrx_word' id='word_1_501' title='bbox 1469 2384 1552 2419; x_wconf 77' lang='lat'>494.</span> <span class='ocrx_word' id='word_1_502' title='bbox 1581 2371 1645 2407; x_wconf 81' lang='lat' dir='ltr'><strong>Ah</strong></span> <span class='ocrx_word' id='word_1_503' title='bbox 1658 2371 1848 2421; x_wconf 77' lang='lat' dir='ltr'><strong>pereant.]</strong></span> <span class='ocrx_word' id='word_1_504' title='bbox 1879 2372 2130 2422; x_wconf 75' lang='lat' dir='ltr'><strong>Argentlnus,</strong></span> <span class='ocrx_word' id='word_1_505' title='bbox 2159 2371 2197 2408; x_wconf 81' lang='lat' dir='ltr'><strong>di</strong></span> <span class='ocrx_word' id='word_1_506' title='bbox 2222 2380 2376 2422; x_wconf 75' lang='lat' dir='ltr'><strong>pereant.</strong></span> <span class='ocrx_word' id='word_1_507' title='bbox 2411 2372 2479 2412; x_wconf 62' lang='lat' dir='ltr'><strong>scs]-</strong></span> 
     </span>
    </p>
   </div>
   <div class='ocr_carea' id='block_1_20' title="bbox 1419 2423 2470 2524">
    <p class='ocr_par' dir='ltr' id='par_1_30' title="bbox 1419 2423 2470 2524">
     <span class='ocr_line' id='line_1_74' title="bbox 1419 2423 1746 2467; baseline -0.003 -6"><span class='ocrx_word' id='word_1_508' title='bbox 1419 2423 1492 2461; x_wconf 85' lang='lat' dir='ltr'><strong>vid.</strong></span> <span class='ocrx_word' id='word_1_509' title='bbox 1511 2423 1573 2461; x_wconf 89' lang='lat' dir='ltr'><strong>lib.</strong></span> <span class='ocrx_word' id='word_1_510' title='bbox 1592 2435 1626 2460; x_wconf 84' lang='lat'><strong>11</strong></span> <span class='ocrx_word' id='word_1_511' title='bbox 1660 2434 1746 2467; x_wconf 65' lang='lat' dir='ltr'><strong>2T2.</strong></span> 
     </span>
     <span class='ocr_line' id='line_1_75' title="bbox 1470 2473 2470 2524; baseline 0.003 -14"><span class='ocrx_word' id='word_1_512' title='bbox 1470 2474 1556 2523; x_wconf 75' lang='lat'>496.</span> <span class='ocrx_word' id='word_1_513' title='bbox 1586 2480 1657 2510; x_wconf 78' lang='lat' dir='ltr'><strong>Nec</strong></span> <span class='ocrx_word' id='word_1_514' title='bbox 1674 2484 1789 2511; x_wconf 75' lang='lat' dir='ltr'><strong>teneat</strong></span> <span class='ocrx_word' id='word_1_515' title='bbox 1803 2473 1990 2524; x_wconf 62' lang='lat' dir='ltr'><strong>geminas]</strong></span> <span class='ocrx_word' id='word_1_516' title='bbox 2022 2480 2075 2510; x_wconf 83' lang='lat' dir='ltr'><strong>Ne</strong></span> <span class='ocrx_word' id='word_1_517' title='bbox 2096 2475 2235 2523; x_wconf 82' lang='lat' dir='ltr'><strong>Regius</strong></span> <span class='ocrx_word' id='word_1_518' title='bbox 2248 2486 2331 2512; x_wconf 88' lang='lat' dir='ltr'><strong>cum</strong></span> <span class='ocrx_word' id='word_1_519' title='bbox 2351 2476 2470 2524; x_wconf 83' lang='lat' dir='ltr'><strong>prima</strong></span> 
     </span>
    </p>
   </div>
   <div class='ocr_carea' id='block_1_21' title="bbox 1418 2522 2541 2576">
    <p class='ocr_par' dir='ltr' id='par_1_31' title="bbox 1418 2522 2541 2576">
     <span class='ocr_line' id='line_1_76' title="bbox 1418 2522 2541 2576; baseline -0.001 -12"><span class='ocrx_word' id='word_1_520' title='bbox 1418 2526 1584 2565; x_wconf 84' lang='lat' dir='ltr'><strong>editione</strong></span> <span class='ocrx_word' id='word_1_521' title='bbox 1602 2554 1612 2568; x_wconf 85' lang='lat'><strong>‚</strong></span> <span class='ocrx_word' id='word_1_522' title='bbox 1638 2527 1852 2576; x_wconf 81' lang='lat' dir='ltr'><strong>&amp;quinque</strong></span> <span class='ocrx_word' id='word_1_523' title='bbox 1873 2526 1950 2563; x_wconf 79' lang='lat' dir='ltr'><strong>aliis</strong></span> <span class='ocrx_word' id='word_1_524' title='bbox 1970 2526 2118 2575; x_wconf 82' lang='lat' dir='ltr'><strong>scriptis.</strong></span> <span class='ocrx_word' id='word_1_525' title='bbox 2134 2526 2239 2563; x_wconf 87' lang='lat' dir='ltr'><strong>bene.</strong></span> <span class='ocrx_word' id='word_1_526' title='bbox 2259 2526 2470 2564; x_wconf 53' lang='lat' dir='ltr'><strong>Heius-ius&gt;</strong></span> <span class='ocrx_word' id='word_1_527' title='bbox 2535 2522 2541 2527; x_wconf 56' lang='grc'><em>“</em></span> 
     </span>
    </p>
   </div>
   <div class='ocr_carea' id='block_1_22' title="bbox 1417 2575 2474 2668">
    <p class='ocr_par' dir='ltr' id='par_1_32' title="bbox 1417 2575 2474 2668">
     <span class='ocr_line' id='line_1_77' title="bbox 1467 2575 2474 2627; baseline -0.001 -12"><span class='ocrx_word' id='word_1_528' title='bbox 1467 2589 1553 2625; x_wconf 82' lang='lat'><strong>497.</strong></span> <span class='ocrx_word' id='word_1_529' title='bbox 1581 2576 1903 2627; x_wconf 63' lang='lat' dir='ltr'><strong>Scribentz‘ssemper</strong></span> <span class='ocrx_word' id='word_1_530' title='bbox 1919 2576 2098 2627; x_wconf 60' lang='lat' dir='ltr'><strong>amatam]</strong></span> <span class='ocrx_word' id='word_1_531' title='bbox 2127 2575 2294 2614; x_wconf 71' lang='lat' dir='ltr'><strong>scribenti</strong></span> <span class='ocrx_word' id='word_1_532' title='bbox 2314 2585 2474 2627; x_wconf 77' lang='lat' dir='ltr'><strong>quatuor</strong></span> 
     </span>
     <span class='ocr_line' id='line_1_78' title="bbox 1417 2629 1747 2668; baseline -0.006 0"><span class='ocrx_word' id='word_1_533' title='bbox 1417 2630 1577 2668; x_wconf 89' lang='lat' dir='ltr'><strong>codices.</strong></span> <span class='ocrx_word' id='word_1_534' title='bbox 1633 2629 1747 2666; x_wconf 70' lang='lat' dir='ltr'><strong>inem.</strong></span> 
     </span>
    </p>
   </div>
   <div class='ocr_carea' id='block_1_23' title="bbox 1469 2678 2521 2730">
    <p class='ocr_par' dir='ltr' id='par_1_33' title="bbox 1469 2678 2521 2730">
     <span class='ocr_line' id='line_1_79' title="bbox 1469 2678 2521 2730; baseline 0.002 -15"><span class='ocrx_word' id='word_1_535' title='bbox 1469 2693 1554 2729; x_wconf 76' lang='lat'>499.</span> <span class='ocrx_word' id='word_1_536' title='bbox 1582 2679 1616 2715; x_wconf 82' lang='lat' dir='ltr'><strong>si</strong></span> <span class='ocrx_word' id='word_1_537' title='bbox 1635 2679 1712 2716; x_wconf 78' lang='lat' dir='ltr'><strong>licet</strong></span> <span class='ocrx_word' id='word_1_538' title='bbox 1737 2680 1760 2716; x_wconf 76' lang='grc' dir='ltr'><strong>ιὶ</strong></span> <span class='ocrx_word' id='word_1_539' title='bbox 1776 2679 1941 2730; x_wconf 82' lang='lat' dir='ltr'><strong>parvis.]</strong></span> <span class='ocrx_word' id='word_1_540' title='bbox 1973 2680 2038 2716; x_wconf 86' lang='lat' dir='ltr'><strong>Sed</strong></span> <span class='ocrx_word' id='word_1_541' title='bbox 2057 2679 2135 2716; x_wconf 84' lang='lat' dir='ltr'><strong>licet</strong></span> <span class='ocrx_word' id='word_1_542' title='bbox 2154 2678 2273 2727; x_wconf 82' lang='lat' dir='ltr'><strong>scripti</strong></span> <span class='ocrx_word' id='word_1_543' title='bbox 2298 2678 2471 2717; x_wconf 79' lang='lat' dir='ltr'><strong>meliores</strong></span> <span class='ocrx_word' id='word_1_544' title='bbox 2519 2699 2521 2702; x_wconf 53' lang='lat'><strong>⁴</strong></span> 
     </span>
    </p>
   </div>
   <div class='ocr_carea' id='block_1_24' title="bbox 1420 2729 2473 2781">
    <p class='ocr_par' dir='ltr' id='par_1_34' title="bbox 1420 2729 2473 2781">
     <span class='ocr_line' id='line_1_80' title="bbox 1420 2729 2473 2781; baseline -0.002 -11"><span class='ocrx_word' id='word_1_545' title='bbox 1420 2744 1505 2770; x_wconf 88' lang='lat' dir='ltr'><strong>cum</strong></span> <span class='ocrx_word' id='word_1_546' title='bbox 1525 2731 1644 2781; x_wconf 82' lang='lat' dir='ltr'><strong>priscis</strong></span> <span class='ocrx_word' id='word_1_547' title='bbox 1660 2731 1892 2769; x_wconf 74' lang='lat' dir='ltr'><strong>editionibus.</strong></span> <span class='ocrx_word' id='word_1_548' title='bbox 1922 2733 2047 2780; x_wconf 74' lang='lat' dir='ltr'><strong>Lege,</strong></span> <span class='ocrx_word' id='word_1_549' title='bbox 2067 2731 2133 2777; x_wconf 76' lang='lat' dir='ltr'><strong>sod</strong></span> <span class='ocrx_word' id='word_1_550' title='bbox 2151 2729 2245 2767; x_wconf 67' lang='lat' dir='ltr'><strong>libet.</strong></span> <span class='ocrx_word' id='word_1_551' title='bbox 2273 2730 2473 2779; x_wconf 85' lang='lat' dir='ltr'><strong>quomodo</strong></span> 
     </span>
    </p>
   </div>
   <div class='ocr_carea' id='block_1_25' title="bbox 1419 2779 2497 2830">
    <p class='ocr_par' dir='ltr' id='par_1_35' title="bbox 1419 2779 2497 2830">
     <span class='ocr_line' id='line_1_81' title="bbox 1419 2779 2497 2830; baseline 0 -10"><span class='ocrx_word' id='word_1_552' title='bbox 1419 2784 1508 2820; x_wconf 79' lang='lat' dir='ltr'><strong>alter</strong></span> <span class='ocrx_word' id='word_1_553' title='bbox 1532 2783 1723 2820; x_wconf 84' lang='lat' dir='ltr'><strong>Mentelii:</strong></span> <span class='ocrx_word' id='word_1_554' title='bbox 1753 2794 1839 2819; x_wconf 79' lang='lat' dir='ltr'><strong>nam</strong></span> <span class='ocrx_word' id='word_1_555' title='bbox 1860 2783 1999 2819; x_wconf 89' lang='lat' dir='ltr'><strong>Moreti</strong></span> <span class='ocrx_word' id='word_1_556' title='bbox 2014 2782 2156 2825; x_wconf 85' lang='lat' dir='ltr'><strong>codex,</strong></span> <span class='ocrx_word' id='word_1_557' title='bbox 2178 2779 2212 2830; x_wconf 80' lang='lat' dir='ltr'><strong>st</strong></span> <span class='ocrx_word' id='word_1_558' title='bbox 2227 2780 2322 2820; x_wconf 80' lang='lat' dir='ltr'><strong>libet.</strong></span> <span class='ocrx_word' id='word_1_559' title='bbox 2351 2786 2497 2821; x_wconf 81' lang='lat' dir='ltr'><strong>Aron-.</strong></span> 
     </span>
    </p>
   </div>
   <div class='ocr_carea' id='block_1_26' title="bbox 1422 2832 2475 2934">
    <p class='ocr_par' dir='ltr' id='par_1_36' title="bbox 1422 2832 2475 2934">
     <span class='ocr_line' id='line_1_82' title="bbox 1422 2832 2475 2922; baseline 0.001 -51"><span class='ocrx_word' id='word_1_560' title='bbox 1422 2834 1586 2922; x_wconf 56' lang='lat' dir='ltr'><strong>delianqs</strong></span> <span class='ocrx_word' id='word_1_561' title='bbox 1600 2861 1610 2876; x_wconf 94' lang='lat'>‚</span> <span class='ocrx_word' id='word_1_562' title='bbox 1631 2833 1694 2881; x_wconf 82' lang='lat' dir='ltr'><strong>sed</strong></span> <span class='ocrx_word' id='word_1_563' title='bbox 1707 2832 1831 2882; x_wconf 80' lang='lat' dir='ltr'><strong>placet.</strong></span> <span class='ocrx_word' id='word_1_564' title='bbox 1859 2832 1948 2871; x_wconf 77' lang='lat' dir='ltr'><strong>vide</strong></span> <span class='ocrx_word' id='word_1_565' title='bbox 1970 2834 2088 2871; x_wconf 75' lang='lat' dir='ltr'><strong>Notas</strong></span> <span class='ocrx_word' id='word_1_566' title='bbox 2110 2833 2155 2871; x_wconf 86' lang='lat' dir='ltr'><strong>ad</strong></span> <span class='ocrx_word' id='word_1_567' title='bbox 2175 2832 2286 2881; x_wconf 82' lang='lat' dir='ltr'><strong>Epist.</strong></span> <span class='ocrx_word' id='word_1_568' title='bbox 2303 2845 2364 2871; x_wconf 72' lang='lat' dir='ltr'><strong>xv,</strong></span> <span class='ocrx_word' id='word_1_569' title='bbox 2382 2844 2475 2872; x_wconf 87' lang='lat' dir='ltr'><strong>vers.</strong></span> 
     </span>
     <span class='ocr_line' id='line_1_83' title="bbox 1425 2897 1678 2934; baseline -0.008 -12"><span class='ocrx_word' id='word_1_570' title='bbox 1425 2897 1506 2934; x_wconf 74' lang='lat'>134.</span> <span class='ocrx_word' id='word_1_571' title='bbox 1581 2897 1678 2921; x_wconf 78' lang='lat' dir='ltr'>DEM.</span> 
     </span>
    </p>
   </div>
   <div class='ocr_carea' id='block_1_27' title="bbox 1419 2934 2481 3397">
    <p class='ocr_par' dir='ltr' id='par_1_37' title="bbox 1419 2934 2475 3178">
     <span class='ocr_line' id='line_1_84' title="bbox 1472 2934 2475 2985; baseline -0.001 -11"><span class='ocrx_word' id='word_1_572' title='bbox 1472 2948 1556 2984; x_wconf 81' lang='lat'><em>500.</em></span> <span class='ocrx_word' id='word_1_573' title='bbox 1584 2935 1779 2985; x_wconf 60' lang='lat' dir='ltr'><strong>Pandere]</strong></span> <span class='ocrx_word' id='word_1_574' title='bbox 1810 2936 1958 2972; x_wconf 79' lang='lat' dir='ltr'><strong>Tendere</strong></span> <span class='ocrx_word' id='word_1_575' title='bbox 1977 2934 2245 2973; x_wconf 76' lang='lat' dir='ltr'><strong>multi.reda⁷ere</strong></span> <span class='ocrx_word' id='word_1_576' title='bbox 2262 2947 2366 2974; x_wconf 85' lang='lat' dir='ltr'><strong>unus.</strong></span> <span class='ocrx_word' id='word_1_577' title='bbox 2374 2945 2475 2985; x_wconf 75' lang='lat' dir='ltr'><strong>pren-</strong></span> 
     </span>
     <span class='ocr_line' id='line_1_85' title="bbox 1420 2987 2472 3035; baseline 0.002 -12"><span class='ocrx_word' id='word_1_578' title='bbox 1420 2988 1497 3024; x_wconf 80' lang='lat' dir='ltr'><strong>dere</strong></span> <span class='ocrx_word' id='word_1_579' title='bbox 1516 2987 1718 3024; x_wconf 81' lang='lat' dir='ltr'><strong>Bernenlis.</strong></span> <span class='ocrx_word' id='word_1_580' title='bbox 1745 2987 1814 3025; x_wconf 86' lang='lat' dir='ltr'><strong>Sed</strong></span> <span class='ocrx_word' id='word_1_581' title='bbox 1836 2987 1973 3023; x_wconf 73' lang='lat' dir='ltr'><strong>tendere</strong></span> <span class='ocrx_word' id='word_1_582' title='bbox 1995 2999 2072 3024; x_wconf 90' lang='lat' dir='ltr'><strong>non</strong></span> <span class='ocrx_word' id='word_1_583' title='bbox 2085 2988 2193 3024; x_wconf 83' lang='lat' dir='ltr'><strong>male.</strong></span> <span class='ocrx_word' id='word_1_584' title='bbox 2220 2988 2365 3035; x_wconf 68' lang='lat' dir='ltr'><strong>pandere</strong></span> <span class='ocrx_word' id='word_1_585' title='bbox 2375 2988 2472 3025; x_wconf 87' lang='lat' dir='ltr'><strong>enim</strong></span> 
     </span>
     <span class='ocr_line' id='line_1_86' title="bbox 1419 3038 2474 3086; baseline -0.001 -11"><span class='ocrx_word' id='word_1_586' title='bbox 1419 3038 1631 3086; x_wconf 86' lang='lat' dir='ltr'><strong>fimpliciter</strong></span> <span class='ocrx_word' id='word_1_587' title='bbox 1647 3038 1695 3075; x_wconf 90' lang='lat' dir='ltr'><strong>est</strong></span> <span class='ocrx_word' id='word_1_588' title='bbox 1714 3038 1894 3086; x_wconf 83' lang='lat' dir='ltr'><strong>explicare</strong></span> <span class='ocrx_word' id='word_1_589' title='bbox 1909 3066 1918 3081; x_wconf 91' lang='lat'><em>‚</em></span> <span class='ocrx_word' id='word_1_590' title='bbox 1933 3038 2129 3075; x_wconf 67' lang='lat' dir='ltr'><strong>tenduntur</strong></span> <span class='ocrx_word' id='word_1_591' title='bbox 2139 3047 2260 3076; x_wconf 83' lang='lat' dir='ltr'><strong>autem</strong></span> <span class='ocrx_word' id='word_1_592' title='bbox 2276 3039 2355 3075; x_wconf 84' lang='lat' dir='ltr'><strong>vela</strong></span> <span class='ocrx_word' id='word_1_593' title='bbox 2368 3067 2378 3083; x_wconf 87' lang='lat'>‚</span> <span class='ocrx_word' id='word_1_594' title='bbox 2390 3049 2474 3075; x_wconf 86' lang='lat' dir='ltr'><strong>cum</strong></span> 
     </span>
     <span class='ocr_line' id='line_1_87' title="bbox 1421 3087 2474 3140; baseline 0 -15"><span class='ocrx_word' id='word_1_595' title='bbox 1421 3091 1542 3136; x_wconf 82' lang='lat' dir='ltr'><strong>major</strong></span> <span class='ocrx_word' id='word_1_596' title='bbox 1564 3101 1648 3125; x_wconf 82' lang='lat' dir='ltr'><strong>aura</strong></span> <span class='ocrx_word' id='word_1_597' title='bbox 1667 3088 1807 3136; x_wconf 85' lang='lat' dir='ltr'><strong>implet.</strong></span> <span class='ocrx_word' id='word_1_598' title='bbox 1836 3089 1945 3137; x_wconf 76' lang='lat' dir='ltr'><strong>Epist.</strong></span> <span class='ocrx_word' id='word_1_599' title='bbox 1968 3101 2058 3127; x_wconf 77' lang='lat' dir='ltr'><strong>xiii.</strong></span> <span class='ocrx_word' id='word_1_600' title='bbox 2093 3103 2149 3138; x_wconf 75' lang='lat'><strong>15.</strong></span> <span class='ocrx_word' id='word_1_601' title='bbox 2166 3089 2373 3140; x_wconf 71' lang='lat' dir='ltr'><strong>abreptaque</strong></span> <span class='ocrx_word' id='word_1_602' title='bbox 2396 3087 2474 3126; x_wconf 84' lang='lat' dir='ltr'><strong>vela</strong></span> 
     </span>
     <span class='ocr_line' id='line_1_88' title="bbox 1421 3138 2122 3178; baseline 0.003 -3"><span class='ocrx_word' id='word_1_603' title='bbox 1421 3139 1584 3175; x_wconf 73' lang='lat' dir='ltr'><strong>tetendit.</strong></span> <span class='ocrx_word' id='word_1_604' title='bbox 1612 3138 1716 3176; x_wconf 77' lang='lat' dir='ltr'><strong>&amp;ita</strong></span> <span class='ocrx_word' id='word_1_605' title='bbox 1736 3139 1828 3177; x_wconf 80' lang='lat' dir='ltr'><strong>alibi.</strong></span> <span class='ocrx_word' id='word_1_606' title='bbox 1861 3140 2122 3178; x_wconf 62' lang='lat' dir='ltr'><strong>ssuamaunus.</strong></span> 
     </span>
    </p>

    <p class='ocr_par' dir='ltr' id='par_1_38' title="bbox 1423 3189 2481 3397">
     <span class='ocr_line' id='line_1_89' title="bbox 1474 3189 2475 3242; baseline 0 -15"><span class='ocrx_word' id='word_1_607' title='bbox 1474 3203 1558 3238; x_wconf 76' lang='lat'>501.</span> <span class='ocrx_word' id='word_1_608' title='bbox 1586 3189 1733 3239; x_wconf 76' lang='lat' dir='ltr'><strong>Rapidos</strong></span> <span class='ocrx_word' id='word_1_609' title='bbox 1753 3191 1946 3241; x_wconf 75' lang='lat' dir='ltr'><strong>compescere</strong></span> <span class='ocrx_word' id='word_1_610' title='bbox 1963 3192 2100 3242; x_wconf 84' lang='lat' dir='ltr'><strong>mores.]</strong></span> <span class='ocrx_word' id='word_1_611' title='bbox 2129 3192 2251 3230; x_wconf 82' lang='lat' dir='ltr'><strong>Prima</strong></span> <span class='ocrx_word' id='word_1_612' title='bbox 2265 3191 2379 3229; x_wconf 74' lang='lat' dir='ltr'><strong>editio</strong></span> <span class='ocrx_word' id='word_1_613' title='bbox 2392 3201 2475 3228; x_wconf 85' lang='lat' dir='ltr'><strong>cum</strong></span> 
     </span>
     <span class='ocr_line' id='line_1_90' title="bbox 1423 3240 2477 3294; baseline 0.001 -16"><span class='ocrx_word' id='word_1_614' title='bbox 1423 3242 1545 3290; x_wconf 82' lang='lat' dir='ltr'><strong>Regio</strong></span> <span class='ocrx_word' id='word_1_615' title='bbox 1573 3242 1611 3278; x_wconf 67' lang='grc' dir='ltr'><strong>ὃς</strong></span> <span class='ocrx_word' id='word_1_616' title='bbox 1640 3240 1728 3278; x_wconf 70' lang='lat' dir='ltr'><strong>octo</strong></span> <span class='ocrx_word' id='word_1_617' title='bbox 1767 3243 1843 3280; x_wconf 80' lang='lat' dir='ltr'><strong>aliis</strong></span> <span class='ocrx_word' id='word_1_618' title='bbox 1859 3271 1870 3287; x_wconf 91' lang='lat'><em>,</em></span> <span class='ocrx_word' id='word_1_619' title='bbox 1908 3243 2059 3280; x_wconf 74' lang='lat' dir='ltr'><strong>rabidos.</strong></span> <span class='ocrx_word' id='word_1_620' title='bbox 2103 3243 2206 3294; x_wconf 85' lang='lat' dir='ltr'><strong>quod</strong></span> <span class='ocrx_word' id='word_1_621' title='bbox 2256 3254 2383 3281; x_wconf 86' lang='lat' dir='ltr'><strong>verum</strong></span> <span class='ocrx_word' id='word_1_622' title='bbox 2416 3240 2477 3277; x_wconf 83' lang='lat' dir='ltr'><strong>est.</strong></span> 
     </span>
     <span class='ocr_line' id='line_1_91' title="bbox 1427 3293 2481 3345; baseline -0.003 -15"><span class='ocrx_word' id='word_1_623' title='bbox 1427 3293 1644 3330; x_wconf 74' lang='lat' dir='ltr'><strong>HfflNSiUS.</strong></span> <span class='ocrx_word' id='word_1_624' title='bbox 1680 3293 1904 3341; x_wconf 84' lang='lat' dir='ltr'><strong>Vaticanus,</strong></span> <span class='ocrx_word' id='word_1_625' title='bbox 1929 3304 2119 3345; x_wconf 76' lang='lat' dir='ltr'><strong>componere</strong></span> <span class='ocrx_word' id='word_1_626' title='bbox 2146 3307 2278 3340; x_wconf 81' lang='lat' dir='ltr'><strong>mores,</strong></span> <span class='ocrx_word' id='word_1_627' title='bbox 2299 3294 2481 3342; x_wconf 83' lang='lat' dir='ltr'><strong>eleganter</strong></span> 
     </span>
     <span class='ocr_line' id='line_1_92' title="bbox 1427 3343 1848 3397; baseline 0 -13"><span class='ocrx_word' id='word_1_628' title='bbox 1427 3344 1555 3384; x_wconf 81' lang='lat' dir='ltr'><strong>etiam.</strong></span> <span class='ocrx_word' id='word_1_629' title='bbox 1582 3352 1622 3383; x_wconf 90' lang='lat' dir='ltr'><strong>ut</strong></span> <span class='ocrx_word' id='word_1_630' title='bbox 1644 3343 1736 3393; x_wconf 82' lang='lat' dir='ltr'><strong>supr.</strong></span> <span class='ocrx_word' id='word_1_631' title='bbox 1759 3357 1848 3397; x_wconf 60' lang='lat'><strong>3700¹</strong></span> 
     </span>
    </p>
   </div>
   <div class='ocr_carea' id='block_1_28' title="bbox 2403 3395 2488 3438">
    <p class='ocr_par' dir='ltr' id='par_1_39' title="bbox 2403 3395 2488 3438">
     <span class='ocr_line' id='line_1_93' title="bbox 2403 3395 2488 3438; baseline -0.012 -9"><span class='ocrx_word' id='word_1_632' title='bbox 2403 3395 2488 3438; x_wconf 56' lang='lat' dir='ltr'><strong>Mag</strong></span> 
     </span>
    </p>
   </div>
  </div>
 </body>
</html>
