2553 3676
803 201 861 259 P.
938 194 1346 258 OVIDII
1417 195 1953 253 NASONIS

637 289 755 345 Nec
785 289 986 345 filicum
1015 306 1213 351 venae,
1250 304 1350 343 nec
1377 285 1572 343 durum
1597 288 1653 343 in
1677 287 1894 362 peciore
1918 290 2150 352 ferrum,

531 381 594 418 10

706 363 822 417 Nec
849 362 944 415 tibi
968 360 1265 433 simplicitas
1291 359 1482 414 ordine
1509 361 1675 432 major
1698 361 1845 416 inest.

633 434 910 489 Credibile
937 434 1010 487 est
1035 434 1090 487 &
1115 447 1169 488 te
1193 431 1394 487 senfiffe
1420 432 1704 503 Cupidinis
1730 452 1912 498 arcus;

700 506 758 560 In
783 525 870 560 me
895 507 1113 561 militiae
1139 506 1279 575 signa
1303 518 1456 557 tuere
1481 516 1618 563 tuae.

633 578 689 634 Si
714 593 959 652 quaeret,
997 578 1129 652 quid
1154 593 1334 646 agam3
1378 573 1482 644 Spe
1508 574 1677 629 meris
1699 578 1908 645 vivere,
1948 579 2110 636 dices,

705 654 902 709 Cetera
928 652 1030 705 fert
1057 649 1244 703 blanda
1269 663 1390 700 cera
1415 658 1597 700 notata
1625 666 1798 704 manu.

523 743 583 794 15
622 725 772 780 Dum
798 726 1017 796 loquor,
1056 722 1187 775 hora
1212 719 1364 790 fugit.
1405 737 1601 772 vacuae
1625 721 1762 775 bene
1786 723 1956 778 redde
1980 724 2219 781 tabellas:

703 797 912 852 Verum
937 794 1198 848 continuo
1222 791 1304 846 fac
1330 805 1510 844 tamen
1532 792 1614 846 illa
1638 794 1794 865 legat.

635 869 911 940 Adspicias
936 867 1122 922 oculos
1151 865 1378 927 maiidO,
1418 863 1762 941 frontemque
1789 868 2028 939 legentis,

709 941 757 996 E
784 942 948 995 tacito
972 940 1123 996 vultu
1147 940 1277 993 scire
1300 937 1477 995 futura
1504 937 1644 994 licet.

340 1166 402 1197 tor
428 1157 473 1196 de
499 1157 673 1196 adverbio
701 1155 826 1201 mane,
853 1164 976 1195 utrum
1004 1156 1050 1196 ad
1070 1154 1222 1194 verbum
1245 1158 1382 1205 Perfer,

343 1222 388 1247 an
411 1209 454 1247 ad
482 1210 711 1257 participium
737 1217 918 1257 peraratas
944 1208 1069 1246 referri
1089 1207 1244 1246 debeat:
1277 1218 1383 1246 utro-

341 1272 489 1309 cunque
521 1261 620 1297 enim
652 1261 782 1297 referas
807 1287 816 1303 ,
860 1259 949 1296 nihil
984 1259 1094 1296 habes
1121 1258 1223 1307 quod
1256 1259 1383 1298 obstet.

341 1311 443 1348 Nam
475 1310 578 1359 quod
607 1308 700 1347 infra
725 1310 907 1359 sequitur,
935 1315 1034 1347 Dum
1054 1309 1192 1359 loquor,
1218 1308 1303 1345 hora
1317 1312 1384 1356 fu-

338 1361 415 1410 git:
444 1373 523 1398 non
544 1360 592 1398 eo
610 1361 726 1404 valet,
748 1371 788 1398 ut
807 1361 958 1398 ancillae
976 1361 1113 1409 vesperi
1137 1360 1382 1409 intelligamus

338 1411 440 1449 datas
462 1409 531 1448 effe
550 1412 691 1455 literas,
721 1423 829 1449 mane
850 1420 972 1449 autem
995 1412 1147 1460 scriptas.
1175 1412 1308 1460 Neque
1327 1412 1384 1460 ip-

339 1462 422 1499 sum
444 1473 583 1498 nomen
602 1468 753 1505 Horam,
782 1474 848 1510 pro
869 1462 928 1500 die
948 1463 1058 1510 poni,
1085 1462 1285 1511 quicquam
1307 1474 1384 1500 cer-

341 1511 382 1550 te
402 1513 513 1560 cogit.
540 1511 609 1549 Sed
637 1512 805 1560 ineptum
835 1513 906 1557 est,
935 1513 973 1550 in
993 1525 1030 1551 re
1049 1513 1204 1550 levicula
1226 1521 1283 1550 tot
1300 1525 1382 1551 ver-

339 1563 385 1599 ba
405 1561 568 1611 perdere.
594 1563 810 1601 Micrttus.
840 1564 925 1601 Sine
950 1563 1062 1601 dubio
1088 1576 1191 1599 mane
1211 1563 1256 1600 ad
1274 1565 1383 1612 perfer

339 1612 390 1650 est
410 1611 642 1651 referendum
655 1628 666 1657 ;
680 1613 768 1652 dum
788 1614 888 1652 enim
910 1622 1075 1652 comeret
1085 1613 1384 1663 dominamAEpi-

338 1662 466 1711 stolam
487 1662 637 1701 reddere
663 1664 827 1702 debebat.
855 1666 903 1702 ita
931 1666 1105 1713 praecipit
1134 1664 1291 1702 Ovidius
1309 1665 1382 1715 ipse

340 1725 376 1752 1.
399 1717 475 1751 Art.
500 1714 580 1762 367.
603 1715 729 1753 Potuit
756 1728 846 1753 vero
873 1715 994 1753 dicere
1016 1728 1133 1765 aeque
1155 1716 1271 1760 bene,
1298 1715 1383 1752 hora

332 1764 431 1813 fugit
451 1764 496 1801 de
519 1767 700 1803 matutino
722 1776 890 1816 tempore
905 1795 915 1811 ,
943 1766 1045 1815 quod
1067 1776 1193 1815 aptum
1214 1768 1252 1803 &
1273 1767 1382 1805 breve

342 1824 444 1861 erat,
471 1828 513 1853 ac
534 1816 578 1854 de
602 1817 818 1866 vespertino.
846 1818 1108 1855 Bummnus.

395 1878 430 1913 7.
457 1868 670 1917 Peraratas.]
697 1868 818 1906 Editio
842 1870 981 1917 prima,
993 1877 1210 1918 properatus,
1236 1868 1384 1907 sollem-

339 1917 381 1955 ni
412 1919 628 1956 confusione
658 1920 791 1957 horum
813 1920 1023 1956 verborum.
1052 1920 1127 1958 vid.
1153 1933 1182 1956 1.
1208 1921 1284 1957 Art.
1301 1933 1384 1970 455.

342 1969 385 2006 &
403 1981 454 2005 xx.
475 1970 630 2006 Metam.
653 1971 732 2019 563.
760 1984 821 2008 111.
844 1970 952 2008 Trist.
975 1982 1045 2009 vtx.
1071 1982 1100 2008 1.
1122 1971 1384 2011 BunMANNus.

399 2031 456 2056 10.
483 2020 545 2055 Sed
566 2020 628 2056 tihi
647 2019 850 2070 fimplicims
872 2021 988 2057 ordine
1008 2023 1118 2067 major
1138 2021 1260 2071 inoffi]
1292 2022 1385 2060 Scri-

342 2068 389 2106 be
415 2082 500 2107 cum
523 2071 751 2115 melioribus,
782 2078 853 2108 Nec
873 2072 949 2109 tibi.
978 2073 1075 2109 Nam
1099 2074 1137 2109 ὃς
1163 2073 1199 2109 in
1229 2084 1385 2109 comoe-

342 2119 410 2157 diis
431 2120 600 2158 subdolae
613 2134 654 2158 ac
676 2123 797 2159 vafrae
816 2132 890 2160 tam
913 2123 1063 2160 ancillae
1090 2134 1201 2172 quam
1219 2122 1309 2160 servi
1329 2123 1386 2160 in-

344 2170 581 2209 ducebantur.
609 2172 694 2209 vide
717 2181 822 2210 notas
849 2174 910 2211 lib..
939 2186 984 2210 11.
1016 2174 1117 2221 Eleg.
1149 2185 1221 2209 νη.
1247 2173 1301 2215 Ji'ss.
1330 2185 1386 2219 17.

344 2221 395 2258 ita
410 2221 531 2267 fallax
544 2223 668 2271 servas
687 2223 787 2272 Eleg.
807 2224 870 2261 ult.
893 2225 931 2261 &
956 2225 1035 2260 Art.
1055 2236 1116 2259 111.
1139 2223 1224 2268 607.

396 2272 540 2308 Callida
560 2272 708 2323 profiliat
721 2303 730 2318 ,
759 2275 919 2323 dicatque
936 2272 1066 2309 ancilla
1080 2273 1243 2322 perimus.

345 2321 465 2359 Sollers
491 2324 538 2359 ad
561 2334 677 2373 partes
702 2324 833 2360 ancilla
862 2324 954 2372 supr.
982 2325 1079 2372 Eleg.
1110 2337 1196 2361 vm.
1234 2322 1310 2361 vid.
1340 2337 1386 2362 11.

342 2373 446 2420 Eleg.
469 2385 541 2411 v11.
570 2387 623 2419 17.
651 2375 758 2422 Adest
782 2387 933 2424 quoque
965 2376 1169 2412 Puteaneus
1193 2375 1231 2412 &
1261 2375 1388 2413 Aron-

344 2423 517 2461 delianus.
540 2426 752 2463 Hamus.
783 2426 868 2463 Vid.
891 2426 936 2463 ad
956 2426 1063 2474 Epist.
1087 2438 1181 2462 xvn.
1205 2438 1285 2462 102..

401 2487 456 2511 11.
485 2475 630 2525 Arcus}
655 2476 875 2525 Legendum
900 2477 947 2514 est
962 2504 971 2520 ‚
991 2485 1030 2513 ut
1052 2478 1088 2513 in
1107 2477 1287 2526 plerisque
1309 2489 1386 2513 ma-

344 2525 611 2573 nuscriptorum
633 2528 804 2565 codicum
820 2555 829 2571 ,
858 2539 1016 2564 numero
1037 2527 1224 2575 singulari,
1251 2540 1386 2572 arcum,

344 2575 391 2612 ad
412 2576 602 2614 vitandum
624 2577 786 2625 sibilum,
803 2590 916 2626 quem
937 2578 1144 2626 frequentes
1163 2578 1200 2614 in
1223 2578 1297 2615 hoc
1314 2591 1389 2615 car-

347 2626 448 2662 mine
485 2627 608 2666 literae
636 2642 650 2664 s
681 2629 852 2667 facerent.
893 2628 950 2666 Est
986 2629 1086 2666 enim
1124 2629 1388 2666 consulendum

346 2675 578 2730 Lup'noniae.
603 2680 783 2721 MAnius.
822 2680 891 2718 Sed
922 2680 1032 2717 etiam
1070 2693 1170 2716 arcus
1205 2680 1390 2728 Apollinis

347 2724 438 2765 dixit
462 2727 674 2775 Epill.vx11.
698 2731 755 2779 83.
785 2731 868 2768 vide
889 2732 927 2768 δέ
949 2744 1011 2769 111.
1033 2732 1110 2767 Art.
1131 2741 1215 2778 733.

406 2787 461 2825 13,
489 2778 523 2813 Si
544 2781 719 2830 quaeror]
751 2781 900 2830 {Qaerit
928 2793 1018 2819 unus
1040 2781 1194 2819 Heiniii.
1222 2780 1293 2817 vid.
1323 2781 1392 2829 Ep.

349 2838 404 2863 vx.
433 2840 511 2864 122.
540 2832 698 2875 (Qtaerat
724 2833 823 2878 junii
844 2834 880 2870 S<
898 2834 972 2870 hoc
994 2832 1100 2869 rec‘te.
1129 2831 1202 2869 vid.
1232 2832 1300 2879 Ep.
1322 2844 1393 2869 xix.

352 2890 433 2925 ιτς.
473 2880 511 2915 &
542 2892 620 2917 xv1.
653 2893 732 2931 173.
769 2883 875 2919 Dicas
912 2886 1023 2921 etiam
1051 2883 1139 2920 alter
1168 2883 1322 2920 Puteani
1353 2884 1393 2920 ὃς

350 2929 531 2966 Scriverii.

406 2992 462 3027 15.
490 2985 588 3016 Dum
609 2981 749 3030 loquor,
777 2982 860 3018 hora
874 2984 1010 3032 sagita]
1041 2991 1135 3019 Hora
1155 2984 1233 3030 suit
1261 2985 1394 3023 Putea-

350 3042 453 3069 neus.
489 3030 598 3068 Forte
623 3062 633 3075 ‚
672 3031 755 3067 hora
784 3034 868 3070 ruit.
904 3034 951 3069 iic
981 3034 1076 3081 apud
1104 3035 1299 3081 Virgilium
1332 3048 1391 3071 vt.

350 3081 511 3119 Aeneid.
546 3094 627 3131 539.
660 3089 738 3118 Nox
768 3084 839 3118 ruit
862 3088 993 3119 Aenea.
1022 3086 1059 3119 ὃ(
1079 3083 1152 3117 ruit
1173 3084 1395 3120 irrevocabile

353 3141 483 3180 tempus
504 3132 684 3179 Juvenali.
710 3133 768 3170 sed
788 3142 912 3170 tamen
931 3132 1067 3170 Pei-ssus
1089 3133 1158 3169 Sat.
1180 3145 1217 3170 v.

408 3183 491 3219 Vive
514 3197 642 3219 memor
661 3183 741 3227 leti,
761 3184 858 3231 fugit
880 3183 975 3220 hora.

353 3231 473 3270 Poll'et
496 3235 659 3283 alioquin
683 3236 721 3271 &
749 3235 844 3282 legi,
872 3235 956 3270 hora
970 3233 1068 3284 fluit.
1095 3242 1135 3272 ut
1162 3234 1256 3283 apud
1287 3235 1398 3273 Sene-

353 3296 435 3324 cam
460 3285 567 3334 Epist.
590 3297 729 3328 cxxm,
748 3285 879 3324 Fluunt
897 3286 968 3324 dies
981 3313 992 3333 ‚
1008 3298 1052 3327 (5
1068 3285 1300 3336 irreparabilis
1318 3288 1399 3325 vita

2366 1018 2484 1079 Nec.

1438 1155 1600 1195 decurrit.
1619 1155 1831 1196 I-Iexnsxus.
1853 1157 1922 1196 Sed
1943 1157 2035 1197 nihil
2052 1155 2273 1198 mutandum
2287 1157 2385 1199 red’se
2397 1159 2479 1211 Mil-¹⁴

1438 1210 1508 1247 rius
1530 1209 1644 1254 vidit,
1672 1222 1717 1246 ex
1740 1210 1874 1246 Horat.
1893 1210 1953 1247 lib.
1979 1222 2007 1247 1.
2031 1209 2107 1247 Od.
2133 1222 2189 1248 11.

1487 1265 1584 1296 Dum
1603 1259 1778 1309 loquimur
1787 1260 1922 1308 fugerit
1941 1259 2068 1296 invida
2092 1265 2215 1299 Aetas.

1434 1308 1558 1348 Fac-ile
1585 1320 1709 1348 autem
1744 1311 1793 1347 est
1831 1311 1999 1360 exempla
2024 1312 2181 1360 cujusvis
2209 1313 2346 1351 horum
2371 1313 2480 1354 trium*

1439 1361 1633 1398 verborum
1654 1361 1855 1399 corradere.
1881 1361 1941 1399 sed
1961 1362 2110 1410 scriptos
2129 1362 2335 1412 sequamur.

1492 1413 1546 1449 16.
1576 1413 1648 1461 Ipsa
1667 1411 1793 1462 legat]
1827 1411 1892 1447 Illa
1911 1413 2092 1449 meliores.
2122 1413 2332 1453 H1-21N31us.

1494 1462 1548 1500 18.
1576 1468 1632 1499 Ex
1653 1463 1757 1500 tacito
1778 1462 1923 1512 vultu]
1954 1467 2001 1499 Et
2018 1462 2147 1511 scripti.
2173 1464 2277 1514 Lege
2291 1494 2300 1509 ,
2318 1470 2347 1502 E
2366 1465 2496 1506 tacitos·
2539 1502 2541 1506 ,

1437 1513 1651 1553 ΗΕιΝεῑυε.
1688 1513 1868 1563 Quinctil.
1893 1514 2002 1551 Decl.
2029 1525 2255 1554 ccctxxxn.
2283 1515 2478 1567 Intellexisti

1437 1577 1461 1600 a
1483 1564 1602 1603 vultu.

1496 1627 1552 1663 19.
1580 1621 1651 1652 Nec
1670 1614 1803 1664 mora]
1826 1613 1976 1659 Statim,
2005 1617 2292 1664 quamprimum.
2313 1618 2491 1672 Ciornng

1492 1678 1548 1714 19.
1577 1665 1746 1714 stubam]
1775 1666 1904 1703 Putem
1921 1694 1931 1709 ,
1958 1665 2075 1702 videto
2095 1683 2105 1702 :
2144 1679 2230 1706 nam
2261 1668 2414 1707 alterum
2441 1671 2487 1708 in'

1438 1717 1567 1755 ancilla
1584 1718 1692 1755 nimis
1711 1716 1960 1765 imperiosum.
1990 1717 2204 1756 Hermum.
2233 1719 2401 1760 Francius
2426 1719 2486 1759 le-'
2540 1735 2542 1737 ·

1437 1767 1565 1818 gebat,
1593 1777 1737 1805 moneto.

1490 1832 1550 1859 20.
1577 1819 1704 1868 Ceras]
1736 1818 1875 1856 Tabella
1895 1828 2020 1856 cerata.
2051 1819 2271 1859 CxorANus.
2538 1847 2539 1851 =

1489 1882 1548 1907 21.
1576 1871 1792 1919 comprimat
1808 1868 1985 1906 ordinibus
2006 1870 2158 1920 versus.]
2190 1873 2279 1909 Hoc
2297 1872 2367 1915 est,
2389 1871 2480 1921 ipsos
2551 1872 2553 1877 ’

1439 1920 1558 1958 versus
1585 1919 1659 1956 five
1688 1920 1799 1957 lineas
1817 1919 2012 1964 addenset‚
2040 1920 2155 1968 prope
2172 1922 2266 1959 inter
2282 1922 2480 1972 sejungat,
2548 1941 2550 1948 ·

1439 1979 1480 2008 ut
1496 1970 1564 2008 fint
1579 1970 1724 2019 angusta
1742 1983 1784 2009 ac
1804 1970 1951 2007 modica
1971 1973 2065 2008 inter
2082 1971 2186 2009 binos
2215 1973 2332 2010 versus
2352 1973 2482 2021 spatia,

1439 2021 1515 2061 five
1543 2021 1740 2059 interstitia.
1778 2022 1913 2070 Neque
1943 2022 2043 2058 enim
2072 2022 2133 2058 hic
2165 2023 2243 2058 ordo
2280 2025 2479 2062 terminum

1440 2080 1502 2110 aut
1527 2072 1689 2115 lineam,
1716 2083 1809 2122 quae
1839 2072 1876 2108 in
1904 2072 2067 2119 margine
2093 2071 2257 2116 ducitur,
2285 2073 2481 2122 fignificat,

1441 2131 1481 2160 ut
1503 2123 1788 2159 Commentator
1818 2129 1931 2170 putat.
1958 2122 2179 2160 Moenms.
2208 2123 2324 2161 Recte
2346 2125 2482 2174 Micyl-

1438 2173 1515 2210 lus:
1542 2173 1685 2211 locutio
1709 2173 1757 2210 est
1785 2171 1805 2210 ὲ
1825 2185 1861 2209 re
1882 2172 2026 2210 militari
2046 2172 2118 2210 sive
2140 2175 2217 2211 acie
2231 2202 2242 2218 ,
2268 2186 2362 2223 quae
2383 2175 2482 2213 ordi—

1440 2223 1544 2261 nibus
1564 2223 1767 2268 instruitur‚
1798 2223 1995 2270 desumpta.
2019 2223 2067 2260 fic
2088 2224 2169 2261 Liv.
2193 2227 2330 2262 V111.8.
2354 2225 2482 2263 Triarii

1442 2273 1671 2322 consurgentes
1691 2302 1701 2318 ,
1748 2273 1806 2310 ubi
1834 2274 1872 2310 in
1911 2274 2105 2310 intervalla
2146 2275 2306 2311 ordinum
2339 2276 2481 2322 suorum

1436 2324 1601 2374 principes
1632 2336 1675 2365 (φ
1703 2324 1851 2371 hastatos
1880 2323 2088 2373 recepiffi’nt,
2116 2325 2281 2375 extemplo
2310 2324 2483 2375 compreffi's

1442 2375 1618 2411 ordinibus
1649 2375 1747 2412 velut
1777 2374 1983 2411 claudebant
2012 2375 2113 2418 vias,
2142 2389 2275 2426 unoque
2297 2377 2483 2414 continente

1442 2426 1579 2474 agmine
1603 2454 1613 2470 ,
1647 2426 1686 2462 in
1713 2425 1835 2472 hostem
1863 2425 2072 2461 incidebant.
2110 2426 2170 2464 ubl
2200 2427 2325 2464 malim
2356 2427 2482 2464 incede-

1444 2475 1530 2512 bam·
1543 2493 1553 2512 .·
1570 2476 1706 2524 agmine
1722 2476 1873 2512 incedere
1890 2476 2014 2523 paffim
2031 2478 2199 2514 occurrit.
2219 2478 2365 2514 incidere
2386 2479 2480 2516 enim

1444 2528 1575 2565 meiius
1599 2527 1642 2564 de
1662 2528 1723 2570 iis,
1751 2528 1815 2576 qui
1836 2526 1915 2565 casu
1936 2526 2084 2564 obviam
2109 2527 2201 2566 fiunt
2215 2556 2225 2572 ,
2244 2528 2385 2567 dicitur.
2412 2528 2481 2566 Sal-

1446 2577 1577 2614 masius
1605 2578 1649 2615 de
1681 2579 1798 2615 inodo
1829 2577 2027 2615 Usurarum
2057 2590 2136 2628 pag.
2169 2582 2251 2625 464.
2280 2580 2365 2617 citat
2393 2579 2478 2617 vitio

1444 2630 1650 2667 memoriae
1664 2657 1672 2670 ,
1695 2639 1732 2666 ut
1752 2629 1855 2676 saepe
1873 2628 1936 2676 ipsi
1958 2628 2110 2666 accidit:

1497 2680 1712 2728 comprimat
1732 2678 1908 2716 ordinibus
1926 2679 2043 2726 versus
2055 2707 2065 2723 ,
2081 2679 2256 2729 oculosque
2273 2689 2444 2726 moretur,

1549 2731 1710 2777 Asargine
1731 2730 1767 2766 in
1788 2741 1937 2766 extremo
1957 2729 2058 2764 litera
2079 2729 2157 2778 rafiz
2180 2744 2268 2768 mea.

1446 2780 1521 2817 Ubi
1548 2780 1592 2817 de
1626 2781 1727 2817 litera
1752 2779 1834 2829 ‘rasa
1858 2783 1969 2817 etiam
1990 2779 2154 2828 disputat.
2182 2780 2304 2820 similis
2326 2793 2413 2820 vero
2431 2781 2484 2827 1οέ

1450 2843 1511 2869 cus
1535 2843 1587 2868 1x.
1609 2833 1766 2869 Metam.
1787 2832 1868 2879 562.

1501 2882 1601 2918 Talia
1621 2883 1849 2933 nequicquam
1866 2890 2085 2930 perarantem
2103 2881 2203 2929 plena
2223 2882 2389 2934 relinquit

1500 2939 1589 2969 Cera
1600 2946 1761 2977 manum,
1766 2932 1971 2983 summoque
1982 2932 2020 2968 in
2033 2934 2186 2982 margine
2197 2935 2316 2981 versus
2326 2930 2486 2983 adhaefitl

1449 2985 1713 3022 Bunmmnus.

1503 3046 1562 3082 23.
1590 3034 1690 3081 §Quid
1718 3033 1839 3081 digitos
1866 3042 1943 3083 opu-s
1968 3034 2010 3081 est
2033 3034 2218 3084 graphium
2239 3036 2359 3084 lassare
2374 3044 2484 3071 tenen·

1450 3084 1521 3131 do]
1544 3084 1693 3131 Graphio
1715 3085 1918 3122 Puteaneus
1941 3086 1978 3122 &
2005 3086 2171 3123 l'olitiani
2190 3087 2377 3135 Excerpta.
2399 3088 2485 3120 Gra-

1445 3134 1525 3183 phio
1545 3133 1664 3182 laffizre
1684 3145 1811 3170 retento
1837 3137 1950 3181 Jureti
1971 3136 2099 3173 codex.
2128 3145 2168 3174 ut
2190 3137 2230 3175 fit
2250 3135 2484 3174 Graecismus.

1453 3185 1664 3221 Hfflsms.
1694 3185 1840 3221 Terendo
1858 3187 2006 3224 volebat
2024 3187 2206 3224 Francius.

1505 3248 1559 3279 24-
1591 3243 1659 3271 Hoc
1689 3235 1854 3287 habeat.]
1884 3243 1951 3275 Fac
1976 3236 2102 3276 habeat
2128 3246 2221 3288 puto
2245 3231 2490 3276 retinendum:

1454 3286 1668 3326 Hzmsms.

2336 3349 2394 3385 25.
2413 3338 2492 3381 Nqn
