2553 3676
615 188 1148 253 AMORUM
1220 210 1394 247 LIB.
1468 192 1505 249 I.

1583 206 1664 266 14ss
2089 200 2187 270 387

362 288 467 344 Vel
493 287 631 359 pede
656 280 803 354 quod
830 280 1012 351 gracili
1039 279 1262 335 deducit
1286 298 1471 336 aranea
1496 282 1675 346 filum,

432 359 574 411 Cum
597 357 713 408 leve
741 353 947 407 deserta
971 352 1065 407 sub
1090 352 1240 406 trabe
1267 353 1431 406 neetit
1459 355 1627 425 opus?

358 431 474 485 Nec
500 441 677 479 tamen
701 438 813 479 ater
840 437 980 488 erat,
1030 443 1130 481 nec
1155 437 1267 479 erat
1291 438 1474 478 tamen
1496 444 1682 480 aureus
1707 427 1832 492 iliis.

256 520 319 555 10

69 699 152 736 209.
171 687 352 725 refutavit.
379 687 416 724 &
438 698 524 724 euin
543 686 704 737 sequitur
720 687 898 724 Ferrarius
918 686 981 724 lib.
1007 698 1036 724 1.
1053 686 1100 725 de

16 764 17 778 i
60 739 122 775 rRe
153 737 248 774 Vest.
281 749 357 786 cap.
388 749 444 785 19.
480 739 518 774 ὃ(
549 739 597 775 ita
629 749 704 786 toga
726 737 789 785 filo
819 735 1008 784 tenuiffima
1036 751 1101 776 111.

65 789 142 826 Art.
164 799 244 835 445.
271 799 317 824 ne
346 799 435 825 vero
463 788 589 825 odiose
610 797 792 837 repetatur
811 800 889 825 vox
910 787 1034 833 filum,
1058 790 1096 826 in

15 850 17 852 ·
62 838 223 887 sequenti
242 838 341 875 versu
363 849 446 876 cum
467 850 543 875 uno
565 840 704 876 Moreti
720 839 902 886 legerem:

115 887 170 924 Vel
180 889 262 937 pede
282 888 370 939 quod
385 888 508 937 gracili
526 889 663 925 deducit
682 902 811 925 aranea
820 887 967 935 furtim.

62 938 273 987 Repetenda
292 941 391 977 enini
422 951 497 977 vox
525 948 603 988 opus
629 952 674 976 ex
701 939 931 988 sequentibus
952 967 963 985 ,
1000 951 1094 989 quae

63 999 147 1027 cum
168 988 304 1026 deducit
324 990 592 1039 conjungenda.
619 990 880 1028 BuRMANNus.

111 1049 144 1084 7.
180 1040 237 1076 Vel
255 1040 338 1090 pede
368 1041 457 1089 quod
482 1040 605 1090 gracili
634 1041 772 1078 deducit
797 1053 927 1078 aranea
949 1040 1095 1090 filum]

59 1087 230 1137 Aelianus
267 1091 312 1129 de
356 1091 449 1129 Hist.
488 1092 719 1129 Animalium
758 1091 820 1129 lib.
854 1104 885 1130 1.
915 1104 990 1141 cap.
1027 1105 1097 1129 xii.

16 1157 18 1171 τ
61 1140 273 1179 Ciormus.
302 1142 430 1190 Fragili
458 1143 497 1180 in
525 1143 639 1180 altero
660 1141 851 1180 Mediceo.
877 1142 975 1180 unde
992 1142 1098 1188 facili

15 1190 17 1243 J
59 1191 276 1240 'conjiciebat
314 1192 497 1231 Heinsius.
544 1193 709 1230 Producit
748 1193 910 1231 Sarravii.
948 1193 1094 1237 frustra;

12 1252 18 1295 i

8 1305 18 1415 l

4 1415 18 1539 i

14 1541 19 1658 l

21 2519 25 2604 i

57 1247 143 1279 nam
168 1242 309 1290 gracilis
340 1244 378 1280 &
405 1243 564 1280 deducere
590 1245 734 1292 propria
761 1245 798 1280 in
817 1244 886 1280 hac
904 1254 942 1280 re
962 1244 1094 1288 verba,

57 1299 99 1329 ut
118 1293 157 1329 ὅ(
175 1293 213 1329 in
230 1293 389 1331 lanificio
407 1294 621 1343 puellarum.
648 1294 788 1333 Ennius
808 1292 905 1343 apud
923 1294 1093 1334 Nonium

55 1341 96 1380 in
116 1343 376 1381 Gracilentum:

108 1393 296 1430 Deducunt
313 1393 443 1431 habiles
462 1396 576 1433 radios
585 1394 650 1443 filo
662 1395 861 1445 gracilento.

56 1439 111 1481 Ita
139 1443 279 1492 Lipfius
313 1445 499 1483 constituit
529 1447 629 1485 hunc
661 1447 804 1486 versum
823 1476 834 1492 ‚
869 1445 1094 1495 approbante

54 1488 240 1533 Columna
253 1523 264 1541 ‚
293 1496 331 1533 ὃς
347 1495 578 1536 Broukhufio
597 1497 644 1537 ad
660 1498 720 1538 illa
737 1498 900 1547 Propert.
920 1509 974 1535 1v.
990 1497 1094 1546 Eleg.

55 1555 119 1582 111.
148 1556 207 1594 33.
756 1563 773 1581 s

107 1599 154 1631 Et
174 1596 278 1644 Tyria
298 1596 337 1633 in
355 1598 467 1635 radios
487 1597 617 1634 vellera
636 1598 741 1636 ducta
754 1599 844 1647 sitos.

0 1681 2 1683 .
55 1644 133 1682 Ubi
162 1646 333 1684 Heinsius
359 1648 404 1685 ad
431 1648 554 1685 Valet.
576 1648 670 1686 Flac.
694 1662 748 1686 VI.
770 1660 855 1697 223.
880 1648 1026 1692 mallet,
1053 1648 1092 1685 in

1 1726 4 1730 ,
55 1694 209 1732 calathos
238 1696 323 1733 lecta
344 1726 354 1742 ‚
390 1698 480 1742 vel,
516 1698 556 1735 in
583 1699 697 1735 radios
722 1708 832 1736 texta.
868 1698 928 1736 sed
958 1698 1092 1737 frustra.

0 1770 1 1779 ,
57 1744 162 1780 ducta
187 1748 287 1784 enim
314 1747 433 1792 reete,
461 1756 501 1786 ut
526 1750 587 1786 hic
616 1750 784 1786 deducere.
819 1748 879 1786 sed
905 1749 965 1786 ille
990 1749 1092 1787 locus

55 1793 166 1837 docet
194 1797 290 1844 apud
313 1799 474 1835 Ennium
503 1798 600 1835 male
624 1800 739 1836 radios
765 1799 886 1835 deduci
913 1799 985 1836 dici
1004 1799 1092 1844 filo,

58 1852 142 1883 cum
157 1855 282 1884 contra
299 1847 357 1885 fila
380 1849 438 1885 vel
451 1848 583 1885 vellera
602 1849 706 1888 radiis
727 1850 788 1887 vel
807 1861 870 1898 per
889 1849 1008 1887 radios
1029 1850 1094 1887 de-

57 1895 290 1935 ducebantur.
317 1910 428 1947 quare
447 1899 628 1947 legerem:
875 1923 881 1928 -

107 1947 292 1984 Deducunt
309 1948 437 1985 habiles
457 1948 553 1985 radio
568 1977 578 1994 ‚
599 1949 661 1996 filo
676 1948 873 1998 gracilento.

57 1996 201 2035 Scilicet
219 1997 352 2036 lanam.
380 2000 432 2037 Ut
452 2008 575 2048 agatur
603 2000 648 2037 de
671 2001 807 2037 ancillis
829 2001 1023 2039 Lucretiae
1043 2001 1095 2039 la-

55 2059 145 2085 nam
165 2049 404 2087 facientibus:
441 2062 527 2088 nam
557 2051 765 2088 Columnae
794 2052 886 2089 ratio
910 2064 988 2089 non
1017 2051 1094 2089 satis

1 2104 5 2108 “
55 2094 192 2143 solida,
220 2100 280 2148 qui
305 2112 349 2137 ex
369 2100 461 2138 libro
484 2113 554 2138 vii.
579 2101 780 2138 Annalium
810 2102 921 2139 Ennii
950 2102 1094 2140 versum

57 2148 128 2196 esse
148 2150 358 2194 contendit,
379 2151 441 2188 ubi
461 2163 514 2188 res
530 2151 641 2199 longe
658 2152 736 2200 post
757 2152 933 2190 violatam
954 2154 1095 2191 Lucre-

58 2199 148 2239 tiam
166 2209 376 2244 narrantur,
399 2213 482 2238 cuin
507 2202 648 2239 Merula
666 2202 711 2239 ad
731 2203 826 2240 Eun.
845 2215 924 2259 pag.
944 2214 1025 2251 321.
1048 2215 1094 2240 ex

2 2271 3 2275 =
57 2249 148 2287 libro
163 2262 222 2287 111.
236 2250 441 2288 desumtuin
455 2250 525 2289 effe
539 2252 778 2291 verosimilius
790 2254 973 2302 conjiciat.
993 2253 1096 2290 exiles

60 2299 178 2349 digitos
198 2301 327 2339 Noster
344 2314 398 2338 VI.
420 2303 514 2340 Met.
533 2314 609 2352 ¹43-
630 2312 752 2347 vocat,
766 2315 859 2353 quos
878 2304 938 2341 liic
953 2304 1097 2352 graciles

53 2351 160 2400 pedes.
186 2351 327 2389 Servius
354 2352 398 2390 ad
428 2353 556 2402 Virgil.
576 2367 621 2391 11.
644 2355 783 2403 Georg.
806 2366 887 2392 120.
906 2355 1014 2401 Apud
1035 2361 1096 2391 In-

62 2401 120 2438 dos
145 2413 187 2440 ω’
213 2408 304 2439 Seres
324 2403 411 2452 sunt
439 2405 585 2454 quidam
607 2404 645 2441 in
672 2404 849 2441 arboribus
869 2418 1026 2449 vermes,
1052 2416 1096 2445 φ’

63 2451 231 2501 bombyces
249 2455 486 2503 appellantur,
512 2456 572 2504 qui
603 2455 640 2491 in
665 2466 875 2492 aranearum
896 2469 1024 2491 morem
1046 2466 1097 2492 te-

62 2502 217 2550 nuiffima
238 2504 306 2551 fila
330 2505 516 2542 deducunt.
554 2507 602 2542 ita
631 2506 730 2543 editi.
755 2506 816 2543 sed
837 2505 945 2542 MSS.
964 2505 1097 2543 Codex

65 2553 247 2593 Leidensis
263 2583 272 2600 ‚
290 2555 423 2593 ducunt
438 2585 447 2600 ‚
479 2565 515 2595 ut
542 2556 761 2605 Propertius.
788 2558 827 2594 ὃς
847 2556 894 2594 ad.
911 2557 1004 2594 haec
1031 2556 1097 2594 ad-

24 2625 25 2637 i
66 2603 170 2643 duem
187 2607 245 2644 illa
267 2608 410 2656 Virgilii
429 2608 467 2644 in
489 2607 616 2644 Culice
637 2608 885 2656 comparatio:

113 2654 289 2705 Lufimus,
317 2658 446 2694 octavi
457 2686 467 2701 ,
489 2657 613 2706 gracili
631 2658 831 2695 modulante
847 2657 994 2704 Thalia,

115 2711 234 2755 Atque
251 2709 402 2745 araneoli
421 2719 558 2745 tenuem
567 2709 809 2756 formavimus
828 2709 952 2751 orsum.

63 2756 120 2795 Ut
140 2760 238 2795 enim
257 2771 385 2797 aranea
406 2769 541 2796 tenuem
560 2760 672 2808 orsum
685 2788 696 2804 ,
715 2759 749 2797 id
772 2759 820 2796 est
840 2759 943 2798 filum
958 2787 967 2803 ‚
995 2758 1099 2810 quod

66 2806 227 2852 orditur,
254 2817 363 2847 tenue
381 2812 516 2848 format
537 2812 630 2859 pede
651 2809 796 2858 gracili,
824 2810 873 2847 ita
892 2822 959 2847 nos
978 2811 1101 2859 gracili

68 2854 176 2895 Musa
195 2858 351 2896 lusimus.
377 2873 461 2898 nam
492 2862 529 2898 ὃς
556 2861 716 2898 deducere
731 2874 892 2903 carmen,
919 2873 996 2910 quo
1019 2862 1102 2898 No-

69 2907 137 2946 ster
168 2921 199 2946 1.
230 2909 385 2946 Metam.
409 2923 442 2957 4.
478 2912 516 2948 &
546 2913 627 2949 alibi
655 2912 758 2960 saepe
783 2912 918 2954 utitur,
945 2910 1102 2949 deducta

70 2953 160 2996 hinc
177 2959 389 3006 metaphora
404 2988 414 3003 ,
440 2961 591 3000 dietum.
617 2962 716 3000 unde
735 2962 943 3000 Columella
960 2961 1021 3000 lib.
1042 2974 1074 2999 x,

124 3008 231 3045 Tenui
246 3008 404 3045 deducere
423 3011 573 3048 carmine
593 3013 708 3062 Musa.

28 3076 29 3079 ¹
70 3054 119 3099 Et
137 3059 274 3096 ibidem
288 3072 296 3095 :

127 3109 260 3145 Gracili
281 3110 468 3145 connectere
488 3110 643 3148 carmina
654 3113 728 3159 βία.

73 3159 232 3198 Martial.
253 3172 340 3197 viii.
361 3171 420 3208 33.
523 3170 526 3172 ·

128 3217 236 3247 Lenta
257 3211 371 3247 minus
388 3209 510 3258 gracili
531 3212 679 3258 crescunt
694 3212 850 3262 *colooafia
863 3214 935 3261 filo.

79 3259 260 3310 Ausonius
277 3262 315 3299 in
329 3261 482 3300 Mose-lla
494 3260 632 3309 ,filhtili
646 3260 708 3310 filo
726 3273 802 3301 nere
818 3264 1106 3304 camma-dixit:

427 498 560 562 Sed,
598 498 837 571 quamvis
862 512 1078 565 neuter,
1114 498 1312 554 mixtus
1335 508 1564 569 uterque
1590 499 1755 553 color.

1960 573 2188 647 Qualem

1207 686 1333 724 Mollia
1348 684 1473 735 subtili
1490 683 1619 722 nebunt
1637 681 1726 721 mihi
1746 683 1901 719 carmina
1914 685 1975 730 filo

1207 738 1356 774 Pierides
1368 766 1378 782 ,
1405 736 1564 786 tenuique
1579 745 1677 785 aptas
1687 733 1882 784 subtemine
1902 737 1987 771 telas

1207 793 1426 827 Percurrent.

1150 843 1199 882 Et
1219 847 1354 885 Horat.
1381 860 1427 885 11.
1458 841 1566 896 Epistss
1591 860 1622 886 1.
1641 859 1726 895 225.
1748 847 1855 884 Tenui
1873 845 2018 882 deducta
2032 850 2193 896 poemata

1143 894 1218 942 βία.
1240 898 1284 935 ad
1300 898 1362 935 lib.
1386 909 1418 935 1.
1440 898 1550 935 Trist.
1576 910 1605 935 1.
1630 910 1686 945 39.
1714 899 1753 935 in
1774 897 1902 935 codice
1923 897 2095 935 Leidensi
2119 909 2192 939 erat

1148 946 1259 994 glossa
1277 949 1389 992 haec,
1416 948 1572 985 deducta.
1591 950 1745 984 tractum
1765 949 1807 996 est
1827 961 1849 984 a
1859 947 1922 994 filo
1937 975 1946 991 ,
1974 948 2064 997 quod
2078 949 2193 997 subti-

1148 996 1229 1034 liter
1259 999 1450 1036 deducatur
1478 1012 1501 1035 a
1531 998 1618 1035 caelo
1647 999 1698 1047 (a
1727 998 1796 1035 tela
1828 997 1972 1045 legebat
1999 999 2196 1048 Heinsius)

1151 1059 1194 1087 (φ
1215 1049 1268 1086 ita
1297 1050 1454 1087 carmina
1480 1062 1503 1085 a
1530 1060 1643 1086 mente
1670 1046 1900 1098 compofitoris.
1927 1048 2018 1085 unde
2043 1049 2129 1086 alibi
2154 1051 2193 1088 in

1152 1104 1283 1137 Ponto:
1312 1101 1435 1150 Accipe
1456 1101 1603 1150 Pompeji
1624 1099 1808 1136 deductum
1828 1112 1965 1136 carmen
1991 1098 2035 1135 ab
2056 1100 2125 1138 illo.
2154 1102 2195 1139 &

1150 1149 1255 1195 alibi,
1279 1152 1316 1189 iii
1335 1153 1556 1189 Honorato:
1568 1150 1693 1200 subtili
1715 1151 1862 1187 deduHa
1875 1153 2038 1198 po'e'mata
2049 1150 2125 1197 filo.
2154 1152 2194 1189 ὅτ.

1150 1200 1237 1238 hinc
1255 1211 1397 1240 tenuare
1426 1215 1565 1238 carmen
1591 1204 1753 1250 Propert.
1781 1213 1843 1238 11r.
1871 1200 1973 1248 Eleg.
2006 1213 2037 1237 1.
2065 1202 2115 1238 ita
2135 1201 2194 1238 de-

1150 1250 1293 1288 ductum
1315 1267 1451 1290 carmen
1478 1253 1573 1302 apud
1601 1253 1728 1301 Virgil.
1749 1265 1803 1289 v1.
1826 1250 1951 1299 Eclog.
1976 1263 2010 1298 5.
2035 1262 2113 1288 non
2138 1259 2197 1290 te-

1150 1314 1223 1340 nue
1252 1304 1320 1342 hac
1346 1305 1486 1342 ratione
1508 1332 1518 1348 ‚
1563 1311 1602 1341 ut
1629 1302 1770 1341 humile
1799 1302 1841 1339 fit
1876 1301 2039 1349 respectu
2065 1302 2196 1349 Epici,

1149 1353 1210 1391 sed
1230 1362 1269 1392 ut
1290 1355 1388 1392 reete
1405 1354 1615 1392 Macrobius
1633 1366 1690 1392 vi.
1714 1366 1749 1400 4.
1771 1354 1809 1390 ὅτ.
1830 1352 2050 1400 Erythraeus
2074 1352 2111 1388 in
2132 1352 2195 1389 In-

1151 1403 1232 1442 dice
1254 1433 1263 1449 ,
1298 1405 1423 1445 subtile
1444 1433 1456 1451 ,
1491 1405 1659 1454 elegam,
1686 1413 1809 1442 tenue.
1848 1402 1897 1439 fic
1923 1402 2092 1451 Juvenal.
2120 1403 2195 1451 Sat.

1150 1467 1235 1494 vti.
1265 1469 1323 1505 54.
1872 1481 1876 1485 «

1198 1520 1358 1570 Egregius
1373 1532 1473 1559 vates
1487 1550 1496 1564 ‚
1525 1520 1578 1558 cui
1597 1518 1725 1569 nonsit
1742 1517 1881 1567 publica
1899 1529 1994 1556 vena
2005 1520 2019 1563 ᾖ

1199 1572 1274 1618 Qi
1293 1571 1383 1608 nihil
1400 1571 1583 1622 expositum
1594 1571 1705 1620 fhleat
1726 1570 1895 1607 deducere.

1147 1630 1288 1670 Contra
1315 1633 1448 1671 Cicero
1474 1646 1530 1670 1x.
1559 1632 1604 1670 ad
1624 1632 1725 1669 Fam.
1751 1643 1806 1668 12.
1831 1628 2082 1680 Munusculum
2103 1630 2196 1669 levi-

1146 1681 1243 1731 dense
1264 1711 1272 1727 ‚
1302 1684 1400 1732 craffi)
1420 1683 1497 1731 filo.
1523 1683 1584 1720 ubi
1614 1694 1691 1719 non
1719 1681 1939 1719 satisfaciunt
1966 1681 2036 1718 viri
2068 1680 2194 1727 docti,

1146 1734 1210 1780 qui
1231 1733 1302 1769 levi
1320 1734 1420 1769 dente
1442 1734 1650 1782 corrigunt,
1678 1740 1718 1770 ut
1737 1732 1915 1769 Octavius
1934 1731 2194 1778 Pantagathus,

1148 1783 1187 1820 &
1208 1795 1323 1833 nuper
1344 1785 1420 1833 ejus
1440 1784 1674 1833 conjecturae
1693 1780 1859 1824 assertor,
1884 1781 1939 1817 vir
1966 1782 2108 1828 egregie
2126 1781 2197 1819 do·-

1149 1833 1225 1871 ἕως
1240 1863 1250 1879 ,
1281 1835 1546 1879 Heumannus,
1574 1835 1611 1871 in
1631 1832 1773 1870 Miscel.
1796 1829 1970 1879 Lipsiens.
1985 1839 2081 1868 tom.
2105 1843 2195 1870 vm.

1147 1896 1228 1932 pag.
1249 1884 1306 1930 87.
1331 1897 1418 1923 nam
1445 1884 1516 1922 levi
1545 1884 1644 1920 dente
1671 1894 1765 1930 opus
1796 1880 1946 1930 aliquod
1975 1880 2073 1918 reete
2100 1881 2196 1927 dici,

1147 1935 1284 1973 vellem
1303 1936 1407 1974 nobis
1428 1935 1659 1974 ostenderent
1675 1933 1814 1971 idoneo
1834 1931 1999 1982 quodam
2020 1931 2170 1970 auctore
2181 1948 2194 1976 ;

1148 1996 1219 2022 nec
1249 1988 1362 2035 inagis
1387 1995 1513 2024 tamen
1541 1985 1709 2032 levidense
1741 1983 1858 2032 placet
1876 2010 1886 2026 ‚
1914 1993 2026 2031 quam
2057 1994 2196 2021 vocem

1152 2035 1292 2074 Latinis
1322 2037 1503 2074 veteribus
1531 2035 1732 2074 inauditam
1761 2031 1863 2070 fuiffe
1891 2040 1996 2081 put0.
2023 2032 2114 2081 quid
2142 2041 2198 2071 ta-

1150 2097 1238 2123 men
1261 2087 1517 2136 reponendum
1546 2086 1588 2124 fit
1619 2086 1679 2123 vix
1711 2083 1887 2132 dijudico.
1915 2094 1960 2122 an
1986 2082 2058 2139 levi
2072 2085 2195 2138 persisto,

1150 2136 1187 2174 id
1207 2137 1255 2174 est
1275 2149 1385 2186 opera
1407 2138 1503 2175 facili
1533 2138 1570 2174 ὃς
1599 2136 1673 2173 levi
1694 2134 1896 2183 composita
1916 2142 2047 2171 oratio.
2074 2133 2134 2170 led
2155 2142 2196 2172 ut

1150 2187 1342 2225 redeamus
1370 2189 1408 2225 in
1438 2189 1548 2225 viam.
1575 2188 1625 2224 ita
1653 2186 1742 2223 dixit
1765 2213 1775 2229 ‚
1811 2184 1915 2233 craffiz
1936 2183 2004 2231 fila
2036 2183 2196 2220 deducere

1151 2238 1284 2275 Noster
1313 2238 1422 2287 Epist.
1457 2251 1511 2276 ix.
1540 2249 1598 2284 77.
1627 2237 1666 2274 &
1693 2247 1788 2284 quae
1814 2236 1915 2284 plura
1934 2234 2055 2273 obvia.
2084 2235 2195 2270 Cete-

1151 2299 1231 2325 rum
1253 2297 1293 2326 ut
1311 2299 1474 2334 tenuare,
1495 2290 1532 2326 &
1552 2287 1646 2324 tenui
1657 2286 1720 2334 filo
1737 2286 1908 2323 deducere.
1930 2285 1979 2321 ita
2000 2285 2037 2321 &
2057 2283 2193 2322 eodem

1150 2338 1250 2377 sensu
1269 2339 1421 2389 eliquare
1440 2339 1578 2377 Persius
1599 2338 1668 2376 Sat.
1695 2349 1725 2374 1.
1746 2349 1803 2387 35.

1200 2403 1347 2455 Eliquat
1367 2416 1410 2444 ω’
1430 2414 1542 2441 tenero
1553 2402 1756 2453 supplantat
1774 2400 1881 2437 verba
1892 2399 2023 2450 palato.
2053 2449 2059 2455 ι

1152 2455 1199 2492 Et
1220 2455 1366 2505 Apulej.
1386 2456 1424 2492 in
1441 2455 1594 2493 Floridis
1608 2483 1618 2498 ,
1639 2453 1811 2490 canticum
1830 2465 1882 2487 ore
1900 2450 1997 2486 tereti
2016 2449 2167 2498 eliquare
2178 2464 2190 2492 ;

1152 2505 1256 2554 quod
1286 2506 1438 2543 verbum
1462 2507 1575 2543 etiam
1596 2505 1634 2541 in
1653 2502 1813 2540 lanificio
1833 2501 2000 2538 occurrit.
2026 2501 2075 2537 ita
2095 2500 2194 2538 Ter-

1152 2555 1218 2592 tul.
1249 2555 1294 2592 de
1325 2556 1438 2593 Pallio
1469 2567 1546 2603 cap.
1575 2566 1607 2602 3.
1636 2559 1800 2600 Dumque
1824 2560 2015 2598 pertentat,
2041 2562 2085 2589 (y
2103 2550 2194 2600 quod

1145 2605 1308 2651 facilitas
1330 2604 1495 2642 materiae
1508 2602 1679 2653 suadebat
1693 2629 1703 2645 ,
1730 2604 1844 2637 tractu
1862 2603 2074 2650 prosequente
2085 2600 2195 2648 filum

1153 2656 1296 2706 eliquat.
1314 2657 1352 2693 &
1373 2656 1494 2703 paullo
1515 2655 1592 2703 post
1615 2654 1659 2691 de
1679 2653 1869 2699 Bonibyce
1882 2679 1891 2694 ‚
1904 2664 1989 2700 quae
2004 2660 2061 2699 per
2079 2654 2194 2687 a‘e'rem

1153 2706 1336 2757 eliquando
1366 2719 1571 2743 araneorum
1600 2703 1776 2751 horoscopis
1794 2702 1929 2738 idonius
1948 2702 2042 2750 sedes
2070 2701 2195 2738 tendit.

1155 2756 1485 2798 Salmafiusrediclit
1509 2785 1527 2802 ,⁷
1556 2765 1613 2804 per
1640 2758 1755 2790 aerem
1783 2751 1948 2801 liquando
1967 2780 1977 2795 ‚
2011 2751 2071 2789 sed
2108 2765 2193 2790 cuin

1153 2808 1300 2845 testetur
1315 2810 1352 2847 in
1372 2808 1479 2845 MSS.
1505 2805 1597 2850 effe,
1620 2814 1679 2853 per
1697 2816 1809 2840 erema
1831 2803 2015 2852 liquando,
2040 2813 2113 2859 rios
2132 2802 2195 2838 eli-

1155 2859 1293 2905 quando
1318 2857 1585 2896 rescribendum
1611 2854 1680 2893 ess'e
1711 2863 1890 2906 putamus.
1923 2854 1965 2890 ὃς
1992 2855 2064 2901 ipse
2095 2856 2193 2900 lupia

1157 2908 1431 2946 Tertullianum
1446 2936 1456 2952 ‚
1470 2907 1576 2954 filum
1591 2906 1745 2956 eliquare
1766 2903 1890 2942 dixi'ile
1909 2912 2023 2941 notat.
2045 2903 2192 2958 Cas-aul).

1158 2958 1203 2996 ad
1222 2959 1355 2999 locum
1381 2958 1488 2996 Persii
1513 2959 1590 2995 vult
1613 2956 1867 3003 metaphoram
1889 2952 1957 2991 effe
1979 2967 1997 2991 a
2020 2954 2191 2995 metallis,

1158 3021 1253 3058 quae
1272 3009 1409 3058 liquata
1435 3009 1650 3046 mollescunt
1662 3022 1673 3050 ;
1703 3006 1764 3043 sed
1782 3005 1911 3042 rectius
1933 3017 1951 3042 a
1972 3005 2049 3041 lana
2064 3032 2073 3047 ‚
2089 3013 2192 3060 *quiae

1157 3059 1272 3100 tiana
1295 3062 1338 3097 1&
1366 3059 1522 3100 deciana
1550 3060 1663 3097 etiam
1694 3055 1870 3094 mollescit
1889 3083 1899 3099 ,
1936 3054 2033 3092 unde
2064 3056 2193 3090 {witer

1158 3122 1224 3148 nx.
1242 3111 1398 3149 Metam.
1415 3122 1500 3155 411.

1210 3166 1347 3198 Lanam
1375 3160 1507 3198 mollire
1524 3159 1711 3198 trahendo.
2065 3201 2071 3208 ·
2139 3202 2143 3207 .

1154 3211 1296 3249 Nescio
1320 3223 1364 3249 an
1393 3211 1598 3249 Casauboni
1623 3212 1750 3248 animo
1776 3205 1959 3246 obversata
1983 3203 2115 3240 fuerint
2134 3200 2194 3239 illa

1157 3260 1403 3303 &rudentum
1418 3263 1626 3310 Hamarti'g.
1647 3272 1729 3304 259.

1632 3308 1743 3344 Ccc
1779 3317 1801 3342 2
2099 3307 2200 3345 Dum
