2553 3676
671 196 1311 258 HEROIDES
1385 222 1623 261 131³.x.

2140 229 2234 281 135

394 301 467 356 Et
489 300 574 358 tu,
607 296 698 348 lux
712 278 886 347 *oculis
909 292 1169 347 hodierna
1191 293 1469 350 noviffima
1494 296 1680 352 nostris
1694 337 1708 362 ‚

467 369 701 439 Virque,
743 365 865 435 (sed
888 366 921 419 ὀ
948 364 1129 438 possis!
1151 369 1172 435 )
1211 365 1264 420 &
1289 384 1422 439 puer
1446 367 1639 441 Hylle,
1677 372 1806 426 vale.

108 493 215 531 vivus
241 489 280 526 in
305 487 379 536 igne
399 481 487 533 perit
506 490 520 519 ἓ
548 481 755 518 ΗΕῐΝςῐιιε.
784 479 896 526 Tostas
915 479 952 516 in
971 480 1045 529 igne
1056 478 1135 527 fuit

106 540 320 589 conjiciebat
336 533 512 573 Francius.
538 532 669 568 Douza
684 559 694 575 ‚
714 531 824 567 vivus
843 531 880 567 in
899 531 974 579 igne
983 529 1082 580 fluit.

158 593 237 630 160.
267 595 318 624 Ne
343 584 465 621 videar
482 581 651 618 thalamis
672 580 836 631 infidiata
858 581 966 631 tuis]
999 582 1041 618 In
1064 582 1134 619 Pu-

101 652 232 682 teaneo
254 646 356 675 vetus
375 633 485 671 lectio
504 641 578 670 erat
597 632 712 676 erasa,
742 634 780 669 &
799 632 997 680 repositum
1020 631 1133 668 titulis

101 693 180 731 tuis.
206 685 399 738 quomodo
424 685 462 721 ὅ(
487 683 545 721 sex
576 684 646 720 alii.
672 691 831 732 quatuor
854 683 944 730 fatis
964 682 1044 719 tuis.
1072 682 1132 720 sex

101 751 160 782 aut
181 741 314 788 septem
328 765 336 780 ‚
355 734 471 782 nostris
491 733 583 770 toris.
608 743 678 771 tres
694 762 702 775 ‚
724 734 805 770 toris
823 733 892 770 tuis
905 761 915 776 ‚
943 733 1018 770 duo
1034 761 1043 776 ,
1063 733 1133 769 tuis

100 792 188 832 toris.
207 789 315 838 prisca
333 787 446 824 editio
459 813 468 828 ,
482 785 561 821 totis
580 785 672 821 toris.
693 785 803 822 Latet
820 783 968 832 aliquid.
987 785 1131 821 l-lmus.

100 849 153 882 Ne
168 840 289 877 videar
305 837 396 873 votis
416 836 452 872 in
466 863 476 879 ‚
497 836 665 872 Francius
686 834 918 884 conjiciebat.

152 892 228 940 163.
256 886 402 937 Nessea]
432 887 586 924 Mallem
615 891 749 923 Lernee.
778 885 990 922 HmNsxus.
1028 884 1132 922 Nihil

98 953 198 995 opus,
220 941 345 980 Senec.
367 938 478 976 Herc.
501 937 590 975 Oet.
611 937 694 980 716.

1242 485 1286 517 Ut
1305 480 1402 530 miffa
1416 480 1513 531 palla
1534 482 1576 530 est
1589 511 1599 528 ,
1627 484 1704 522 tabe
1723 483 1839 535 Neffia
1858 484 1965 525 illitas*

1191 545 1238 583 Et
1259 545 1360 596 supra
1379 559 1415 585 v.
1442 557 1525 597 527.
1544 547 1704 586 dixerat:

1599 615 1724 653 Illatas
1742 618 1843 665 vestes
1862 618 1960 655 dabis

1265 675 1361 714 Hac,
1388 668 1529 720 inquit,
1556 667 1624 718 ipsa
1644 667 1731 705 tabe.
1836 669 2105 709 BURMANNUSJ

1242 737 1323 773 166.
1351 737 1503 774 Ademte
1529 735 1661 786 meae]
1691 736 1733 773 In
1762 735 1976 784 quibusdam
2005 748 2084 774 tuae
2103 767 2113 783 ,
2150 748 2230 776 non

1187 799 1289 823 meae.
1308 789 1346 824 &
1366 786 1510 825 fortaffe
1529 788 1738 836 elegantius.
1758 787 2012 824 Nauofiaius.
2041 793 2133 824 Tuae
2150 789 2231 827 libri

1189 845 1326 874 veteres
1348 839 1479 886 majori
1500 850 1544 875 ex
1567 847 1666 886 parte
1690 850 1774 875 cum
1797 838 1998 874 Puteaneo.
2021 838 2228 876 Hiemsnis,

1241 900 1321 931 107.
1351 893 1401 923 Tu
1424 902 1554 938 qaoque
1574 887 1674 937 lusa]
1705 893 1750 924 Et
1777 898 1817 924 ta
1835 887 1897 924 lux
1919 887 2060 935 scripti,
2088 898 2227 936 praeter

1186 938 1515 986 Argentinensem‚
1544 939 1581 975 in
1600 951 1701 989 quo,
1730 952 1789 977 nec
1810 952 1876 977 non
1898 937 1972 977 lux.
1995 938 2203 979 Heiasius.

671 1054 1434 1124 EPISTOLA
1547 1059 1637 1124 X.

559 1196 1117 1253 ARIADNE

1224 1198 1734 1253 THESEO.

528 1326 648 1380 itius
672 1324 878 1386 inveni,
916 1340 1076 1395 quam
1100 1334 1153 1375 te
1169 1362 1182 1385 ‚
1222 1339 1387 1393 genus
1413 1341 1573 1378 omne
1598 1322 1859 1376 ferarum:

375 1329 525 1463 M
601 1397 821 1452 Credita
847 1414 957 1449 non
982 1396 1103 1457 ulli,
1143 1413 1303 1468 quam
1328 1397 1452 1460 tibi,
1487 1397 1636 1469 pejus
1661 1412 1822 1450 eram.

374 1473 529 1544 Quae
553 1472 710 1542 legis,
748 1488 816 1524 ex
839 1470 957 1532 1110,
995 1468 1242 1531 Τ1161611,
1280 1468 1377 1523 tibi
1400 1471 1557 1524 litore
1582 1467 1769 1522 mitto:

447 1543 607 1597 Unde
632 1557 779 1597 tuam
802 1542 908 1595 fine
932 1559 1020 1594 me
1044 1541 1158 1594 vela
1185 1542 1355 1595 tulere
1378 1558 1563 1597 ratem.

306 1635 333 1684 5
372 1614 431 1668 In
454 1633 563 1687 quo
587 1633 673 1668 me
697 1614 1016 1684 somnusque
1042 1629 1190 1665 meus
1216 1614 1349 1667 male
1375 1615 1646 1687 prodidit,
1685 1612 1741 1666 &
1766 1625 1855 1677 tu,

451 1687 555 1741 Per
580 1687 778 1741 facinus
801 1685 995 1740 somnis
1020 1683 1259 1740 insidiate
1284 1689 1429 1744 meis,

135 1874 200 1913 Illa
227 1874 344 1911 relicta
374 1872 462 1921 seris
490 1871 589 1921 wa]
617 1871 750 1909 Versus
786 1871 867 1909 sunt
893 1883 971 1908 non
1000 1873 1118 1911 solum

82 1927 252 1968 subdititii
282 1937 324 1963 ac
354 1924 490 1969 nothi,
529 1934 657 1961 verum
687 1923 796 1959 etiam
826 1921 956 1970 putidi.
997 1934 1119 1972 neque

83 1978 281 2028 quidquam
313 1974 520 2013 Ovidianae
550 1973 727 2011 facilitatis
757 1973 794 2009 ὅ(
825 1972 1026 2020 elegantiae
1055 1975 1120 2010 ha-

85 2029 220 2066 bentes.
246 2027 282 2064 id
308 2025 409 2075 quod
431 2026 540 2062 etiam
562 2023 797 2061 mediocriter
825 2021 939 2060 docto
961 2033 1120 2071 apparet.

85 2090 196 2128 quare
224 2078 261 2114 δε
292 2078 357 2114 hos
383 2089 403 2113 a
433 2076 576 2124 reliquis
604 2074 858 2123 separavimus.
894 2073 1119 2111 Mrcrtrus.

84 2129 220 2167 Priscae
242 2126 418 2164 editiones
437 2128 473 2163 &
494 2126 638 2163 codices
655 2124 824 2162 nonnulli
843 2124 954 2160 etiam
975 2125 1034 2161 1116
1054 2137 1119 2162 60-

85 2177 256 2228 pioslorCS
286 2178 364 2215 sunt
390 2178 544 2226 vulgatis
565 2203 575 2221 ,
602 2187 689 2213 cum
716 2175 810 2213 hanc
840 2174 1040 2222 Epistolam
1070 2175 1119 2214 fic

87 2228 317 2267 exordiantur
332 2241 339 2265 :

133 2278 200 2316 Illa
218 2278 334 2315 relio't‘a
343 2278 430 2324 seris
445 2277 551 2313 etiam
572 2290 685 2321 nunc,
713 2275 858 2325 improbe
878 2274 1024 2324 Theseu,

183 2329 279 2365 Vivit
291 2346 301 2365 .·
329 2341 371 2368 <y
387 2329 468 2364 haec
483 2328 596 2377 aequal
615 2337 727 2364 mente
746 2326 854 2375 tuliffe
874 2327 973 2363 velis.

81 2379 253 2430 Ejusdem
279 2391 413 2427 nempe
443 2380 576 2416 farinae
592 2406 601 2421 ‚
631 2390 716 2415 cum
744 2379 809 2422 iis,
830 2389 925 2426 quae
954 2377 1015 2415 hic
1040 2378 1116 2416 illic

77 2432 155 2482 jam
175 2439 257 2467 ante
278 2430 455 2467 dedimus.
487 2430 694 2465 111-11131113.

135 2495 164 2519 1.
194 2481 319 2517 Mitius
338 2479 488 2528 inveni]
512 2480 618 2516 Haec
638 2491 714 2516 non
739 2477 922 2515 dubitabat
944 2478 1115 2516 Heinsius

78 2529 263 2581 respexiffe
286 2532 460 2568 Senecam
476 2559 485 2574 ,
514 2531 577 2578 qui
597 2530 634 2566 in
657 2529 851 2578 Hippolyt.
873 2528 956 2577 558.
975 2529 1090 2566 dixit:

130 2589 231 2619 Taceo
247 2594 430 2618 novercas:
461 2580 580 2617 mitius
600 2579 650 2616 nil
666 2579 707 2625 est
717 2580 816 2626 seris.

81 2635 158 2682 Qui
173 2635 274 2671 locus
291 2642 414 2669 tamen
437 2632 590 2668 minime
608 2631 733 2679 planus
748 2658 757 2673 ,
787 2631 825 2667 ὃς
844 2631 942 2666 viros
960 2641 1114 2678 magnos

82 2684 311 2726 mercum&
334 2682 473 2720 diverso
489 2681 603 2718 modo
625 2681 840 2729 explicatus;
855 2680 914 2717 sed
934 2692 1004 2729 ego
1021 2691 1112 2728 puto

82 2734 131 2771 ita
159 2734 396 2781 capiendum,
424 2742 463 2770 ut
493 2732 584 2780 triste
613 2732 708 2781 lupus
729 2730 874 2779 stabulis
906 2732 943 2767 &
973 2730 1112 2768 similia.

84 2784 121 2820 δέ
150 2783 199 2818 nil
223 2796 287 2830 pro
318 2797 395 2820 non.
437 2785 509 2820 1106
539 2782 639 2820 sensu
670 2792 760 2818 taceo
789 2794 952 2817 novercas
975 2809 985 2825 ,
1021 2782 1113 2819 istud

81 2844 194 2882 genus
217 2832 325 2878 nihil,
350 2834 385 2871 id
405 2835 451 2871 est
471 2845 547 2870 non
562 2861 572 2877 ‚
592 2833 634 2880 est
652 2833 772 2869 mitius
783 2832 869 2878 seris
882 2859 890 2874 ,
912 2832 969 2868 sed
992 2832 1111 2868 multo

81 2884 249 2921 ferocius.
284 2894 366 2921 ante
403 2885 529 2922 oculos
569 2885 669 2921 enirn
705 2883 830 2921 habuit
860 2883 996 2920 Seneca
1022 2882 1112 2920 illud

83 2934 264 2981 Euripidis
284 2945 329 2969 ex
352 2934 527 2972 Alcestide
549 2946 631 2983 319.

139 2981 266 3028 Ἐχθρῖκ,
287 2986 355 3027 γὰρ
376 2983 393 3023 ἦ
415 2985 527 3024 ἦιοῖσα
548 2987 666 3030 aurp&
688 2986 842 3029 τέκνοις,

131 3037 214 3077 Τοῖς
234 3028 368 3077 προσ6’,
402 3032 544 3076 ἐχῑδνκς·
558 3036 652 3072 οἰδὲν
672 3037 852 3079 {feruor-spx.

80 3085 235 3124 Francio
256 3086 365 3121 etiam
386 3085 460 3120 hoc
485 3084 657 3124 distichon
678 3087 879 3136 suspectum
898 3085 1109 3129 videbatur,

83 3138 121 3173 ὃς
142 3135 337 3184 Epistolam
355 3147 374 3171 a
397 3133 559 3183 sequenti
584 3139 682 3182 Qae
701 3137 778 3186 legis
800 3140 872 3176 &c.
904 3138 1110 3175 inchoabat.

80 3186 340 3224 Buamauaus.
984 3206 988 3210 -

87 3249 166 3327 Cz.
195 3243 273 3272 Non
291 3234 393 3285 nihl]
420 3235 555 3273 Earum
573 3235 741 3274 ferarum.
766 3239 865 3287 Pejus
884 3238 1111 3277 adverbium.

123 3298 302 3328 xofANus.

2047 1754 2223 1809 Tem-

1227 1883 1260 1922 3.
1288 1873 1418 1925 Quae]
1441 1875 1579 1924 Regius
1600 1873 1639 1912 ὃς
1659 1870 1872 1911 061οά661111
1891 1869 1976 1915 alii,
1998 1881 2116 1920 quam.
2145 1868 2224 1909 vid.

1174 1922 1220 1961 ad
1240 1924 1348 1972 Epist.
1373 1938 1404 1962 1.
1422 1937 1514 1963 vers.
1540 1938 1570 1963 1.

1228 1986 1261 2022 3.
1285 1979 1340 2011 Ex
1360 1975 1419 2012 illo
1435 2004 1444 2020 ,
1467 1975 1614 2024 Theseu,
1632 1974 1695 2011 tihi
1717 1974 1831 2011 littore
1851 1972 1952 2009 mitto
1966 1998 1976 2014 ‚
2004 1970 2099 2006 Unde
2120 1980 2221 2007 taam

1168 2021 1243 2071 fine
1260 2038 1312 2061 me
1331 2027 1413 2062 vela
1431 2025 1540 2062 tulere
1557 2025 1701 2075 ratem.]
1726 2025 1839 2062 Diam
1861 2023 2011 2061 insulam
2030 2020 2219 2069 fignificat,

1177 2075 1237 2111 ubi
1267 2076 1467 2113 Ariadnam
1492 2076 1686 2125 reliquerat
1716 2074 1892 2113 Theseus.
1921 2071 2142 2122 Apollonius
2160 2071 2222 2109 lib.

1180 2136 1236 2162 1v.
1259 2126 1400 2175 Argon.
1420 2127 1465 2164 de
1486 2126 1558 2175 ipsa
1580 2126 1760 2164 Ariadna:

1533 2197 1594 2205 ——
1622 2176 1658 2217 ‘siv
1680 2178 1771 2212 ποτὲ
1790 2177 1924 2217 Θησεῦς

1227 2227 1420 2263 Κνωσσόθεν
1440 2226 1635 2273 ἑσπομένην
1654 2228 1718 2272 Ain
1740 2227 1787 2263 ἔνι
1812 2228 1982 2263 κάλλιπε
2005 2225 2101 2271 νῆτῳ,

1174 2276 1250 2314 Alii
1277 2290 1358 2315 eam
1384 2279 1422 2315 in
1451 2279 1562 2316 Naxo
1582 2277 1744 2316 relictam
1770 2277 1938 2314 scribunt.
1966 2275 2064 2313 Vide
2080 2273 2219 2311 Plutar-·

1171 2328 1282 2365 chum
1313 2330 1349 2366 in
1379 2329 1540 2367 Theseo.
1570 2330 1740 2378 Hyginus
1760 2329 1798 2365 in
1820 2328 1962 2366 Fabulis
1988 2327 2056 2363 hac
2085 2324 2129 2361 de
2154 2335 2213 2362 re:

1173 2378 1312 2426 Theseus
1341 2381 1378 2416 in
1400 2380 1515 2428 insula
1542 2380 1615 2417 Dia
1645 2379 1836 2428 tempestate
1863 2388 2037 2419 retentas,
2066 2373 2216 2422 cogitans

1162 2427 1198 2476 fi
1215 2430 1400 2466 Ariadnen
1418 2430 1455 2466 in
1475 2431 1631 2480 patriam
1644 2429 1823 2479 portasset,
1843 2427 1910 2476 fibi
1930 2424 2137 2475 opprobrium
2148 2425 2216 2469 fu-

1171 2489 1291 2516 turum
1314 2497 1324 2516 .·
1370 2489 1485 2531 ltaque
1513 2482 1551 2517 in
1579 2480 1694 2528 infala
1720 2480 1793 2515 Dia
1813 2478 2037 2514 dormientem
2058 2474 2213 2524 reliquit.

1172 2531 1294 2576 Quam
1316 2530 1415 2566 Liber
1430 2544 1555 2568 amans
1570 2558 1580 2574 ‚
1602 2530 1680 2566 inde
1694 2527 1761 2578 sibi
1780 2529 1816 2564 in
1838 2526 2031 2575 conjugium
2049 2524 2213 2563 adduxit.

1172 2580 1312 2628 :theseus
1329 2592 1447 2617 autem
1468 2582 1547 2618 cam
1566 2580 1749 2627 navigaret
1769 2607 1779 2622 ‚
1818 2577 1940 2613 oblitas
1962 2575 2005 2620 est
2029 2574 2110 2612 vela
2131 2585 2214 2610 atra

1171 2641 1308 2666 matare
1332 2647 1342 2666 .-
1382 2632 1498 2681 itaque
1530 2638 1661 2679 Aegeus
1683 2638 1781 2677 pater
1806 2628 1875 2676 ejus
1896 2627 2028 2664 credens
2049 2624 2212 2673 Theseum

1170 2679 1194 2716 a
1226 2682 1428 2718 Minotauro
1458 2682 1514 2731 effe
1541 2681 1774 2729 consumptam
1792 2707 1801 2723 ,
1829 2679 1867 2714 in
1891 2675 2212 2724 maresepraecipi-

1169 2732 1288 2776 tavit,
1316 2746 1357 2768 ex
1390 2746 1453 2781 qao
1476 2739 1627 2780 Aegeum
1644 2731 1781 2779 pelagas
1798 2728 1840 2776 est
1861 2729 2005 2764 dietam.
2034 2726 2213 2762 Ariadnes

1168 2792 1285 2818 autem
1307 2782 1456 2831 sororem
1482 2781 1679 2818 Phaedram
1710 2779 1849 2828 Theseus
1885 2778 1988 2815 duxit
2020 2777 2061 2813 in
2096 2777 2211 2825 conja—

1163 2831 1273 2879 giam.
1304 2836 1517 2869 (rotarius.

1218 2884 1251 2917 6.
1281 2883 1533 2932 Ρνο]ὶ1117ι1·ις.]
1565 2889 1629 2918 Per
1649 2881 1790 2928 facinus
1814 2879 1932 2929 scripti
1953 2908 1962 2925 ‚
1991 2877 2132 2917 duobus
2153 2888 2210 2919 ref

1167 2934 1386 2970 centioribus
1407 2934 1576 2982 exceptis.
1605 2933 1647 2969 In
1671 2932 1772 2968 ibide
1796 2932 1876 2979 566.

1219 2990 1280 3020 Per
1296 2984 1438 3030 facinus
1450 2984 1544 3033 soror
1563 2982 1604 3030 est
1624 2983 1676 3018 cai
1689 2984 1756 3030 sua
1771 2984 1872 3029 saeta
1885 2991 2021 3032 parens.

1167 3034 1355 3071 Rcmediis
1376 3035 1546 3077 Amoris,
1575 3034 1633 3070 62.

1219 3091 1283 3121 Per
1293 3085 1436 3132 facinus
1448 3085 1526 3132 fieri
1546 3098 1613 3120 non
1630 3083 1796 3132 meruiſjet
1815 3083 1906 3120 avis.

1167 3135 1254 3173 Fast.
1279 3149 1333 3173 11.
1356 3136 1440 3179 807.

1377 3186 1531 3234 Eripiam
1546 3213 1555 3227 ‚
1583 3185 1675 3220 dixit
1690 3213 1699 3228 ,
1721 3193 1780 3232 per
1799 3183 1943 3219 crimina
1962 3180 2091 3215 vitam.

1167 3238 1276 3285 Quae
1297 3237 1370 3274 illic
1389 3249 1473 3275 vera
1491 3236 1539 3274 cst
1562 3235 1686 3275 lectio.
1714 3234 1808 3281 apud
1825 3234 2022 3269 Maronem
2043 3229 2201 3268 Aeneid.

1167 3298 1204 3325 V·
1233 3298 1317 3334 793·

2140 3337 2209 3373 Pet
