<?xml version="1.0" encoding="UTF-8"?>
<!DOCTYPE html PUBLIC "-//W3C//DTD XHTML 1.0 Transitional//EN"
    "http://www.w3.org/TR/xhtml1/DTD/xhtml1-transitional.dtd">
<html xmlns="http://www.w3.org/1999/xhtml" xml:lang="en" lang="en">
 <head>
  <title>
</title>
<meta http-equiv="Content-Type" content="text/html;charset=utf-8" />
  <meta name='ocr-system' content='tesseract 3.04.00' />
  <meta name='ocr-capabilities' content='ocr_page ocr_carea ocr_par ocr_line ocrx_word'/>
</head>
<body>
  <div class='ocr_page' id='page_1' title='image "./publiiovidiinaso01ovid_0243.png"; bbox 0 0 2553 3676; ppageno 0'>
   <div class='ocr_carea' id='block_1_1' title="bbox 579 206 1233 270">
    <p class='ocr_par' dir='ltr' id='par_1_1' title="bbox 579 206 1233 270">
     <span class='ocr_line' id='line_1_1' title="bbox 579 206 1233 270; baseline -0.014 0"><span class='ocrx_word' id='word_1_1' title='bbox 579 206 1233 270; x_wconf 90' lang='lat' dir='ltr'><strong>HEROIDES.</strong></span> 
     </span>
    </p>
   </div>
   <div class='ocr_carea' id='block_1_2' title="bbox 1310 226 1591 267">
    <p class='ocr_par' dir='ltr' id='par_1_2' title="bbox 1310 226 1591 267">
     <span class='ocr_line' id='line_1_2' title="bbox 1310 226 1591 267; baseline 0.007 -2"><span class='ocrx_word' id='word_1_2' title='bbox 1310 226 1340 265; x_wconf 85' lang='lat' dir='ltr'><strong>E</strong></span> <span class='ocrx_word' id='word_1_3' title='bbox 1377 228 1421 264; x_wconf 85' lang='lat' dir='ltr'><strong>P.</strong></span> <span class='ocrx_word' id='word_1_4' title='bbox 1497 227 1591 267; x_wconf 84' lang='lat' dir='ltr'><strong>XV.</strong></span> 
     </span>
    </p>
   </div>
   <div class='ocr_carea' id='block_1_3' title="bbox 2091 241 2191 292">
    <p class='ocr_par' dir='ltr' id='par_1_3' title="bbox 2091 241 2191 292">
     <span class='ocr_line' id='line_1_3' title="bbox 2091 241 2191 292; baseline 0.01 -18"><span class='ocrx_word' id='word_1_5' title='bbox 2091 241 2191 292; x_wconf 78' lang='lat'><strong>215</strong></span> 
     </span>
    </p>
   </div>
   <div class='ocr_carea' id='block_1_4' title="bbox 212 302 1934 679">
    <p class='ocr_par' dir='ltr' id='par_1_4' title="bbox 212 302 1934 679">
     <span class='ocr_line' id='line_1_4' title="bbox 212 302 1783 379; baseline -0.001 -14"><span class='ocrx_word' id='word_1_6' title='bbox 212 325 308 379; x_wconf 82' lang='lat'><strong>175</strong></span> <span class='ocrx_word' id='word_1_7' title='bbox 344 309 575 369; x_wconf 81' lang='lat' dir='ltr'><strong>IbimUS,</strong></span> <span class='ocrx_word' id='word_1_8' title='bbox 599 305 633 356; x_wconf 85' lang='grc' dir='ltr'>ὁ</span> <span class='ocrx_word' id='word_1_9' title='bbox 657 302 936 376; x_wconf 86' lang='lat' dir='ltr'><strong>Nymphe‚</strong></span> <span class='ocrx_word' id='word_1_10' title='bbox 974 303 1365 376; x_wconf 86' lang='lat' dir='ltr'><strong>monstrataque</strong></span> <span class='ocrx_word' id='word_1_11' title='bbox 1387 305 1503 358; x_wconf 80' lang='lat' dir='ltr'><strong>saxa</strong></span> <span class='ocrx_word' id='word_1_12' title='bbox 1526 317 1783 379; x_wconf 81' lang='lat' dir='ltr'><strong>petemus,</strong></span> 
     </span>
     <span class='ocr_line' id='line_1_5' title="bbox 423 375 1519 449; baseline -0.001 -17"><span class='ocrx_word' id='word_1_13' title='bbox 423 380 500 433; x_wconf 86' lang='lat' dir='ltr'><strong>Sit</strong></span> <span class='ocrx_word' id='word_1_14' title='bbox 522 376 710 449; x_wconf 88' lang='lat' dir='ltr'><strong>procul</strong></span> <span class='ocrx_word' id='word_1_15' title='bbox 738 376 924 430; x_wconf 86' lang='lat' dir='ltr'><strong>insano</strong></span> <span class='ocrx_word' id='word_1_16' title='bbox 942 375 1109 431; x_wconf 58' lang='lat' dir='ltr'><strong>vietus</strong></span> <span class='ocrx_word' id='word_1_17' title='bbox 1134 394 1314 430; x_wconf 87' lang='lat' dir='ltr'><strong>amore</strong></span> <span class='ocrx_word' id='word_1_18' title='bbox 1342 377 1519 431; x_wconf 87' lang='lat' dir='ltr'><strong>timor.</strong></span> 
     </span>
     <span class='ocr_line' id='line_1_6' title="bbox 354 448 1934 523; baseline 0.004 -19"><span class='ocrx_word' id='word_1_19' title='bbox 354 448 635 523; x_wconf 85' lang='lat' dir='ltr'>Quidquid</span> <span class='ocrx_word' id='word_1_20' title='bbox 660 449 790 512; x_wconf 82' lang='lat' dir='ltr'><strong>erit,</strong></span> <span class='ocrx_word' id='word_1_21' title='bbox 830 450 1016 504; x_wconf 82' lang='lat' dir='ltr'><strong>melius</strong></span> <span class='ocrx_word' id='word_1_22' title='bbox 1042 467 1202 523; x_wconf 86' lang='lat' dir='ltr'><strong>quam</strong></span> <span class='ocrx_word' id='word_1_23' title='bbox 1226 467 1368 503; x_wconf 87' lang='lat' dir='ltr'><strong>nunc</strong></span> <span class='ocrx_word' id='word_1_24' title='bbox 1395 451 1510 504; x_wconf 86' lang='lat' dir='ltr'><strong>erit.</strong></span> <span class='ocrx_word' id='word_1_25' title='bbox 1550 470 1696 518; x_wconf 74' lang='lat' dir='ltr'><strong>aur-a,</strong></span> <span class='ocrx_word' id='word_1_26' title='bbox 1733 455 1934 511; x_wconf 83' lang='lat' dir='ltr'><strong>subito:</strong></span> 
     </span>
     <span class='ocr_line' id='line_1_7' title="bbox 415 521 1849 596; baseline 0.005 -20"><span class='ocrx_word' id='word_1_27' title='bbox 415 521 571 576; x_wconf 86' lang='lat' dir='ltr'><strong>Haec</strong></span> <span class='ocrx_word' id='word_1_28' title='bbox 595 538 714 575; x_wconf 86' lang='lat' dir='ltr'><strong>mea</strong></span> <span class='ocrx_word' id='word_1_29' title='bbox 738 540 848 576; x_wconf 88' lang='lat' dir='ltr'><strong>non</strong></span> <span class='ocrx_word' id='word_1_30' title='bbox 871 540 1124 595; x_wconf 87' lang='lat' dir='ltr'><strong>magnum</strong></span> <span class='ocrx_word' id='word_1_31' title='bbox 1154 540 1381 596; x_wconf 84' lang='lat' dir='ltr'><strong>corpora</strong></span> <span class='ocrx_word' id='word_1_32' title='bbox 1404 523 1615 596; x_wconf 87' lang='lat' dir='ltr'><strong>pondus</strong></span> <span class='ocrx_word' id='word_1_33' title='bbox 1639 527 1849 583; x_wconf 79' lang='lat' dir='ltr'><strong>habent.</strong></span> 
     </span>
     <span class='ocr_line' id='line_1_8' title="bbox 345 594 1906 679; baseline 0.005 -32"><span class='ocrx_word' id='word_1_34' title='bbox 345 594 437 648; x_wconf 91' lang='lat' dir='ltr'><strong>Tu</strong></span> <span class='ocrx_word' id='word_1_35' title='bbox 464 611 713 666; x_wconf 88' lang='lat' dir='ltr'><strong>quoque,</strong></span> <span class='ocrx_word' id='word_1_36' title='bbox 751 596 922 650; x_wconf 86' lang='lat' dir='ltr'><strong>mollis</strong></span> <span class='ocrx_word' id='word_1_37' title='bbox 945 599 1148 660; x_wconf 85' lang='lat' dir='ltr'><strong>Amor,</strong></span> <span class='ocrx_word' id='word_1_38' title='bbox 1185 614 1381 679; x_wconf 79' lang='lat' dir='ltr'><strong>pennas</strong></span> <span class='ocrx_word' id='word_1_39' title='bbox 1406 596 1644 669; x_wconf 79' lang='lat' dir='ltr'>suppone</span> <span class='ocrx_word' id='word_1_40' title='bbox 1670 599 1906 657; x_wconf 84' lang='lat' dir='ltr'><strong>cadenti:</strong></span> 
     </span>
    </p>
   </div>
   <div class='ocr_carea' id='block_1_5' title="bbox 200 668 298 723">
    <p class='ocr_par' dir='ltr' id='par_1_5' title="bbox 200 668 298 723">
     <span class='ocr_line' id='line_1_9' title="bbox 200 668 298 723; baseline 0 -1"><span class='ocrx_word' id='word_1_41' title='bbox 200 668 298 723; x_wconf 79' lang='lat'><strong>180</strong></span> 
     </span>
    </p>
   </div>
   <div class='ocr_carea' id='block_1_6' title="bbox 409 666 1613 745">
    <p class='ocr_par' dir='ltr' id='par_1_6' title="bbox 409 666 1613 745">
     <span class='ocr_line' id='line_1_10' title="bbox 409 666 1613 745; baseline 0.003 -25"><span class='ocrx_word' id='word_1_42' title='bbox 409 666 493 720; x_wconf 93' lang='lat' dir='ltr'><strong>Ne</strong></span> <span class='ocrx_word' id='word_1_43' title='bbox 519 666 613 721; x_wconf 87' lang='lat' dir='ltr'><strong>fim</strong></span> <span class='ocrx_word' id='word_1_44' title='bbox 636 666 944 723; x_wconf 85' lang='lat' dir='ltr'><strong>Leucadiae</strong></span> <span class='ocrx_word' id='word_1_45' title='bbox 966 683 1176 724; x_wconf 85' lang='lat' dir='ltr'><strong>mortua</strong></span> <span class='ocrx_word' id='word_1_46' title='bbox 1200 688 1406 725; x_wconf 78' lang='lat' dir='ltr'><strong>crimen</strong></span> <span class='ocrx_word' id='word_1_47' title='bbox 1431 688 1613 745; x_wconf 87' lang='lat' dir='ltr'><strong>aquae.</strong></span> 
     </span>
    </p>
   </div>
   <div class='ocr_carea' id='block_1_7' title="bbox 343 737 1839 817">
    <p class='ocr_par' dir='ltr' id='par_1_7' title="bbox 343 737 1839 817">
     <span class='ocr_line' id='line_1_11' title="bbox 343 737 1839 817; baseline 0.003 -25"><span class='ocrx_word' id='word_1_48' title='bbox 343 737 471 793; x_wconf 89' lang='lat' dir='ltr'><strong>Inde</strong></span> <span class='ocrx_word' id='word_1_49' title='bbox 496 739 689 812; x_wconf 84' lang='lat' dir='ltr'><strong>chelyn</strong></span> <span class='ocrx_word' id='word_1_50' title='bbox 713 741 965 806; x_wconf 80' lang='lat' dir='ltr'><strong>Phoebo,</strong></span> <span class='ocrx_word' id='word_1_51' title='bbox 1005 744 1310 798; x_wconf 86' lang='lat' dir='ltr'><strong>communia</strong></span> <span class='ocrx_word' id='word_1_52' title='bbox 1332 761 1578 809; x_wconf 84' lang='lat' dir='ltr'><strong>munera,</strong></span> <span class='ocrx_word' id='word_1_53' title='bbox 1615 740 1839 817; x_wconf 86' lang='lat' dir='ltr'><strong>ponam:</strong></span> 
     </span>
    </p>
   </div>
   <div class='ocr_carea' id='block_1_8' title="bbox 414 810 1484 872">
    <p class='ocr_par' dir='ltr' id='par_1_8' title="bbox 414 810 1484 872">
     <span class='ocr_line' id='line_1_12' title="bbox 414 810 1484 872; baseline 0.003 -5"><span class='ocrx_word' id='word_1_54' title='bbox 414 810 488 867; x_wconf 79' lang='lat' dir='ltr'><strong>Et</strong></span> <span class='ocrx_word' id='word_1_55' title='bbox 511 812 603 867; x_wconf 90' lang='lat' dir='ltr'><strong>sub</strong></span> <span class='ocrx_word' id='word_1_56' title='bbox 627 830 689 867; x_wconf 90' lang='lat' dir='ltr'><strong>ea</strong></span> <span class='ocrx_word' id='word_1_57' title='bbox 711 815 889 870; x_wconf 85' lang='lat' dir='ltr'><strong>versus</strong></span> <span class='ocrx_word' id='word_1_58' title='bbox 913 833 1048 872; x_wconf 90' lang='lat' dir='ltr'><strong>unus</strong></span> <span class='ocrx_word' id='word_1_59' title='bbox 1077 815 1131 870; x_wconf 72' lang='grc' dir='ltr'><strong>δε</strong></span> <span class='ocrx_word' id='word_1_60' title='bbox 1159 816 1290 871; x_wconf 88' lang='lat' dir='ltr'><strong>alter</strong></span> <span class='ocrx_word' id='word_1_61' title='bbox 1314 831 1484 872; x_wconf 88' lang='lat' dir='ltr'><strong>erunt.</strong></span> 
     </span>
    </p>
   </div>
   <div class='ocr_carea' id='block_1_9' title="bbox 46 1011 1085 1369">
    <p class='ocr_par' dir='ltr' id='par_1_9' title="bbox 46 1011 1085 1369">
     <span class='ocr_line' id='line_1_13' title="bbox 51 1011 1085 1064; baseline 0.002 -10"><span class='ocrx_word' id='word_1_62' title='bbox 51 1013 201 1064; x_wconf 68' lang='lat' dir='ltr'><strong>Pyrrhae</strong></span> <span class='ocrx_word' id='word_1_63' title='bbox 221 1015 383 1058; x_wconf 71' lang='lat' dir='ltr'><strong>pettam,</strong></span> <span class='ocrx_word' id='word_1_64' title='bbox 408 1015 479 1053; x_wconf 60' lang='lat' dir='ltr'><strong>&amp;a</strong></span> <span class='ocrx_word' id='word_1_65' title='bbox 508 1011 562 1052; x_wconf 85' lang='lat' dir='ltr'><strong>Ita</strong></span> <span class='ocrx_word' id='word_1_66' title='bbox 587 1014 744 1064; x_wconf 86' lang='lat' dir='ltr'><strong>vulgaris</strong></span> <span class='ocrx_word' id='word_1_67' title='bbox 762 1016 873 1055; x_wconf 68' lang='lat' dir='ltr'><strong>leffio</strong></span> <span class='ocrx_word' id='word_1_68' title='bbox 893 1016 1013 1056; x_wconf 82' lang='lat' dir='ltr'><strong>habet.</strong></span> <span class='ocrx_word' id='word_1_69' title='bbox 1041 1015 1085 1055; x_wconf 92' lang='lat' dir='ltr'><strong>In</strong></span> 
     </span>
     <span class='ocr_line' id='line_1_14' title="bbox 53 1064 1085 1113; baseline 0.001 -9"><span class='ocrx_word' id='word_1_70' title='bbox 53 1065 191 1104; x_wconf 87' lang='lat' dir='ltr'><strong>Aldinis</strong></span> <span class='ocrx_word' id='word_1_71' title='bbox 207 1074 331 1103; x_wconf 88' lang='lat' dir='ltr'><strong>autem</strong></span> <span class='ocrx_word' id='word_1_72' title='bbox 348 1064 478 1113; x_wconf 82' lang='lat' dir='ltr'><strong>legitur</strong></span> <span class='ocrx_word' id='word_1_73' title='bbox 496 1065 557 1103; x_wconf 92' lang='lat' dir='ltr'><strong>hic</strong></span> <span class='ocrx_word' id='word_1_74' title='bbox 580 1067 707 1108; x_wconf 76' lang='lat' dir='ltr'><strong>versus</strong></span> <span class='ocrx_word' id='word_1_75' title='bbox 725 1069 800 1106; x_wconf 90' lang='lat' dir='ltr'><strong>hoc</strong></span> <span class='ocrx_word' id='word_1_76' title='bbox 825 1069 942 1107; x_wconf 87' lang='lat' dir='ltr'><strong>modo</strong></span> <span class='ocrx_word' id='word_1_77' title='bbox 963 1083 971 1108; x_wconf 89' lang='lat'>:</span> <span class='ocrx_word' id='word_1_78' title='bbox 1014 1075 1085 1105; x_wconf 87' lang='lat' dir='ltr'><strong>Nec</strong></span> 
     </span>
     <span class='ocr_line' id='line_1_15' title="bbox 52 1116 1083 1169; baseline 0.003 -15"><span class='ocrx_word' id='word_1_79' title='bbox 52 1129 145 1154; x_wconf 86' lang='lat' dir='ltr'><strong>mora</strong></span> <span class='ocrx_word' id='word_1_80' title='bbox 166 1145 176 1162; x_wconf 96' lang='lat'><strong>,</strong></span> <span class='ocrx_word' id='word_1_81' title='bbox 213 1117 330 1166; x_wconf 83' lang='lat' dir='ltr'><strong>versus</strong></span> <span class='ocrx_word' id='word_1_82' title='bbox 360 1129 458 1153; x_wconf 82' lang='lat' dir='ltr'><strong>amor</strong></span> <span class='ocrx_word' id='word_1_83' title='bbox 474 1116 572 1165; x_wconf 81' lang='lat' dir='ltr'><strong>sugit</strong></span> <span class='ocrx_word' id='word_1_84' title='bbox 600 1116 782 1166; x_wconf 83' lang='lat' dir='ltr'><strong>lentiffima</strong></span> <span class='ocrx_word' id='word_1_85' title='bbox 813 1117 912 1169; x_wconf 75' lang='lat' dir='ltr'><strong>mersi</strong></span> <span class='ocrx_word' id='word_1_86' title='bbox 933 1122 1083 1158; x_wconf 63' lang='lat' dir='ltr'><strong>Peftora.</strong></span> 
     </span>
     <span class='ocr_line' id='line_1_16' title="bbox 51 1166 1085 1220; baseline 0.004 -16"><span class='ocrx_word' id='word_1_87' title='bbox 51 1166 164 1215; x_wconf 84' lang='lat' dir='ltr'><strong>Cujus</strong></span> <span class='ocrx_word' id='word_1_88' title='bbox 192 1166 366 1205; x_wconf 83' lang='lat' dir='ltr'><strong>sententia</strong></span> <span class='ocrx_word' id='word_1_89' title='bbox 395 1167 583 1217; x_wconf 88' lang='lat' dir='ltr'><strong>aliquanto</strong></span> <span class='ocrx_word' id='word_1_90' title='bbox 612 1171 761 1218; x_wconf 84' lang='lat' dir='ltr'><strong>propius</strong></span> <span class='ocrx_word' id='word_1_91' title='bbox 778 1171 918 1208; x_wconf 85' lang='lat' dir='ltr'><strong>accedit</strong></span> <span class='ocrx_word' id='word_1_92' title='bbox 935 1171 979 1208; x_wconf 90' lang='lat' dir='ltr'><strong>ad</strong></span> <span class='ocrx_word' id='word_1_93' title='bbox 998 1183 1085 1220; x_wconf 91' lang='lat' dir='ltr'><strong>pro-</strong></span> 
     </span>
     <span class='ocr_line' id='line_1_17' title="bbox 47 1217 1084 1272; baseline 0.006 -18"><span class='ocrx_word' id='word_1_94' title='bbox 47 1217 227 1266; x_wconf 87' lang='lat' dir='ltr'><strong>pofitum,</strong></span> <span class='ocrx_word' id='word_1_95' title='bbox 255 1217 357 1267; x_wconf 88' lang='lat' dir='ltr'><strong>quod</strong></span> <span class='ocrx_word' id='word_1_96' title='bbox 381 1217 451 1262; x_wconf 91' lang='lat' dir='ltr'><strong>est,</strong></span> <span class='ocrx_word' id='word_1_97' title='bbox 479 1226 519 1255; x_wconf 91' lang='lat' dir='ltr'><strong>ut</strong></span> <span class='ocrx_word' id='word_1_98' title='bbox 547 1230 653 1256; x_wconf 88' lang='lat' dir='ltr'><strong>amor</strong></span> <span class='ocrx_word' id='word_1_99' title='bbox 680 1221 723 1258; x_wconf 82' lang='lat' dir='ltr'><strong>ab</strong></span> <span class='ocrx_word' id='word_1_100' title='bbox 745 1233 792 1258; x_wconf 87' lang='lat' dir='ltr'><strong>eo</strong></span> <span class='ocrx_word' id='word_1_101' title='bbox 812 1221 991 1266; x_wconf 78' lang='lat' dir='ltr'><strong>discedat,</strong></span> <span class='ocrx_word' id='word_1_102' title='bbox 1019 1223 1084 1272; x_wconf 90' lang='lat' dir='ltr'><strong>qui</strong></span> 
     </span>
     <span class='ocr_line' id='line_1_18' title="bbox 46 1267 1083 1322; baseline 0.006 -17"><span class='ocrx_word' id='word_1_103' title='bbox 46 1267 81 1306; x_wconf 90' lang='lat' dir='ltr'><strong>se</strong></span> <span class='ocrx_word' id='word_1_104' title='bbox 105 1279 149 1305; x_wconf 82' lang='lat' dir='ltr'><strong>ex</strong></span> <span class='ocrx_word' id='word_1_105' title='bbox 181 1269 370 1306; x_wconf 86' lang='lat' dir='ltr'><strong>Leucadio</strong></span> <span class='ocrx_word' id='word_1_106' title='bbox 398 1277 527 1306; x_wconf 91' lang='lat' dir='ltr'><strong>monte</strong></span> <span class='ocrx_word' id='word_1_107' title='bbox 555 1270 825 1319; x_wconf 73' lang='lat' dir='ltr'><strong>praecipitasset.</strong></span> <span class='ocrx_word' id='word_1_108' title='bbox 856 1274 1083 1322; x_wconf 76' lang='lat' dir='ltr'>Quanquam</span> 
     </span>
     <span class='ocr_line' id='line_1_19' title="bbox 47 1318 1082 1369; baseline 0.006 -14"><span class='ocrx_word' id='word_1_109' title='bbox 47 1318 146 1356; x_wconf 86' lang='lat' dir='ltr'><strong>enim</strong></span> <span class='ocrx_word' id='word_1_110' title='bbox 172 1319 333 1368; x_wconf 79' lang='lat' dir='ltr'>superior</span> <span class='ocrx_word' id='word_1_111' title='bbox 361 1319 472 1357; x_wconf 61' lang='lat' dir='ltr'><strong>lectio</strong></span> <span class='ocrx_word' id='word_1_112' title='bbox 500 1319 599 1357; x_wconf 89' lang='lat' dir='ltr'><strong>idem</strong></span> <span class='ocrx_word' id='word_1_113' title='bbox 628 1323 847 1367; x_wconf 87' lang='lat' dir='ltr'><strong>concludat,</strong></span> <span class='ocrx_word' id='word_1_114' title='bbox 875 1335 917 1360; x_wconf 81' lang='lat' dir='ltr'><strong>ea</strong></span> <span class='ocrx_word' id='word_1_115' title='bbox 934 1331 1082 1369; x_wconf 83' lang='lat' dir='ltr'><strong>tamen,</strong></span> 
     </span>
    </p>
   </div>
   <div class='ocr_carea' id='block_1_10' title="bbox 6 1369 1083 1424">
    <p class='ocr_par' dir='ltr' id='par_1_10' title="bbox 6 1369 1083 1424">
     <span class='ocr_line' id='line_1_20' title="bbox 6 1369 1083 1424; baseline 0.006 -19"><span class='ocrx_word' id='word_1_116' title='bbox 6 1405 7 1411; x_wconf 65' lang='grc'>,</span> <span class='ocrx_word' id='word_1_117' title='bbox 45 1380 139 1418; x_wconf 90' lang='lat' dir='ltr'><strong>quae</strong></span> <span class='ocrx_word' id='word_1_118' title='bbox 168 1369 206 1406; x_wconf 89' lang='lat' dir='ltr'><strong>in</strong></span> <span class='ocrx_word' id='word_1_119' title='bbox 230 1371 350 1418; x_wconf 89' lang='lat' dir='ltr'><strong>priore</strong></span> <span class='ocrx_word' id='word_1_120' title='bbox 377 1370 481 1408; x_wconf 89' lang='lat' dir='ltr'><strong>versu</strong></span> <span class='ocrx_word' id='word_1_121' title='bbox 507 1370 696 1416; x_wconf 87' lang='lat' dir='ltr'><strong>dicuntur,</strong></span> <span class='ocrx_word' id='word_1_122' title='bbox 726 1374 837 1411; x_wconf 83' lang='lat' dir='ltr'><strong>eti-am</strong></span> <span class='ocrx_word' id='word_1_123' title='bbox 857 1374 955 1411; x_wconf 90' lang='lat' dir='ltr'><strong>aliud</strong></span> <span class='ocrx_word' id='word_1_124' title='bbox 976 1375 1083 1424; x_wconf 90' lang='lat' dir='ltr'><strong>quid-</strong></span> 
     </span>
    </p>
   </div>
   <div class='ocr_carea' id='block_1_11' title="bbox 46 1420 1085 1470">
    <p class='ocr_par' dir='ltr' id='par_1_11' title="bbox 46 1420 1085 1470">
     <span class='ocr_line' id='line_1_21' title="bbox 46 1420 1085 1470; baseline 0.007 -14"><span class='ocrx_word' id='word_1_125' title='bbox 46 1420 129 1457; x_wconf 97' lang='lat' dir='ltr'><strong>dam</strong></span> <span class='ocrx_word' id='word_1_126' title='bbox 158 1421 340 1458; x_wconf 86' lang='lat' dir='ltr'><strong>innuunt:</strong></span> <span class='ocrx_word' id='word_1_127' title='bbox 377 1421 477 1470; x_wconf 82' lang='lat' dir='ltr'><strong>quafi</strong></span> <span class='ocrx_word' id='word_1_128' title='bbox 506 1421 639 1460; x_wconf 88' lang='lat' dir='ltr'><strong>scilicet</strong></span> <span class='ocrx_word' id='word_1_129' title='bbox 667 1422 809 1461; x_wconf 84' lang='lat' dir='ltr'><strong>neceffe</strong></span> <span class='ocrx_word' id='word_1_130' title='bbox 837 1425 971 1469; x_wconf 88' lang='lat' dir='ltr'><strong>fuerit,</strong></span> <span class='ocrx_word' id='word_1_131' title='bbox 999 1424 1085 1463; x_wconf 79' lang='lat' dir='ltr'><strong>ante</strong></span> 
     </span>
    </p>
   </div>
   <div class='ocr_carea' id='block_1_12' title="bbox 0 1471 1084 1521">
    <p class='ocr_par' dir='ltr' id='par_1_12' title="bbox 0 1471 1084 1521">
     <span class='ocr_line' id='line_1_22' title="bbox 0 1471 1084 1521; baseline 0.006 -14"><span class='ocrx_word' id='word_1_132' title='bbox 0 1504 3 1507; x_wconf 90' lang='lat'><strong>.</strong></span> <span class='ocrx_word' id='word_1_133' title='bbox 43 1471 153 1508; x_wconf 84' lang='lat' dir='ltr'><strong>etiam</strong></span> <span class='ocrx_word' id='word_1_134' title='bbox 173 1471 369 1519; x_wconf 82' lang='lat' dir='ltr'><strong>amplexari</strong></span> <span class='ocrx_word' id='word_1_135' title='bbox 391 1484 476 1509; x_wconf 91' lang='lat' dir='ltr'><strong>eum</strong></span> <span class='ocrx_word' id='word_1_136' title='bbox 490 1500 500 1516; x_wconf 95' lang='lat'><strong>,</strong></span> <span class='ocrx_word' id='word_1_137' title='bbox 529 1471 550 1509; x_wconf 73' lang='lat' dir='ltr'><strong>a</strong></span> <span class='ocrx_word' id='word_1_138' title='bbox 572 1473 673 1521; x_wconf 89' lang='lat' dir='ltr'><strong>cujus</strong></span> <span class='ocrx_word' id='word_1_139' title='bbox 693 1486 822 1512; x_wconf 88' lang='lat' dir='ltr'><strong>amore</strong></span> <span class='ocrx_word' id='word_1_140' title='bbox 842 1473 986 1514; x_wconf 81' lang='lat' dir='ltr'><strong>diffolvi</strong></span> <span class='ocrx_word' id='word_1_141' title='bbox 1006 1477 1084 1514; x_wconf 87' lang='lat' dir='ltr'><strong>vel-</strong></span> 
     </span>
    </p>
   </div>
   <div class='ocr_carea' id='block_1_13' title="bbox 0 1653 23 2851">
    <p class='ocr_par' dir='ltr' id='par_1_13' title="bbox 0 1653 23 2851">
     <span class='ocr_line' id='line_1_23' title="bbox 0 1653 23 2851; baseline 0 -741"><span class='ocrx_word' id='word_1_142' title='bbox 0 1653 23 2851; x_wconf 95' lang='lat' dir='ltr'><strong>   </strong></span> 
     </span>
    </p>
   </div>
   <div class='ocr_carea' id='block_1_14' title="bbox 0 1934 3 1959">
    <p class='ocr_par' dir='ltr' id='par_1_14' title="bbox 0 1934 3 1959">
     <span class='ocr_line' id='line_1_24' title="bbox 0 1934 3 1959; baseline 0 0"><span class='ocrx_word' id='word_1_143' title='bbox 0 1934 3 1959; x_wconf 72' lang='lat' dir='ltr'><strong>l</strong></span> 
     </span>
    </p>
   </div>
   <div class='ocr_carea' id='block_1_15' title="bbox 39 1519 1083 1621">
    <p class='ocr_par' dir='ltr' id='par_1_15' title="bbox 39 1519 1083 1621">
     <span class='ocr_line' id='line_1_25' title="bbox 40 1519 1083 1571; baseline 0.007 -13"><span class='ocrx_word' id='word_1_144' title='bbox 40 1519 101 1558; x_wconf 86' lang='lat' dir='ltr'><strong>les.</strong></span> <span class='ocrx_word' id='word_1_145' title='bbox 129 1521 267 1559; x_wconf 82' lang='lat' dir='ltr'><strong>Merito</strong></span> <span class='ocrx_word' id='word_1_146' title='bbox 294 1531 418 1560; x_wconf 88' lang='lat' dir='ltr'><strong>autem</strong></span> <span class='ocrx_word' id='word_1_147' title='bbox 437 1523 566 1571; x_wconf 85' lang='lat' dir='ltr'><strong>aliquis</strong></span> <span class='ocrx_word' id='word_1_148' title='bbox 586 1524 739 1563; x_wconf 85' lang='lat' dir='ltr'><strong>miretur</strong></span> <span class='ocrx_word' id='word_1_149' title='bbox 756 1534 896 1564; x_wconf 85' lang='lat' dir='ltr'><strong>tantam</strong></span> <span class='ocrx_word' id='word_1_150' title='bbox 913 1526 1083 1565; x_wconf 68' lang='lat' dir='ltr'><strong>lectionis</strong></span> 
     </span>
     <span class='ocr_line' id='line_1_26' title="bbox 39 1571 1079 1621; baseline 0.006 -12"><span class='ocrx_word' id='word_1_151' title='bbox 39 1571 283 1610; x_wconf 69' lang='lat' dir='ltr'><strong>diversitatem</strong></span> <span class='ocrx_word' id='word_1_152' title='bbox 313 1573 350 1610; x_wconf 89' lang='lat' dir='ltr'><strong>iu</strong></span> <span class='ocrx_word' id='word_1_153' title='bbox 379 1574 448 1610; x_wconf 83' lang='lat' dir='ltr'><strong>hac</strong></span> <span class='ocrx_word' id='word_1_154' title='bbox 474 1573 655 1621; x_wconf 86' lang='lat' dir='ltr'><strong>Epistola,</strong></span> <span class='ocrx_word' id='word_1_155' title='bbox 684 1575 759 1613; x_wconf 88' lang='lat' dir='ltr'><strong>five</strong></span> <span class='ocrx_word' id='word_1_156' title='bbox 785 1589 827 1614; x_wconf 81' lang='lat' dir='ltr'><strong>ea</strong></span> <span class='ocrx_word' id='word_1_157' title='bbox 848 1578 1079 1615; x_wconf 82' lang='lat' dir='ltr'><strong>librariorum</strong></span> 
     </span>
    </p>
   </div>
   <div class='ocr_carea' id='block_1_16' title="bbox 0 1623 1081 1672">
    <p class='ocr_par' dir='ltr' id='par_1_16' title="bbox 0 1623 1081 1672">
     <span class='ocr_line' id='line_1_27' title="bbox 0 1623 1081 1672; baseline 0.005 -12"><span class='ocrx_word' id='word_1_158' title='bbox 0 1658 2 1663; x_wconf 77' lang='grc'><strong><em>,</em></strong></span> <span class='ocrx_word' id='word_1_159' title='bbox 36 1623 278 1672; x_wconf 82' lang='lat' dir='ltr'><strong>negligentia,</strong></span> <span class='ocrx_word' id='word_1_160' title='bbox 305 1623 380 1659; x_wconf 83' lang='lat' dir='ltr'><strong>five</strong></span> <span class='ocrx_word' id='word_1_161' title='bbox 409 1623 691 1662; x_wconf 84' lang='lat' dir='ltr'><strong>emendatorum</strong></span> <span class='ocrx_word' id='word_1_162' title='bbox 719 1627 968 1664; x_wconf 83' lang='lat' dir='ltr'><strong>aemulatione</strong></span> <span class='ocrx_word' id='word_1_163' title='bbox 985 1629 1081 1665; x_wconf 86' lang='lat' dir='ltr'><strong>acci-</strong></span> 
     </span>
    </p>
   </div>
   <div class='ocr_carea' id='block_1_17' title="bbox 39 1672 1081 1726">
    <p class='ocr_par' dir='ltr' id='par_1_17' title="bbox 39 1672 1081 1726">
     <span class='ocr_line' id='line_1_28' title="bbox 39 1672 1081 1726; baseline 0.006 -17"><span class='ocrx_word' id='word_1_164' title='bbox 39 1672 104 1709; x_wconf 85' lang='lat' dir='ltr'><strong>dit.</strong></span> <span class='ocrx_word' id='word_1_165' title='bbox 131 1674 314 1722; x_wconf 86' lang='lat' dir='ltr'><strong>Planequc</strong></span> <span class='ocrx_word' id='word_1_166' title='bbox 339 1673 424 1711; x_wconf 90' lang='lat' dir='ltr'><strong>hinc</strong></span> <span class='ocrx_word' id='word_1_167' title='bbox 447 1686 578 1711; x_wconf 89' lang='lat' dir='ltr'><strong>verum</strong></span> <span class='ocrx_word' id='word_1_168' title='bbox 605 1673 674 1712; x_wconf 83' lang='lat' dir='ltr'><strong>effe</strong></span> <span class='ocrx_word' id='word_1_169' title='bbox 690 1684 858 1724; x_wconf 84' lang='lat' dir='ltr'><strong>apparet,</strong></span> <span class='ocrx_word' id='word_1_170' title='bbox 886 1676 988 1726; x_wconf 89' lang='lat' dir='ltr'><strong>quod</strong></span> <span class='ocrx_word' id='word_1_171' title='bbox 1009 1677 1081 1715; x_wconf 90' lang='lat' dir='ltr'><strong>Ti-</strong></span> 
     </span>
    </p>
   </div>
   <div class='ocr_carea' id='block_1_18' title="bbox 0 1724 1079 1774">
    <p class='ocr_par' dir='ltr' id='par_1_18' title="bbox 0 1724 1079 1774">
     <span class='ocr_line' id='line_1_29' title="bbox 0 1724 1079 1774; baseline 0.006 -16"><span class='ocrx_word' id='word_1_172' title='bbox 0 1750 2 1758; x_wconf 51' lang='lat'><strong>.</strong></span> <span class='ocrx_word' id='word_1_173' title='bbox 36 1733 191 1760; x_wconf 89' lang='lat' dir='ltr'><strong>monem</strong></span> <span class='ocrx_word' id='word_1_174' title='bbox 222 1724 403 1760; x_wconf 85' lang='lat' dir='ltr'><strong>Nicaeum</strong></span> <span class='ocrx_word' id='word_1_175' title='bbox 431 1725 549 1762; x_wconf 87' lang='lat' dir='ltr'><strong>Arato</strong></span> <span class='ocrx_word' id='word_1_176' title='bbox 578 1726 769 1774; x_wconf 89' lang='lat' dir='ltr'><strong>quondam</strong></span> <span class='ocrx_word' id='word_1_177' title='bbox 790 1725 914 1764; x_wconf 80' lang='lat' dir='ltr'><strong>dixiffe</strong></span> <span class='ocrx_word' id='word_1_178' title='bbox 934 1728 1079 1773; x_wconf 89' lang='lat' dir='ltr'><strong>ferunt,</strong></span> 
     </span>
    </p>
   </div>
   <div class='ocr_carea' id='block_1_19' title="bbox 38 1771 1081 1873">
    <p class='ocr_par' dir='ltr' id='par_1_19' title="bbox 38 1771 1081 1873">
     <span class='ocr_line' id='line_1_30' title="bbox 38 1771 1081 1827; baseline 0.007 -17"><span class='ocrx_word' id='word_1_179' title='bbox 38 1783 100 1810; x_wconf 90' lang='lat' dir='ltr'><strong>eos</strong></span> <span class='ocrx_word' id='word_1_180' title='bbox 124 1772 233 1810; x_wconf 89' lang='lat' dir='ltr'><strong>libros</strong></span> <span class='ocrx_word' id='word_1_181' title='bbox 260 1771 331 1809; x_wconf 81' lang='lat' dir='ltr'><strong>effe</strong></span> <span class='ocrx_word' id='word_1_182' title='bbox 358 1774 669 1813; x_wconf 76' lang='lat' dir='ltr'><strong>emendatissimos</strong></span> <span class='ocrx_word' id='word_1_183' title='bbox 690 1805 700 1820; x_wconf 92' lang='lat'><strong>,</strong></span> <span class='ocrx_word' id='word_1_184' title='bbox 728 1778 793 1826; x_wconf 89' lang='lat' dir='ltr'><strong>qui</strong></span> <span class='ocrx_word' id='word_1_185' title='bbox 821 1776 936 1827; x_wconf 75' lang='lat' dir='ltr'><strong>quam</strong></span> <span class='ocrx_word' id='word_1_186' title='bbox 968 1780 1081 1817; x_wconf 89' lang='lat' dir='ltr'><strong>mini-</strong></span> 
     </span>
     <span class='ocr_line' id='line_1_31' title="bbox 42 1820 1080 1873; baseline 0.007 -13"><span class='ocrx_word' id='word_1_187' title='bbox 42 1834 143 1860; x_wconf 87' lang='lat' dir='ltr'><strong>mum</strong></span> <span class='ocrx_word' id='word_1_188' title='bbox 168 1820 314 1859; x_wconf 81' lang='lat' dir='ltr'><strong>fuiffent</strong></span> <span class='ocrx_word' id='word_1_189' title='bbox 342 1824 539 1861; x_wconf 86' lang='lat' dir='ltr'><strong>emendati.</strong></span> <span class='ocrx_word' id='word_1_190' title='bbox 568 1825 638 1862; x_wconf 87' lang='lat' dir='ltr'><strong>Sed</strong></span> <span class='ocrx_word' id='word_1_191' title='bbox 654 1828 746 1864; x_wconf 90' lang='lat' dir='ltr'><strong>haec</strong></span> <span class='ocrx_word' id='word_1_192' title='bbox 762 1856 773 1872; x_wconf 91' lang='lat'>‚</span> <span class='ocrx_word' id='word_1_193' title='bbox 802 1836 883 1865; x_wconf 85' lang='lat' dir='ltr'><strong>utut</strong></span> <span class='ocrx_word' id='word_1_194' title='bbox 904 1828 1005 1873; x_wconf 88' lang='lat' dir='ltr'><strong>sunt,</strong></span> <span class='ocrx_word' id='word_1_195' title='bbox 1024 1842 1080 1867; x_wconf 93' lang='lat' dir='ltr'><strong>re-</strong></span> 
     </span>
    </p>
   </div>
   <div class='ocr_carea' id='block_1_20' title="bbox 1 1873 1081 1926">
    <p class='ocr_par' dir='ltr' id='par_1_20' title="bbox 1 1873 1081 1926">
     <span class='ocr_line' id='line_1_32' title="bbox 1 1873 1081 1926; baseline 0.005 -15"><span class='ocrx_word' id='word_1_196' title='bbox 1 1899 3 1903; x_wconf 38' lang='lat'><strong><em>⁴</em></strong></span> <span class='ocrx_word' id='word_1_197' title='bbox 40 1873 255 1922; x_wconf 76' lang='lat' dir='ltr'><strong>linquamus,</strong></span> <span class='ocrx_word' id='word_1_198' title='bbox 276 1873 501 1911; x_wconf 67' lang='lat' dir='ltr'><strong>Mrcmus.</strong></span> <span class='ocrx_word' id='word_1_199' title='bbox 530 1873 649 1911; x_wconf 89' lang='lat' dir='ltr'><strong>Iidem</strong></span> <span class='ocrx_word' id='word_1_200' title='bbox 667 1875 761 1920; x_wconf 87' lang='lat' dir='ltr'><strong>libri,</strong></span> <span class='ocrx_word' id='word_1_201' title='bbox 768 1878 877 1926; x_wconf 84' lang='lat' dir='ltr'><strong>juffus</strong></span> <span class='ocrx_word' id='word_1_202' title='bbox 895 1891 1004 1917; x_wconf 87' lang='lat' dir='ltr'><strong>amor.</strong></span> <span class='ocrx_word' id='word_1_203' title='bbox 1023 1881 1081 1917; x_wconf 94' lang='lat' dir='ltr'><strong>lo-</strong></span> 
     </span>
    </p>
   </div>
   <div class='ocr_carea' id='block_1_21' title="bbox 16 1923 1082 2214">
    <p class='ocr_par' dir='ltr' id='par_1_21' title="bbox 16 1923 1082 2214">
     <span class='ocr_line' id='line_1_33' title="bbox 41 1923 1081 1973; baseline 0.007 -12"><span class='ocrx_word' id='word_1_204' title='bbox 41 1935 101 1962; x_wconf 81' lang='lat' dir='ltr'><strong>cus</strong></span> <span class='ocrx_word' id='word_1_205' title='bbox 121 1923 258 1961; x_wconf 87' lang='lat' dir='ltr'><strong>mendo</strong></span> <span class='ocrx_word' id='word_1_206' title='bbox 281 1935 359 1960; x_wconf 88' lang='lat' dir='ltr'><strong>non</strong></span> <span class='ocrx_word' id='word_1_207' title='bbox 382 1931 479 1961; x_wconf 86' lang='lat' dir='ltr'><strong>caret</strong></span> <span class='ocrx_word' id='word_1_208' title='bbox 492 1952 502 1969; x_wconf 92' lang='lat'><strong>,</strong></span> <span class='ocrx_word' id='word_1_209' title='bbox 523 1924 627 1973; x_wconf 91' lang='lat' dir='ltr'><strong>quod</strong></span> <span class='ocrx_word' id='word_1_210' title='bbox 644 1925 704 1964; x_wconf 82' lang='lat' dir='ltr'><strong>alii</strong></span> <span class='ocrx_word' id='word_1_211' title='bbox 721 1926 935 1965; x_wconf 85' lang='lat' dir='ltr'><strong>substituunt</strong></span> <span class='ocrx_word' id='word_1_212' title='bbox 948 1957 958 1972; x_wconf 92' lang='lat'>‚</span> <span class='ocrx_word' id='word_1_213' title='bbox 987 1929 1081 1968; x_wconf 83' lang='lat' dir='ltr'><strong>divi-</strong></span> 
     </span>
     <span class='ocr_line' id='line_1_34' title="bbox 39 1974 1080 2028; baseline 0.003 -15"><span class='ocrx_word' id='word_1_214' title='bbox 39 1985 124 2013; x_wconf 86' lang='lat' dir='ltr'><strong>nare</strong></span> <span class='ocrx_word' id='word_1_215' title='bbox 153 1974 212 2012; x_wconf 89' lang='lat' dir='ltr'><strong>est.</strong></span> <span class='ocrx_word' id='word_1_216' title='bbox 240 1975 460 2012; x_wconf 60' lang='lat' dir='ltr'><strong>Cxomuus.</strong></span> <span class='ocrx_word' id='word_1_217' title='bbox 489 1981 560 2011; x_wconf 87' lang='lat' dir='ltr'><strong>Nec</strong></span> <span class='ocrx_word' id='word_1_218' title='bbox 589 1989 686 2012; x_wconf 87' lang='lat' dir='ltr'><strong>mora</strong></span> <span class='ocrx_word' id='word_1_219' title='bbox 717 1976 835 2026; x_wconf 83' lang='lat' dir='ltr'><strong>versus</strong></span> <span class='ocrx_word' id='word_1_220' title='bbox 862 1991 961 2015; x_wconf 86' lang='lat' dir='ltr'><strong>amor</strong></span> <span class='ocrx_word' id='word_1_221' title='bbox 984 1981 1080 2028; x_wconf 82' lang='lat' dir='ltr'><strong>fugit</strong></span> 
     </span>
     <span class='ocr_line' id='line_1_35' title="bbox 16 2023 1079 2078; baseline 0.008 -18"><span class='ocrx_word' id='word_1_222' title='bbox 16 2023 221 2072; x_wconf 72' lang='lat' dir='ltr'><strong>vlentissima</strong></span> <span class='ocrx_word' id='word_1_223' title='bbox 249 2023 349 2075; x_wconf 82' lang='lat' dir='ltr'><strong>mersi</strong></span> <span class='ocrx_word' id='word_1_224' title='bbox 377 2027 515 2062; x_wconf 69' lang='lat' dir='ltr'><strong>Pettora</strong></span> <span class='ocrx_word' id='word_1_225' title='bbox 546 2026 764 2075; x_wconf 84' lang='lat' dir='ltr'><strong>Naugerius.</strong></span> <span class='ocrx_word' id='word_1_226' title='bbox 793 2029 922 2078; x_wconf 87' lang='lat' dir='ltr'><strong>Scripti</strong></span> <span class='ocrx_word' id='word_1_227' title='bbox 946 2030 1079 2076; x_wconf 88' lang='lat' dir='ltr'><strong>nostri,</strong></span> 
     </span>
     <span class='ocr_line' id='line_1_36' title="bbox 34 2075 1082 2129; baseline 0.008 -18"><span class='ocrx_word' id='word_1_228' title='bbox 34 2075 145 2125; x_wconf 84' lang='lat' dir='ltr'><strong>jussus</strong></span> <span class='ocrx_word' id='word_1_229' title='bbox 174 2088 271 2112; x_wconf 84' lang='lat' dir='ltr'><strong>amor</strong></span> <span class='ocrx_word' id='word_1_230' title='bbox 303 2075 415 2124; x_wconf 82' lang='lat' dir='ltr'><strong>tetigit</strong></span> <span class='ocrx_word' id='word_1_231' title='bbox 452 2075 633 2124; x_wconf 84' lang='lat' dir='ltr'><strong>laetiffima</strong></span> <span class='ocrx_word' id='word_1_232' title='bbox 669 2078 824 2126; x_wconf 68' lang='lat' dir='ltr'><strong>Pyrrhae</strong></span> <span class='ocrx_word' id='word_1_233' title='bbox 842 2108 853 2124; x_wconf 91' lang='lat'><strong>,</strong></span> <span class='ocrx_word' id='word_1_234' title='bbox 892 2080 950 2118; x_wconf 80' lang='lat' dir='ltr'><strong>vel</strong></span> <span class='ocrx_word' id='word_1_235' title='bbox 969 2081 1082 2129; x_wconf 81' lang='lat' dir='ltr'><strong>justus</strong></span> 
     </span>
     <span class='ocr_line' id='line_1_37' title="bbox 39 2125 1080 2176; baseline 0.009 -14"><span class='ocrx_word' id='word_1_236' title='bbox 39 2139 138 2162; x_wconf 85' lang='lat' dir='ltr'><strong>amor</strong></span> <span class='ocrx_word' id='word_1_237' title='bbox 158 2153 169 2170; x_wconf 93' lang='lat'><em>‚</em></span> <span class='ocrx_word' id='word_1_238' title='bbox 203 2125 263 2164; x_wconf 87' lang='lat' dir='ltr'><strong>vel</strong></span> <span class='ocrx_word' id='word_1_239' title='bbox 285 2125 394 2175; x_wconf 84' lang='lat' dir='ltr'><strong>juffus</strong></span> <span class='ocrx_word' id='word_1_240' title='bbox 427 2139 564 2166; x_wconf 86' lang='lat' dir='ltr'><strong>amans.</strong></span> <span class='ocrx_word' id='word_1_241' title='bbox 598 2128 754 2176; x_wconf 68' lang='lat' dir='ltr'><strong>Pyrrhae</strong></span> <span class='ocrx_word' id='word_1_242' title='bbox 779 2139 907 2168; x_wconf 89' lang='lat' dir='ltr'><strong>tamen</strong></span> <span class='ocrx_word' id='word_1_243' title='bbox 936 2142 1080 2171; x_wconf 80' lang='lat' dir='ltr'><strong>omnes.</strong></span> 
     </span>
     <span class='ocr_line' id='line_1_38' title="bbox 36 2176 184 2214; baseline -0.007 0"><span class='ocrx_word' id='word_1_244' title='bbox 36 2176 184 2214; x_wconf 82' lang='lat' dir='ltr'><strong>Scribo:</strong></span> 
     </span>
    </p>
   </div>
   <div class='ocr_carea' id='block_1_22' title="bbox 21 2239 1081 2783">
    <p class='ocr_par' dir='ltr' id='par_1_22' title="bbox 43 2239 1081 2403">
     <span class='ocr_line' id='line_1_39' title="bbox 87 2239 1081 2295; baseline 0.011 -21"><span class='ocrx_word' id='word_1_245' title='bbox 87 2241 160 2274; x_wconf 86' lang='lat' dir='ltr'><strong>Nec</strong></span> <span class='ocrx_word' id='word_1_246' title='bbox 177 2249 273 2274; x_wconf 81' lang='lat' dir='ltr'><strong>mora</strong></span> <span class='ocrx_word' id='word_1_247' title='bbox 286 2253 297 2273; x_wconf 86' lang='lat'><strong>.·</strong></span> <span class='ocrx_word' id='word_1_248' title='bbox 323 2239 441 2289; x_wconf 72' lang='lat' dir='ltr'><strong>verfics</strong></span> <span class='ocrx_word' id='word_1_249' title='bbox 468 2254 567 2280; x_wconf 86' lang='lat' dir='ltr'><strong>amor</strong></span> <span class='ocrx_word' id='word_1_250' title='bbox 586 2243 699 2293; x_wconf 85' lang='lat' dir='ltr'><strong>tetigit</strong></span> <span class='ocrx_word' id='word_1_251' title='bbox 720 2243 903 2295; x_wconf 84' lang='lat' dir='ltr'><strong>lentifflma</strong></span> <span class='ocrx_word' id='word_1_252' title='bbox 923 2245 1081 2294; x_wconf 67' lang='lat' dir='ltr'><strong>Pyrrhae</strong></span> 
     </span>
     <span class='ocr_line' id='line_1_40' title="bbox 141 2291 291 2327; baseline 0.02 -3"><span class='ocrx_word' id='word_1_253' title='bbox 141 2291 291 2327; x_wconf 68' lang='lat' dir='ltr'><strong>Petlora.</strong></span> 
     </span>
     <span class='ocr_line' id='line_1_41' title="bbox 43 2343 741 2403; baseline 0.013 -16"><span class='ocrx_word' id='word_1_254' title='bbox 43 2343 158 2400; x_wconf 65' lang='lat' dir='ltr'><strong>Versus</strong></span> <span class='ocrx_word' id='word_1_255' title='bbox 174 2365 293 2398; x_wconf 88' lang='lat' dir='ltr'><strong>amor,</strong></span> <span class='ocrx_word' id='word_1_256' title='bbox 318 2361 359 2391; x_wconf 93' lang='lat' dir='ltr'><strong>ut</strong></span> <span class='ocrx_word' id='word_1_257' title='bbox 378 2352 536 2403; x_wconf 77' lang='lat' dir='ltr'><strong>Epistola</strong></span> <span class='ocrx_word' id='word_1_258' title='bbox 554 2355 741 2396; x_wconf 76' lang='lat' dir='ltr'><strong>Brise&#39;i&#39;dis:</strong></span> 
     </span>
    </p>

    <p class='ocr_par' dir='ltr' id='par_1_23' title="bbox 44 2411 1078 2583">
     <span class='ocr_line' id='line_1_42' title="bbox 88 2411 944 2470; baseline 0.012 -21"><span class='ocrx_word' id='word_1_259' title='bbox 88 2416 167 2450; x_wconf 82' lang='lat' dir='ltr'><strong>Aut</strong></span> <span class='ocrx_word' id='word_1_260' title='bbox 176 2411 211 2463; x_wconf 89' lang='lat' dir='ltr'><em>fi</em></span> <span class='ocrx_word' id='word_1_261' title='bbox 228 2415 345 2464; x_wconf 82' lang='lat' dir='ltr'><strong>versus</strong></span> <span class='ocrx_word' id='word_1_262' title='bbox 362 2429 461 2454; x_wconf 88' lang='lat' dir='ltr'><strong>amor</strong></span> <span class='ocrx_word' id='word_1_263' title='bbox 480 2428 561 2455; x_wconf 81' lang='lat' dir='ltr'><strong>tuus</strong></span> <span class='ocrx_word' id='word_1_264' title='bbox 578 2419 621 2467; x_wconf 88' lang='lat' dir='ltr'><strong>est</strong></span> <span class='ocrx_word' id='word_1_265' title='bbox 639 2420 678 2457; x_wconf 87' lang='lat' dir='ltr'><strong>in</strong></span> <span class='ocrx_word' id='word_1_266' title='bbox 695 2420 812 2458; x_wconf 82' lang='lat' dir='ltr'><strong>taedia</strong></span> <span class='ocrx_word' id='word_1_267' title='bbox 832 2421 944 2470; x_wconf 82' lang='lat' dir='ltr'><strong>nostri.</strong></span> 
     </span>
     <span class='ocr_line' id='line_1_43' title="bbox 44 2478 1078 2534; baseline 0.012 -24"><span class='ocrx_word' id='word_1_268' title='bbox 44 2478 167 2512; x_wconf 84' lang='lat' dir='ltr'><strong>Lentus</strong></span> <span class='ocrx_word' id='word_1_269' title='bbox 184 2479 352 2526; x_wconf 87' lang='lat' dir='ltr'><strong>proprie,</strong></span> <span class='ocrx_word' id='word_1_270' title='bbox 379 2481 444 2529; x_wconf 86' lang='lat' dir='ltr'><strong>qui</strong></span> <span class='ocrx_word' id='word_1_271' title='bbox 463 2480 563 2518; x_wconf 89' lang='lat' dir='ltr'><strong>tarde</strong></span> <span class='ocrx_word' id='word_1_272' title='bbox 583 2481 617 2518; x_wconf 92' lang='lat' dir='ltr'><strong>se</strong></span> <span class='ocrx_word' id='word_1_273' title='bbox 639 2491 862 2530; x_wconf 79' lang='lat' dir='ltr'><strong>promovet,</strong></span> <span class='ocrx_word' id='word_1_274' title='bbox 874 2483 933 2521; x_wconf 92' lang='lat' dir='ltr'><strong>sed</strong></span> <span class='ocrx_word' id='word_1_275' title='bbox 951 2485 990 2522; x_wconf 68' lang='grc' dir='ltr'><strong>ὃς</strong></span> <span class='ocrx_word' id='word_1_276' title='bbox 1008 2496 1078 2534; x_wconf 93' lang='lat' dir='ltr'><strong>pro</strong></span> 
     </span>
     <span class='ocr_line' id='line_1_44' title="bbox 44 2524 1078 2583; baseline 0.011 -21"><span class='ocrx_word' id='word_1_277' title='bbox 44 2524 186 2564; x_wconf 84' lang='lat' dir='ltr'><strong>flexibili</strong></span> <span class='ocrx_word' id='word_1_278' title='bbox 204 2528 354 2566; x_wconf 86' lang='lat' dir='ltr'><strong>sumitur</strong></span> <span class='ocrx_word' id='word_1_279' title='bbox 368 2558 378 2574; x_wconf 90' lang='lat'><strong>‚</strong></span> <span class='ocrx_word' id='word_1_280' title='bbox 392 2532 430 2568; x_wconf 69' lang='grc' dir='ltr'><strong>ὃς</strong></span> <span class='ocrx_word' id='word_1_281' title='bbox 448 2543 515 2579; x_wconf 90' lang='lat' dir='ltr'><strong>pro</strong></span> <span class='ocrx_word' id='word_1_282' title='bbox 534 2530 660 2570; x_wconf 90' lang='lat' dir='ltr'><strong>securo</strong></span> <span class='ocrx_word' id='word_1_283' title='bbox 679 2541 790 2583; x_wconf 82' lang='lat' dir='ltr'><strong>atque</strong></span> <span class='ocrx_word' id='word_1_284' title='bbox 807 2535 928 2572; x_wconf 83' lang='lat' dir='ltr'><strong>otioso</strong></span> <span class='ocrx_word' id='word_1_285' title='bbox 941 2563 951 2579; x_wconf 93' lang='lat'><strong>,</strong></span> <span class='ocrx_word' id='word_1_286' title='bbox 965 2537 1078 2573; x_wconf 87' lang='lat' dir='ltr'><strong>etiam</strong></span> 
     </span>
    </p>

    <p class='ocr_par' dir='ltr' id='par_1_24' title="bbox 21 2576 1078 2783">
     <span class='ocr_line' id='line_1_45' title="bbox 21 2576 1078 2632; baseline 0.01 -19"><span class='ocrx_word' id='word_1_287' title='bbox 21 2590 23 2624; x_wconf 66' lang='lat'><em>3</em></span> <span class='ocrx_word' id='word_1_288' title='bbox 43 2586 108 2624; x_wconf 84' lang='lat' dir='ltr'><strong>pro</strong></span> <span class='ocrx_word' id='word_1_289' title='bbox 124 2576 255 2626; x_wconf 87' lang='lat' dir='ltr'><strong>frigido</strong></span> <span class='ocrx_word' id='word_1_290' title='bbox 286 2580 324 2616; x_wconf 68' lang='grc' dir='ltr'><strong>ὃ(</strong></span> <span class='ocrx_word' id='word_1_291' title='bbox 352 2581 497 2619; x_wconf 85' lang='lat' dir='ltr'><strong>remiffo</strong></span> <span class='ocrx_word' id='word_1_292' title='bbox 518 2609 529 2627; x_wconf 91' lang='lat'><strong>,</strong></span> <span class='ocrx_word' id='word_1_293' title='bbox 563 2584 886 2632; x_wconf 81' lang='lat' dir='ltr'><strong>quemadmodum</strong></span> <span class='ocrx_word' id='word_1_294' title='bbox 908 2586 968 2623; x_wconf 89' lang='lat' dir='ltr'><strong>hic</strong></span> <span class='ocrx_word' id='word_1_295' title='bbox 990 2586 1078 2624; x_wconf 85' lang='lat' dir='ltr'><strong>loci.</strong></span> 
     </span>
     <span class='ocr_line' id='line_1_46' title="bbox 22 2625 1077 2681; baseline 0.01 -18"><span class='ocrx_word' id='word_1_296' title='bbox 22 2634 23 2637; x_wconf 78' lang='grc'>’</span> <span class='ocrx_word' id='word_1_297' title='bbox 45 2625 187 2665; x_wconf 77' lang='lat' dir='ltr'><strong>Gloffae</strong></span> <span class='ocrx_word' id='word_1_298' title='bbox 205 2629 396 2678; x_wconf 82' lang='lat' dir='ltr'><strong>Stephani,</strong></span> <span class='ocrx_word' id='word_1_299' title='bbox 419 2638 569 2678; x_wconf 83' lang='lat' dir='ltr'><strong>Lentus,</strong></span> <span class='ocrx_word' id='word_1_300' title='bbox 600 2634 743 2678; x_wconf 69' lang='grc' dir='ltr'><em>Εἰὶτονος</em></span> <span class='ocrx_word' id='word_1_301' title='bbox 757 2663 768 2680; x_wconf 90' lang='grc'><strong><em>,</em></strong></span> <span class='ocrx_word' id='word_1_302' title='bbox 794 2637 964 2681; x_wconf 69' lang='grc' dir='ltr'><strong>Λεπτὸς,</strong></span> <span class='ocrx_word' id='word_1_303' title='bbox 995 2632 1077 2681; x_wconf 67' lang='grc' dir='ltr'><strong>Ἀρ-</strong></span> 
     </span>
     <span class='ocr_line' id='line_1_47' title="bbox 44 2677 1077 2737; baseline 0.014 -24"><span class='ocrx_word' id='word_1_304' title='bbox 44 2677 115 2732; x_wconf 65' lang='grc' dir='ltr'><strong>χός.</strong></span> <span class='ocrx_word' id='word_1_305' title='bbox 142 2683 289 2725; x_wconf 84' lang='lat' dir='ltr'><strong>Lentus,</strong></span> <span class='ocrx_word' id='word_1_306' title='bbox 317 2682 380 2731; x_wconf 89' lang='lat' dir='ltr'><strong>qui</strong></span> <span class='ocrx_word' id='word_1_307' title='bbox 406 2683 508 2722; x_wconf 87' lang='lat' dir='ltr'><strong>tarde</strong></span> <span class='ocrx_word' id='word_1_308' title='bbox 530 2683 709 2732; x_wconf 83' lang='lat' dir='ltr'><strong>irascitur,</strong></span> <span class='ocrx_word' id='word_1_309' title='bbox 734 2686 797 2724; x_wconf 85' lang='lat' dir='ltr'><strong>ubi</strong></span> <span class='ocrx_word' id='word_1_310' title='bbox 816 2686 862 2724; x_wconf 88' lang='lat' dir='ltr'><strong>de</strong></span> <span class='ocrx_word' id='word_1_311' title='bbox 879 2687 930 2725; x_wconf 87' lang='lat' dir='ltr'><strong>ira</strong></span> <span class='ocrx_word' id='word_1_312' title='bbox 950 2689 1077 2737; x_wconf 81' lang='lat' dir='ltr'><strong>agitur.</strong></span> 
     </span>
     <span class='ocr_line' id='line_1_48' title="bbox 44 2727 455 2783; baseline 0.022 -20"><span class='ocrx_word' id='word_1_313' title='bbox 44 2729 93 2764; x_wconf 84' lang='lat' dir='ltr'><strong>11c</strong></span> <span class='ocrx_word' id='word_1_314' title='bbox 107 2727 176 2776; x_wconf 84' lang='lat' dir='ltr'><strong>Ep.</strong></span> <span class='ocrx_word' id='word_1_315' title='bbox 195 2731 354 2770; x_wconf 80' lang='lat' dir='ltr'><strong>Helenes</strong></span> <span class='ocrx_word' id='word_1_316' title='bbox 374 2745 455 2783; x_wconf 90' lang='lat'>249.</span> 
     </span>
    </p>
   </div>
   <div class='ocr_carea' id='block_1_23' title="bbox 96 2793 942 2850">
    <p class='ocr_par' dir='ltr' id='par_1_25' title="bbox 96 2793 942 2850">
     <span class='ocr_line' id='line_1_49' title="bbox 96 2793 942 2850; baseline 0.021 -25"><span class='ocrx_word' id='word_1_317' title='bbox 96 2794 149 2826; x_wconf 90' lang='lat' dir='ltr'><strong>Tu</strong></span> <span class='ocrx_word' id='word_1_318' title='bbox 154 2793 228 2838; x_wconf 70' lang='lat' dir='ltr'><strong>flare</strong></span> <span class='ocrx_word' id='word_1_319' title='bbox 247 2805 320 2833; x_wconf 84' lang='lat' dir='ltr'><strong>tam</strong></span> <span class='ocrx_word' id='word_1_320' title='bbox 339 2797 473 2838; x_wconf 83' lang='lat' dir='ltr'><strong>lentum</strong></span> <span class='ocrx_word' id='word_1_321' title='bbox 487 2800 581 2850; x_wconf 82' lang='lat' dir='ltr'><strong>justa</strong></span> <span class='ocrx_word' id='word_1_322' title='bbox 601 2801 787 2842; x_wconf 82' lang='lat' dir='ltr'><strong>Menelaon</strong></span> <span class='ocrx_word' id='word_1_323' title='bbox 805 2802 844 2842; x_wconf 84' lang='lat' dir='ltr'><strong>in</strong></span> <span class='ocrx_word' id='word_1_324' title='bbox 859 2802 942 2850; x_wconf 68' lang='lat' dir='ltr'><strong>ira?¹</strong></span> 
     </span>
    </p>
   </div>
   <div class='ocr_carea' id='block_1_24' title="bbox 0 2847 779 2971">
    <p class='ocr_par' dir='ltr' id='par_1_26' title="bbox 0 2847 779 2971">
     <span class='ocr_line' id='line_1_50' title="bbox 0 2847 600 2905; baseline 0.027 -21"><span class='ocrx_word' id='word_1_325' title='bbox 0 2847 10 2884; x_wconf 62' lang='grc' dir='ltr'><strong>Γ»</strong></span> <span class='ocrx_word' id='word_1_326' title='bbox 46 2850 254 2891; x_wconf 81' lang='lat' dir='ltr'><strong>Marcianus</strong></span> <span class='ocrx_word' id='word_1_327' title='bbox 274 2855 431 2905; x_wconf 86' lang='lat' dir='ltr'><strong>Capella.</strong></span> <span class='ocrx_word' id='word_1_328' title='bbox 445 2858 506 2897; x_wconf 91' lang='lat' dir='ltr'><strong>lib.</strong></span> <span class='ocrx_word' id='word_1_329' title='bbox 527 2872 600 2900; x_wconf 85' lang='lat' dir='ltr'><strong>vu.</strong></span> 
     </span>
     <span class='ocr_line' id='line_1_51' title="bbox 0 2909 779 2971; baseline 0.013 -17"><span class='ocrx_word' id='word_1_330' title='bbox 0 2909 21 2954; x_wconf 35' lang='lat' dir='ltr'><strong>*l</strong></span> <span class='ocrx_word' id='word_1_331' title='bbox 390 2923 508 2971; x_wconf 84' lang='lat' dir='ltr'><strong>optati</strong></span> <span class='ocrx_word' id='word_1_332' title='bbox 525 2923 638 2963; x_wconf 83' lang='lat' dir='ltr'><strong>lentus</strong></span> <span class='ocrx_word' id='word_1_333' title='bbox 653 2926 779 2966; x_wconf 73' lang='lat' dir='ltr'><strong>amoris</strong></span> 
     </span>
    </p>
   </div>
   <div class='ocr_carea' id='block_1_25' title="bbox 97 2965 492 3016">
    <p class='ocr_par' dir='ltr' id='par_1_27' title="bbox 19 2962 492 3017">
     <span class='ocr_line' id='line_1_52' title="bbox 97 2965 492 3016; baseline 0.021 -14.351"><span class='ocrx_word' id='word_1_334' title='bbox 97 2965 240 3002; x_wconf 82' lang='lat' dir='ltr'><strong>Gaudia</strong></span> <span class='ocrx_word' id='word_1_335' title='bbox 257 2965 354 3016; x_wconf 84' lang='lat' dir='ltr'><strong>longa</strong></span> <span class='ocrx_word' id='word_1_336' title='bbox 370 2971 492 3010; x_wconf 84' lang='lat' dir='ltr'><strong>trahis.</strong></span> 
     </span>
    </p>
   </div>
   <div class='ocr_carea' id='block_1_26' title="bbox 2 3023 1078 3080">
    <p class='ocr_par' dir='ltr' id='par_1_28' title="bbox 2 3023 1078 3080">
     <span class='ocr_line' id='line_1_53' title="bbox 2 3023 1078 3080; baseline 0.012 -16"><span class='ocrx_word' id='word_1_337' title='bbox 2 3066 3 3069; x_wconf 11' lang='grc' dir='ltr'><strong>Ἴ</strong></span> <span class='ocrx_word' id='word_1_338' title='bbox 19 3026 27 3064; x_wconf 71' lang='lat' dir='ltr'><strong>l</strong></span> <span class='ocrx_word' id='word_1_339' title='bbox 51 3023 137 3065; x_wconf 68' lang='lat' dir='ltr'><strong>Aul.</strong></span> <span class='ocrx_word' id='word_1_340' title='bbox 158 3029 251 3066; x_wconf 89' lang='lat' dir='ltr'><strong>Gell.</strong></span> <span class='ocrx_word' id='word_1_341' title='bbox 267 3028 328 3065; x_wconf 89' lang='lat' dir='ltr'><strong>lib.</strong></span> <span class='ocrx_word' id='word_1_342' title='bbox 351 3041 381 3065; x_wconf 86' lang='lat'><strong>1.</strong></span> <span class='ocrx_word' id='word_1_343' title='bbox 400 3042 474 3080; x_wconf 85' lang='lat' dir='ltr'><strong>cap.</strong></span> <span class='ocrx_word' id='word_1_344' title='bbox 493 3034 622 3074; x_wconf 85' lang='lat' dir='ltr'><strong>ult..de</strong></span> <span class='ocrx_word' id='word_1_345' title='bbox 639 3038 855 3077; x_wconf 86' lang='lat' dir='ltr'><strong>Plutarcho:</strong></span> <span class='ocrx_word' id='word_1_346' title='bbox 881 3044 970 3077; x_wconf 84' lang='lat' dir='ltr'><strong>Tum</strong></span> <span class='ocrx_word' id='word_1_347' title='bbox 989 3040 1078 3077; x_wconf 84' lang='lat' dir='ltr'><strong>lente</strong></span> 
     </span>
    </p>
   </div>
   <div class='ocr_carea' id='block_1_27' title="bbox 53 3078 1077 3136">
    <p class='ocr_par' dir='ltr' id='par_1_29' title="bbox 53 3078 1077 3136">
     <span class='ocr_line' id='line_1_54' title="bbox 53 3078 1077 3136; baseline 0.012 -20"><span class='ocrx_word' id='word_1_348' title='bbox 53 3089 96 3116; x_wconf 76' lang='lat'><strong>(9&#39;</strong></span> <span class='ocrx_word' id='word_1_349' title='bbox 113 3078 254 3123; x_wconf 83' lang='lat' dir='ltr'><strong>leniter,</strong></span> <span class='ocrx_word' id='word_1_350' title='bbox 282 3079 380 3127; x_wconf 67' lang='lat' dir='ltr'><strong>Qid</strong></span> <span class='ocrx_word' id='word_1_351' title='bbox 405 3091 542 3127; x_wconf 87' lang='lat' dir='ltr'><strong>autem,</strong></span> <span class='ocrx_word' id='word_1_352' title='bbox 567 3086 705 3136; x_wconf 74' lang='lat' dir='ltr'><strong>inquit,</strong></span> <span class='ocrx_word' id='word_1_353' title='bbox 733 3103 825 3127; x_wconf 77' lang='lat' dir='ltr'><strong>nunc</strong></span> <span class='ocrx_word' id='word_1_354' title='bbox 850 3090 914 3128; x_wconf 76' lang='lat' dir='ltr'><strong>tibi</strong></span> <span class='ocrx_word' id='word_1_355' title='bbox 939 3091 1077 3128; x_wconf 77' lang='lat' dir='ltr'><strong>verbero</strong></span> 
     </span>
    </p>
   </div>
   <div class='ocr_carea' id='block_1_28' title="bbox 7 3126 1078 3187">
    <p class='ocr_par' dir='ltr' id='par_1_30' title="bbox 7 3126 1078 3187">
     <span class='ocr_line' id='line_1_55' title="bbox 7 3126 1078 3187; baseline 0.016 -24"><span class='ocrx_word' id='word_1_356' title='bbox 7 3140 11 3142; x_wconf 67' lang='grc'>’</span> <span class='ocrx_word' id='word_1_357' title='bbox 53 3126 150 3177; x_wconf 79' lang='lat' dir='ltr'><strong>irasci</strong></span> <span class='ocrx_word' id='word_1_358' title='bbox 178 3130 317 3167; x_wconf 65' lang='lat' dir='ltr'><strong>videa-r?</strong></span> <span class='ocrx_word' id='word_1_359' title='bbox 347 3143 388 3165; x_wconf 83' lang='lat' dir='ltr'><strong>ex</strong></span> <span class='ocrx_word' id='word_1_360' title='bbox 415 3131 563 3169; x_wconf 84' lang='lat' dir='ltr'><strong>vultune</strong></span> <span class='ocrx_word' id='word_1_361' title='bbox 590 3148 684 3182; x_wconf 87' lang='lat' dir='ltr'><strong>meo,</strong></span> <span class='ocrx_word' id='word_1_362' title='bbox 709 3152 756 3176; x_wconf 86' lang='lat' dir='ltr'><strong>an</strong></span> <span class='ocrx_word' id='word_1_363' title='bbox 776 3155 817 3178; x_wconf 83' lang='lat' dir='ltr'><strong>ex</strong></span> <span class='ocrx_word' id='word_1_364' title='bbox 844 3155 944 3187; x_wconf 78' lang='lat' dir='ltr'><strong>voce,</strong></span> <span class='ocrx_word' id='word_1_365' title='bbox 969 3156 1018 3179; x_wconf 83' lang='lat' dir='ltr'><strong>an</strong></span> <span class='ocrx_word' id='word_1_366' title='bbox 1037 3156 1078 3179; x_wconf 85' lang='lat' dir='ltr'><strong>ex</strong></span> 
     </span>
    </p>
   </div>
   <div class='ocr_carea' id='block_1_29' title="bbox 21 3178 1080 3343">
    <p class='ocr_par' dir='ltr' id='par_1_31' title="bbox 21 3178 1080 3343">
     <span class='ocr_line' id='line_1_56' title="bbox 22 3178 1080 3240; baseline 0.02 -26"><span class='ocrx_word' id='word_1_367' title='bbox 22 3225 24 3240; x_wconf 57' lang='grc' dir='ltr'>Ι</span> <span class='ocrx_word' id='word_1_368' title='bbox 53 3178 152 3216; x_wconf 80' lang='lat' dir='ltr'><strong>colore</strong></span> <span class='ocrx_word' id='word_1_369' title='bbox 169 3190 354 3230; x_wconf 84' lang='lat' dir='ltr'><strong>correptum</strong></span> <span class='ocrx_word' id='word_1_370' title='bbox 376 3180 432 3231; x_wconf 81' lang='lat' dir='ltr'><strong>esle</strong></span> <span class='ocrx_word' id='word_1_371' title='bbox 449 3195 502 3219; x_wconf 89' lang='lat' dir='ltr'><strong>me</strong></span> <span class='ocrx_word' id='word_1_372' title='bbox 522 3182 576 3219; x_wconf 84' lang='lat' dir='ltr'><strong>ira</strong></span> <span class='ocrx_word' id='word_1_373' title='bbox 593 3184 779 3237; x_wconf 70' lang='lat' dir='ltr'><strong>intelligis?</strong></span> <span class='ocrx_word' id='word_1_374' title='bbox 798 3193 930 3231; x_wconf 86' lang='lat' dir='ltr'><strong>Amor.</strong></span> <span class='ocrx_word' id='word_1_375' title='bbox 951 3194 1017 3233; x_wconf 76' lang='lat' dir='ltr'><strong>lib:</strong></span> <span class='ocrx_word' id='word_1_376' title='bbox 1035 3206 1080 3233; x_wconf 83' lang='lat'><strong>11.</strong></span> 
     </span>
     <span class='ocr_line' id='line_1_57' title="bbox 21 3227 827 3283; baseline 0.021 -17"><span class='ocrx_word' id='word_1_377' title='bbox 21 3249 25 3278; x_wconf 70' lang='lat' dir='ltr'><strong>l</strong></span> <span class='ocrx_word' id='word_1_378' title='bbox 57 3227 155 3278; x_wconf 76' lang='lat' dir='ltr'><strong>Eleg.</strong></span> <span class='ocrx_word' id='word_1_379' title='bbox 175 3231 238 3269; x_wconf 90' lang='lat' dir='ltr'><strong>ult.</strong></span> <span class='ocrx_word' id='word_1_380' title='bbox 824 3280 827 3283; x_wconf 91' lang='lat'><strong>.</strong></span> 
     </span>
     <span class='ocr_line' id='line_1_58' title="bbox 23 3283 977 3343; baseline 0.013 -26"><span class='ocrx_word' id='word_1_381' title='bbox 23 3286 25 3303; x_wconf 73' lang='lat'>³</span> <span class='ocrx_word' id='word_1_382' title='bbox 102 3284 228 3326; x_wconf 77' lang='lat' dir='ltr'><strong>Lentus</strong></span> <span class='ocrx_word' id='word_1_383' title='bbox 246 3296 298 3329; x_wconf 78' lang='lat' dir='ltr'><strong>es,</strong></span> <span class='ocrx_word' id='word_1_384' title='bbox 324 3293 367 3324; x_wconf 66' lang='lat' dir='ltr'><strong>&lt;y</strong></span> <span class='ocrx_word' id='word_1_385' title='bbox 382 3283 511 3332; x_wconf 79' lang='lat' dir='ltr'><strong>pateris</strong></span> <span class='ocrx_word' id='word_1_386' title='bbox 527 3283 615 3324; x_wconf 85' lang='lat' dir='ltr'><strong>nulli</strong></span> <span class='ocrx_word' id='word_1_387' title='bbox 628 3285 793 3334; x_wconf 80' lang='lat' dir='ltr'><strong>patienda</strong></span> <span class='ocrx_word' id='word_1_388' title='bbox 809 3291 948 3343; x_wconf 68' lang='lat' dir='ltr'><strong>marito.</strong></span> <span class='ocrx_word' id='word_1_389' title='bbox 964 3289 977 3302; x_wconf 78' lang='lat'><strong><em>&#39;</em></strong></span> 
     </span>
    </p>
   </div>
   <div class='ocr_carea' id='block_1_30' title="bbox 16 2807 27 3322">
    <p class='ocr_par' dir='ltr' id='par_1_32' title="bbox 16 2807 27 3322">
     <span class='ocr_line' id='line_1_59' title="bbox 16 2807 27 3322; baseline 0 0"><span class='ocrx_word' id='word_1_390' title='bbox 16 2807 27 3322; x_wconf 95' lang='lat' dir='ltr'><strong> </strong></span> 
     </span>
    </p>
   </div>
   <div class='ocr_carea' id='block_1_31' title="bbox 2022 890 2183 947">
    <p class='ocr_par' dir='ltr' id='par_1_33' title="bbox 2022 890 2183 947">
     <span class='ocr_line' id='line_1_60' title="bbox 2022 890 2183 947; baseline 0.006 -1"><span class='ocrx_word' id='word_1_391' title='bbox 2022 890 2183 947; x_wconf 79' lang='lat' dir='ltr'><strong>Grata</strong></span> 
     </span>
    </p>
   </div>
   <div class='ocr_carea' id='block_1_32' title="bbox 1141 1017 1506 1069">
    <p class='ocr_par' dir='ltr' id='par_1_34' title="bbox 1141 1017 1506 1069">
     <span class='ocr_line' id='line_1_61' title="bbox 1141 1017 1506 1069; baseline 0.005 -13"><span class='ocrx_word' id='word_1_392' title='bbox 1141 1017 1226 1058; x_wconf 90' lang='lat' dir='ltr'><strong>Lib.</strong></span> <span class='ocrx_word' id='word_1_393' title='bbox 1247 1031 1309 1057; x_wconf 85' lang='lat'><strong>111.</strong></span> <span class='ocrx_word' id='word_1_394' title='bbox 1328 1017 1431 1069; x_wconf 85' lang='lat' dir='ltr'><strong>Eleg.</strong></span> <span class='ocrx_word' id='word_1_395' title='bbox 1448 1022 1506 1058; x_wconf 64' lang='lat' dir='ltr'><strong>vri</strong></span> 
     </span>
    </p>
   </div>
   <div class='ocr_carea' id='block_1_33' title="bbox 1192 1079 2127 1183">
    <p class='ocr_par' dir='ltr' id='par_1_35' title="bbox 1192 1079 2127 1183">
     <span class='ocr_line' id='line_1_62' title="bbox 1192 1079 2127 1131; baseline 0.003 -14"><span class='ocrx_word' id='word_1_396' title='bbox 1192 1079 1254 1117; x_wconf 83' lang='lat' dir='ltr'><strong>Ille</strong></span> <span class='ocrx_word' id='word_1_397' title='bbox 1272 1080 1376 1118; x_wconf 86' lang='lat' dir='ltr'><strong>habet</strong></span> <span class='ocrx_word' id='word_1_398' title='bbox 1390 1092 1434 1121; x_wconf 66' lang='grc' dir='ltr'><strong>ω’</strong></span> <span class='ocrx_word' id='word_1_399' title='bbox 1441 1079 1552 1131; x_wconf 81' lang='lat' dir='ltr'><strong>filices</strong></span> <span class='ocrx_word' id='word_1_400' title='bbox 1568 1083 1612 1121; x_wconf 55' lang='grc' dir='ltr'><strong>(ῤ’</strong></span> <span class='ocrx_word' id='word_1_401' title='bbox 1628 1082 1757 1119; x_wconf 79' lang='lat' dir='ltr'><strong>durum</strong></span> <span class='ocrx_word' id='word_1_402' title='bbox 1775 1079 1813 1118; x_wconf 81' lang='lat' dir='ltr'><strong>in</strong></span> <span class='ocrx_word' id='word_1_403' title='bbox 1824 1080 1953 1131; x_wconf 58' lang='lat' dir='ltr'><strong>peffore</strong></span> <span class='ocrx_word' id='word_1_404' title='bbox 1961 1082 2101 1129; x_wconf 71' lang='lat' dir='ltr'><strong>ferrum</strong></span> <span class='ocrx_word' id='word_1_405' title='bbox 2114 1086 2127 1128; x_wconf 70' lang='lat'><em>3</em></span> 
     </span>
     <span class='ocr_line' id='line_1_63' title="bbox 1240 1132 2025 1183; baseline 0.004 -15"><span class='ocrx_word' id='word_1_406' title='bbox 1240 1133 1315 1180; x_wconf 74' lang='lat' dir='ltr'><strong>Qi</strong></span> <span class='ocrx_word' id='word_1_407' title='bbox 1335 1143 1446 1170; x_wconf 84' lang='lat' dir='ltr'><strong>tenero</strong></span> <span class='ocrx_word' id='word_1_408' title='bbox 1467 1132 1639 1183; x_wconf 68' lang='lat' dir='ltr'><strong>lacrymas</strong></span> <span class='ocrx_word' id='word_1_409' title='bbox 1657 1133 1770 1170; x_wconf 81' lang='lat' dir='ltr'><strong>lentus</strong></span> <span class='ocrx_word' id='word_1_410' title='bbox 1785 1132 1823 1169; x_wconf 83' lang='lat' dir='ltr'><strong>in</strong></span> <span class='ocrx_word' id='word_1_411' title='bbox 1840 1147 1893 1170; x_wconf 87' lang='lat' dir='ltr'><strong>ore</strong></span> <span class='ocrx_word' id='word_1_412' title='bbox 1915 1134 2025 1172; x_wconf 74' lang='lat' dir='ltr'><strong>videt.</strong></span> 
     </span>
    </p>
   </div>
   <div class='ocr_carea' id='block_1_34' title="bbox 1138 1190 2186 1442">
    <p class='ocr_par' dir='ltr' id='par_1_36' title="bbox 1138 1190 2186 1442">
     <span class='ocr_line' id='line_1_64' title="bbox 1139 1190 2186 1243; baseline 0.004 -15"><span class='ocrx_word' id='word_1_413' title='bbox 1139 1190 1230 1228; x_wconf 90' lang='lat' dir='ltr'><strong>Hoc</strong></span> <span class='ocrx_word' id='word_1_414' title='bbox 1252 1192 1301 1229; x_wconf 83' lang='lat' dir='ltr'><strong>est</strong></span> <span class='ocrx_word' id='word_1_415' title='bbox 1323 1194 1387 1242; x_wconf 91' lang='lat' dir='ltr'><strong>qui</strong></span> <span class='ocrx_word' id='word_1_416' title='bbox 1413 1192 1584 1243; x_wconf 81' lang='lat' dir='ltr'><strong>lacrymis</strong></span> <span class='ocrx_word' id='word_1_417' title='bbox 1615 1206 1693 1231; x_wconf 82' lang='lat' dir='ltr'><strong>non</strong></span> <span class='ocrx_word' id='word_1_418' title='bbox 1722 1201 1908 1231; x_wconf 84' lang='lat' dir='ltr'><strong>movetur.</strong></span> <span class='ocrx_word' id='word_1_419' title='bbox 1936 1193 1984 1231; x_wconf 82' lang='lat' dir='ltr'><strong>sic</strong></span> <span class='ocrx_word' id='word_1_420' title='bbox 2007 1193 2055 1231; x_wconf 90' lang='lat' dir='ltr'><strong>ibi</strong></span> <span class='ocrx_word' id='word_1_421' title='bbox 2080 1198 2186 1232; x_wconf 67' lang='lat' dir='ltr'><strong>vetus</strong></span> 
     </span>
     <span class='ocr_line' id='line_1_65' title="bbox 1141 1242 2185 1282; baseline 0.002 -3"><span class='ocrx_word' id='word_1_422' title='bbox 1141 1242 1274 1279; x_wconf 79' lang='lat' dir='ltr'><strong>codex.</strong></span> <span class='ocrx_word' id='word_1_423' title='bbox 1302 1244 1351 1281; x_wconf 89' lang='lat' dir='ltr'><strong>est</strong></span> <span class='ocrx_word' id='word_1_424' title='bbox 1379 1252 1505 1282; x_wconf 87' lang='lat' dir='ltr'><strong>autem</strong></span> <span class='ocrx_word' id='word_1_425' title='bbox 1538 1246 1752 1282; x_wconf 83' lang='lat' dir='ltr'><strong>convicium</strong></span> <span class='ocrx_word' id='word_1_426' title='bbox 1774 1245 2010 1282; x_wconf 84' lang='lat' dir='ltr'><strong>amatorium.</strong></span> <span class='ocrx_word' id='word_1_427' title='bbox 2040 1246 2088 1282; x_wconf 82' lang='lat' dir='ltr'><strong>ita</strong></span> <span class='ocrx_word' id='word_1_428' title='bbox 2116 1246 2185 1281; x_wconf 84' lang='lat' dir='ltr'><strong>Pe-</strong></span> 
     </span>
     <span class='ocr_line' id='line_1_66' title="bbox 1139 1293 2184 1343; baseline 0.003 -14"><span class='ocrx_word' id='word_1_429' title='bbox 1139 1293 1274 1340; x_wconf 88' lang='lat' dir='ltr'><strong>nelope</strong></span> <span class='ocrx_word' id='word_1_430' title='bbox 1315 1295 1421 1332; x_wconf 85' lang='lat' dir='ltr'><strong>initio</strong></span> <span class='ocrx_word' id='word_1_431' title='bbox 1464 1295 1645 1343; x_wconf 84' lang='lat' dir='ltr'><strong>Epistolae</strong></span> <span class='ocrx_word' id='word_1_432' title='bbox 1686 1295 1819 1331; x_wconf 73' lang='lat' dir='ltr'><strong>lentum</strong></span> <span class='ocrx_word' id='word_1_433' title='bbox 1856 1304 1965 1332; x_wconf 81' lang='lat' dir='ltr'><strong>vocat:</strong></span> <span class='ocrx_word' id='word_1_434' title='bbox 2002 1293 2184 1343; x_wconf 66' lang='lat' dir='ltr'><strong>Ulyssem.</strong></span> 
     </span>
     <span class='ocr_line' id='line_1_67' title="bbox 1138 1343 2184 1393; baseline 0.003 -14"><span class='ocrx_word' id='word_1_435' title='bbox 1138 1343 1273 1391; x_wconf 84' lang='lat' dir='ltr'><strong>Phyllis</strong></span> <span class='ocrx_word' id='word_1_436' title='bbox 1291 1344 1607 1393; x_wconf 87' lang='lat' dir='ltr'><strong>Demophoonti,</strong></span> <span class='ocrx_word' id='word_1_437' title='bbox 1626 1349 1680 1381; x_wconf 81' lang='lat' dir='ltr'><strong>At</strong></span> <span class='ocrx_word' id='word_1_438' title='bbox 1700 1356 1740 1382; x_wconf 83' lang='lat' dir='ltr'><strong>tu</strong></span> <span class='ocrx_word' id='word_1_439' title='bbox 1759 1345 1871 1381; x_wconf 83' lang='lat' dir='ltr'><strong>lentus</strong></span> <span class='ocrx_word' id='word_1_440' title='bbox 1891 1345 1980 1382; x_wconf 77' lang='lat' dir='ltr'><strong>abes.</strong></span> <span class='ocrx_word' id='word_1_441' title='bbox 2008 1346 2046 1382; x_wconf 84' lang='lat'>&amp;</span> <span class='ocrx_word' id='word_1_442' title='bbox 2066 1345 2184 1382; x_wconf 75' lang='lat' dir='ltr'><strong>nostra</strong></span> 
     </span>
     <span class='ocr_line' id='line_1_68' title="bbox 1141 1393 1842 1442; baseline 0.003 -12"><span class='ocrx_word' id='word_1_443' title='bbox 1141 1393 1287 1442; x_wconf 86' lang='lat' dir='ltr'><strong>Sappho</strong></span> <span class='ocrx_word' id='word_1_444' title='bbox 1308 1395 1476 1440; x_wconf 89' lang='lat' dir='ltr'><strong>Phaoni,</strong></span> <span class='ocrx_word' id='word_1_445' title='bbox 1504 1401 1609 1433; x_wconf 87' lang='lat' dir='ltr'><strong>Lente</strong></span> <span class='ocrx_word' id='word_1_446' title='bbox 1629 1396 1714 1434; x_wconf 81' lang='lat' dir='ltr'><strong>redi.</strong></span> <span class='ocrx_word' id='word_1_447' title='bbox 1740 1404 1842 1433; x_wconf 88' lang='lat' dir='ltr'><strong>tum:</strong></span> 
     </span>
    </p>
   </div>
   <div class='ocr_carea' id='block_1_35' title="bbox 1139 1457 1973 1566">
    <p class='ocr_par' dir='ltr' id='par_1_37' title="bbox 1139 1457 1973 1566">
     <span class='ocr_line' id='line_1_69' title="bbox 1190 1457 1973 1511; baseline 0.005 -18"><span class='ocrx_word' id='word_1_448' title='bbox 1190 1463 1261 1494; x_wconf 86' lang='lat' dir='ltr'><strong>Hoc</strong></span> <span class='ocrx_word' id='word_1_449' title='bbox 1281 1467 1314 1494; x_wconf 88' lang='lat' dir='ltr'><strong>te</strong></span> <span class='ocrx_word' id='word_1_450' title='bbox 1328 1486 1338 1503; x_wconf 93' lang='lat'><strong>,</strong></span> <span class='ocrx_word' id='word_1_451' title='bbox 1358 1457 1393 1508; x_wconf 81' lang='lat' dir='ltr'><strong><em>fi</em></strong></span> <span class='ocrx_word' id='word_1_452' title='bbox 1401 1460 1556 1509; x_wconf 83' lang='lat' dir='ltr'><strong>saperes,</strong></span> <span class='ocrx_word' id='word_1_453' title='bbox 1585 1459 1696 1507; x_wconf 85' lang='lat' dir='ltr'><strong>lente,</strong></span> <span class='ocrx_word' id='word_1_454' title='bbox 1725 1459 1862 1498; x_wconf 81' lang='lat' dir='ltr'><strong>decebat</strong></span> <span class='ocrx_word' id='word_1_455' title='bbox 1883 1469 1973 1511; x_wconf 78' lang='lat' dir='ltr'><strong>opus.</strong></span> 
     </span>
     <span class='ocr_line' id='line_1_70' title="bbox 1139 1515 1427 1566; baseline 0.007 -11"><span class='ocrx_word' id='word_1_456' title='bbox 1139 1515 1208 1566; x_wconf 83' lang='lat' dir='ltr'><strong>Ep.</strong></span> <span class='ocrx_word' id='word_1_457' title='bbox 1226 1518 1348 1555; x_wconf 83' lang='lat' dir='ltr'><strong>Herus</strong></span> <span class='ocrx_word' id='word_1_458' title='bbox 1366 1518 1427 1557; x_wconf 85' lang='lat'><strong>81.</strong></span> 
     </span>
    </p>
   </div>
   <div class='ocr_carea' id='block_1_36' title="bbox 1137 1579 2084 1698">
    <p class='ocr_par' dir='ltr' id='par_1_38' title="bbox 1137 1579 2084 1698">
     <span class='ocr_line' id='line_1_71' title="bbox 1187 1579 2084 1631; baseline 0.006 -17"><span class='ocrx_word' id='word_1_459' title='bbox 1187 1583 1287 1615; x_wconf 86' lang='lat' dir='ltr'><strong>Certe</strong></span> <span class='ocrx_word' id='word_1_460' title='bbox 1305 1593 1358 1628; x_wconf 81' lang='lat' dir='ltr'><strong>ego</strong></span> <span class='ocrx_word' id='word_1_461' title='bbox 1377 1590 1454 1618; x_wconf 84' lang='lat' dir='ltr'><strong>tum</strong></span> <span class='ocrx_word' id='word_1_462' title='bbox 1473 1593 1595 1620; x_wconf 84' lang='lat' dir='ltr'><strong>ventos</strong></span> <span class='ocrx_word' id='word_1_463' title='bbox 1612 1583 1773 1622; x_wconf 72' lang='lat' dir='ltr'><strong>audirem</strong></span> <span class='ocrx_word' id='word_1_464' title='bbox 1796 1582 1890 1620; x_wconf 83' lang='lat' dir='ltr'><strong>lenta</strong></span> <span class='ocrx_word' id='word_1_465' title='bbox 1904 1579 2084 1631; x_wconf 63' lang='lat' dir='ltr'><strong>fhnantesl</strong></span> 
     </span>
     <span class='ocr_line' id='line_1_72' title="bbox 1137 1641 1722 1698; baseline 0.012 -21"><span class='ocrx_word' id='word_1_466' title='bbox 1137 1641 1228 1678; x_wconf 87' lang='lat' dir='ltr'><strong>Hoc</strong></span> <span class='ocrx_word' id='word_1_467' title='bbox 1249 1641 1297 1678; x_wconf 91' lang='lat' dir='ltr'><strong>est</strong></span> <span class='ocrx_word' id='word_1_468' title='bbox 1316 1641 1448 1682; x_wconf 82' lang='lat' dir='ltr'><strong>secura.</strong></span> <span class='ocrx_word' id='word_1_469' title='bbox 1469 1645 1508 1682; x_wconf 89' lang='lat'>&amp;</span> <span class='ocrx_word' id='word_1_470' title='bbox 1530 1645 1640 1683; x_wconf 86' lang='lat' dir='ltr'><strong>Trist.</strong></span> <span class='ocrx_word' id='word_1_471' title='bbox 1666 1659 1722 1698; x_wconf 69' lang='lat'><strong>11.</strong></span> 
     </span>
    </p>
   </div>
   <div class='ocr_carea' id='block_1_37' title="bbox 1186 1705 1825 1756">
    <p class='ocr_par' dir='ltr' id='par_1_39' title="bbox 1186 1705 1825 1756">
     <span class='ocr_line' id='line_1_73' title="bbox 1186 1705 1825 1756; baseline 0.014 -16"><span class='ocrx_word' id='word_1_472' title='bbox 1186 1705 1322 1742; x_wconf 82' lang='lat' dir='ltr'><strong>Scenica</strong></span> <span class='ocrx_word' id='word_1_473' title='bbox 1332 1706 1485 1756; x_wconf 67' lang='lat' dir='ltr'><strong>speft&#39;asti</strong></span> <span class='ocrx_word' id='word_1_474' title='bbox 1504 1708 1616 1747; x_wconf 78' lang='lat' dir='ltr'><strong>lentus</strong></span> <span class='ocrx_word' id='word_1_475' title='bbox 1635 1710 1825 1749; x_wconf 75' lang='lat' dir='ltr'><strong>adulteria.</strong></span> 
     </span>
    </p>
   </div>
   <div class='ocr_carea' id='block_1_38' title="bbox 1131 1765 2188 3292">
    <p class='ocr_par' dir='ltr' id='par_1_40' title="bbox 1137 1765 2188 1915">
     <span class='ocr_line' id='line_1_74' title="bbox 1138 1765 2182 1821; baseline 0.008 -21"><span class='ocrx_word' id='word_1_476' title='bbox 1138 1765 1350 1812; x_wconf 90' lang='lat' dir='ltr'><strong>Quomodo</strong></span> <span class='ocrx_word' id='word_1_477' title='bbox 1369 1769 1436 1806; x_wconf 83' lang='lat' dir='ltr'><strong>illis</strong></span> <span class='ocrx_word' id='word_1_478' title='bbox 1459 1771 1550 1809; x_wconf 82' lang='lat' dir='ltr'><strong>locis</strong></span> <span class='ocrx_word' id='word_1_479' title='bbox 1569 1772 1618 1808; x_wconf 89' lang='lat' dir='ltr'><strong>est</strong></span> <span class='ocrx_word' id='word_1_480' title='bbox 1635 1773 1848 1821; x_wconf 82' lang='lat' dir='ltr'><strong>legendum.</strong></span> <span class='ocrx_word' id='word_1_481' title='bbox 1875 1770 1976 1809; x_wconf 84' lang='lat' dir='ltr'><strong>Vide</strong></span> <span class='ocrx_word' id='word_1_482' title='bbox 1997 1771 2115 1809; x_wconf 84' lang='lat' dir='ltr'><strong>Notas</strong></span> <span class='ocrx_word' id='word_1_483' title='bbox 2136 1769 2182 1808; x_wconf 82' lang='lat' dir='ltr'><strong>ad</strong></span> 
     </span>
     <span class='ocr_line' id='line_1_75' title="bbox 1137 1814 2188 1868; baseline 0.007 -18"><span class='ocrx_word' id='word_1_484' title='bbox 1137 1814 1205 1862; x_wconf 83' lang='lat' dir='ltr'><strong>Ep.</strong></span> <span class='ocrx_word' id='word_1_485' title='bbox 1227 1829 1305 1855; x_wconf 87' lang='lat' dir='ltr'><strong>x1x.</strong></span> <span class='ocrx_word' id='word_1_486' title='bbox 1326 1832 1361 1856; x_wconf 87' lang='lat' dir='ltr'><strong>v.</strong></span> <span class='ocrx_word' id='word_1_487' title='bbox 1381 1820 1441 1857; x_wconf 82' lang='lat'><strong>81.</strong></span> <span class='ocrx_word' id='word_1_488' title='bbox 1462 1822 1501 1858; x_wconf 65' lang='grc' dir='ltr'><strong>ὃς</strong></span> <span class='ocrx_word' id='word_1_489' title='bbox 1519 1822 1678 1860; x_wconf 84' lang='lat' dir='ltr'><strong>Remed.</strong></span> <span class='ocrx_word' id='word_1_490' title='bbox 1694 1824 1829 1860; x_wconf 88' lang='lat' dir='ltr'><strong>Amor.</strong></span> <span class='ocrx_word' id='word_1_491' title='bbox 1849 1833 1886 1860; x_wconf 82' lang='lat' dir='ltr'><strong>v.</strong></span> <span class='ocrx_word' id='word_1_492' title='bbox 1909 1832 1993 1868; x_wconf 86' lang='lat'><strong>774.</strong></span> <span class='ocrx_word' id='word_1_493' title='bbox 2011 1821 2114 1858; x_wconf 89' lang='lat' dir='ltr'><strong>Hinc</strong></span> <span class='ocrx_word' id='word_1_494' title='bbox 2133 1835 2188 1868; x_wconf 73' lang='lat' dir='ltr'><strong>re-⁴</strong></span> 
     </span>
     <span class='ocr_line' id='line_1_76' title="bbox 1138 1864 1677 1915; baseline 0.022 -16"><span class='ocrx_word' id='word_1_495' title='bbox 1138 1864 1312 1915; x_wconf 80' lang='lat' dir='ltr'><strong>lentescere</strong></span> <span class='ocrx_word' id='word_1_496' title='bbox 1325 1897 1337 1914; x_wconf 87' lang='lat'><strong>,</strong></span> <span class='ocrx_word' id='word_1_497' title='bbox 1364 1871 1522 1909; x_wconf 90' lang='lat' dir='ltr'><strong>Remed.</strong></span> <span class='ocrx_word' id='word_1_498' title='bbox 1543 1873 1677 1911; x_wconf 80' lang='lat' dir='ltr'><strong>Amor.</strong></span> 
     </span>
    </p>

    <p class='ocr_par' dir='ltr' id='par_1_41' title="bbox 1189 1919 1907 1974">
     <span class='ocr_line' id='line_1_77' title="bbox 1189 1919 1907 1974; baseline 0.015 -22"><span class='ocrx_word' id='word_1_499' title='bbox 1189 1923 1287 1954; x_wconf 85' lang='lat' dir='ltr'><strong>Neve</strong></span> <span class='ocrx_word' id='word_1_500' title='bbox 1305 1919 1503 1971; x_wconf 82' lang='lat' dir='ltr'><strong>relentescat</strong></span> <span class='ocrx_word' id='word_1_501' title='bbox 1514 1922 1612 1974; x_wconf 82' lang='lat' dir='ltr'><strong>saepe</strong></span> <span class='ocrx_word' id='word_1_502' title='bbox 1633 1923 1782 1974; x_wconf 82' lang='lat' dir='ltr'><strong>repulsus</strong></span> <span class='ocrx_word' id='word_1_503' title='bbox 1796 1937 1907 1963; x_wconf 72' lang='lat' dir='ltr'><strong>amor.</strong></span> 
     </span>
    </p>

    <p class='ocr_par' dir='ltr' id='par_1_42' title="bbox 1139 1966 1350 2009">
     <span class='ocr_line' id='line_1_78' title="bbox 1139 1966 1350 2009; baseline 0.028 -6"><span class='ocrx_word' id='word_1_504' title='bbox 1139 1966 1350 2009; x_wconf 67' lang='lat' dir='ltr'><strong>Hmnsxus.</strong></span> 
     </span>
    </p>

    <p class='ocr_par' dir='ltr' id='par_1_43' title="bbox 1133 2023 2187 2626">
     <span class='ocr_line' id='line_1_79' title="bbox 1192 2023 2187 2076; baseline 0.01 -22"><span class='ocrx_word' id='word_1_505' title='bbox 1192 2029 1231 2064; x_wconf 88' lang='lat'><strong>17</strong></span> <span class='ocrx_word' id='word_1_506' title='bbox 1243 2032 1271 2057; x_wconf 89' lang='lat'><strong>1.</strong></span> <span class='ocrx_word' id='word_1_507' title='bbox 1300 2029 1400 2059; x_wconf 84' lang='lat' dir='ltr'><strong>Hanc</strong></span> <span class='ocrx_word' id='word_1_508' title='bbox 1419 2023 1522 2072; x_wconf 85' lang='lat' dir='ltr'><strong>legem</strong></span> <span class='ocrx_word' id='word_1_509' title='bbox 1543 2024 1633 2061; x_wconf 77' lang='lat' dir='ltr'><strong>locus</strong></span> <span class='ocrx_word' id='word_1_510' title='bbox 1650 2025 1708 2062; x_wconf 78' lang='lat' dir='ltr'><strong>ille</strong></span> <span class='ocrx_word' id='word_1_511' title='bbox 1725 2024 1859 2075; x_wconf 86' lang='lat' dir='ltr'><strong>tenet.]</strong></span> <span class='ocrx_word' id='word_1_512' title='bbox 1886 2025 1949 2063; x_wconf 81' lang='lat' dir='ltr'><strong>De</strong></span> <span class='ocrx_word' id='word_1_513' title='bbox 1964 2025 2040 2063; x_wconf 91' lang='lat' dir='ltr'><strong>hoc</strong></span> <span class='ocrx_word' id='word_1_514' title='bbox 2054 2026 2187 2076; x_wconf 66' lang='lat' dir='ltr'><strong>scopu:</strong></span> 
     </span>
     <span class='ocr_line' id='line_1_80' title="bbox 1134 2066 2185 2118; baseline 0.004 -7"><span class='ocrx_word' id='word_1_515' title='bbox 1134 2066 1197 2111; x_wconf 74' lang='lat'><strong>10,</strong></span> <span class='ocrx_word' id='word_1_516' title='bbox 1224 2071 1289 2118; x_wconf 76' lang='lat' dir='ltr'><strong>qui</strong></span> <span class='ocrx_word' id='word_1_517' title='bbox 1314 2073 1419 2111; x_wconf 87' lang='lat' dir='ltr'><strong>saltus</strong></span> <span class='ocrx_word' id='word_1_518' title='bbox 1446 2084 1637 2114; x_wconf 85' lang='lat' dir='ltr'><strong>amantum</strong></span> <span class='ocrx_word' id='word_1_519' title='bbox 1669 2076 1867 2113; x_wconf 88' lang='lat' dir='ltr'><strong>dicebatur.</strong></span> <span class='ocrx_word' id='word_1_520' title='bbox 1902 2075 1979 2113; x_wconf 85' lang='lat' dir='ltr'><strong>vid.</strong></span> <span class='ocrx_word' id='word_1_521' title='bbox 2010 2076 2110 2114; x_wconf 88' lang='lat' dir='ltr'><strong>Serv.</strong></span> <span class='ocrx_word' id='word_1_522' title='bbox 2139 2077 2185 2116; x_wconf 85' lang='lat' dir='ltr'><strong>ad</strong></span> 
     </span>
     <span class='ocr_line' id='line_1_81' title="bbox 1137 2118 2185 2174; baseline 0.012 -21"><span class='ocrx_word' id='word_1_523' title='bbox 1137 2118 1266 2168; x_wconf 85' lang='lat' dir='ltr'><strong>Virgil.</strong></span> <span class='ocrx_word' id='word_1_524' title='bbox 1291 2123 1416 2172; x_wconf 84' lang='lat' dir='ltr'><strong>Eclog.</strong></span> <span class='ocrx_word' id='word_1_525' title='bbox 1435 2138 1487 2162; x_wconf 89' lang='lat' dir='ltr'><strong>1x.</strong></span> <span class='ocrx_word' id='word_1_526' title='bbox 1509 2138 1566 2174; x_wconf 77' lang='lat'><strong>57.</strong></span> <span class='ocrx_word' id='word_1_527' title='bbox 1588 2128 1626 2164; x_wconf 89' lang='lat'>&amp;</span> <span class='ocrx_word' id='word_1_528' title='bbox 1646 2125 1750 2164; x_wconf 87' lang='lat' dir='ltr'><strong>Voff.</strong></span> <span class='ocrx_word' id='word_1_529' title='bbox 1773 2126 1819 2164; x_wconf 87' lang='lat' dir='ltr'><strong>ad</strong></span> <span class='ocrx_word' id='word_1_530' title='bbox 1841 2126 1974 2164; x_wconf 81' lang='lat' dir='ltr'><strong>Catuli.</strong></span> <span class='ocrx_word' id='word_1_531' title='bbox 1991 2139 2103 2165; x_wconf 86' lang='lat' dir='ltr'><strong>carm.</strong></span> <span class='ocrx_word' id='word_1_532' title='bbox 2122 2128 2185 2173; x_wconf 85' lang='lat'><strong>67.</strong></span> 
     </span>
     <span class='ocr_line' id='line_1_82' title="bbox 1135 2168 2186 2225; baseline 0.009 -19"><span class='ocrx_word' id='word_1_533' title='bbox 1135 2168 1293 2209; x_wconf 87' lang='lat' dir='ltr'><strong>Ptolem.</strong></span> <span class='ocrx_word' id='word_1_534' title='bbox 1335 2174 1535 2222; x_wconf 88' lang='lat' dir='ltr'><strong>Hephaest.</strong></span> <span class='ocrx_word' id='word_1_535' title='bbox 1577 2177 1639 2214; x_wconf 88' lang='lat' dir='ltr'><strong>lib.</strong></span> <span class='ocrx_word' id='word_1_536' title='bbox 1669 2189 1741 2215; x_wconf 88' lang='lat' dir='ltr'><strong>v11.</strong></span> <span class='ocrx_word' id='word_1_537' title='bbox 1778 2177 1878 2225; x_wconf 85' lang='lat' dir='ltr'><strong>apud</strong></span> <span class='ocrx_word' id='word_1_538' title='bbox 1903 2177 2081 2215; x_wconf 92' lang='lat' dir='ltr'><strong>Photium</strong></span> <span class='ocrx_word' id='word_1_539' title='bbox 2113 2178 2186 2215; x_wconf 87' lang='lat' dir='ltr'><strong>Ca-</strong></span> 
     </span>
     <span class='ocr_line' id='line_1_83' title="bbox 1135 2226 2187 2277; baseline 0.007 -20"><span class='ocrx_word' id='word_1_540' title='bbox 1135 2231 1238 2258; x_wconf 89' lang='lat' dir='ltr'><strong>none</strong></span> <span class='ocrx_word' id='word_1_541' title='bbox 1258 2235 1348 2262; x_wconf 85' lang='lat' dir='ltr'><strong>cxc.</strong></span> <span class='ocrx_word' id='word_1_542' title='bbox 1369 2226 1433 2274; x_wconf 91' lang='lat' dir='ltr'><strong>qui</strong></span> <span class='ocrx_word' id='word_1_543' title='bbox 1451 2226 1570 2275; x_wconf 88' lang='lat' dir='ltr'><strong>plures</strong></span> <span class='ocrx_word' id='word_1_544' title='bbox 1584 2254 1595 2272; x_wconf 96' lang='lat'><strong>,</strong></span> <span class='ocrx_word' id='word_1_545' title='bbox 1623 2229 1688 2277; x_wconf 92' lang='lat' dir='ltr'><strong>qui</strong></span> <span class='ocrx_word' id='word_1_546' title='bbox 1715 2228 1750 2266; x_wconf 90' lang='lat' dir='ltr'><strong>se</strong></span> <span class='ocrx_word' id='word_1_547' title='bbox 1772 2228 1859 2266; x_wconf 87' lang='lat' dir='ltr'><strong>inde</strong></span> <span class='ocrx_word' id='word_1_548' title='bbox 1878 2229 2187 2277; x_wconf 82' lang='lat' dir='ltr'><strong>praecipitarunt,</strong></span> 
     </span>
     <span class='ocr_line' id='line_1_84' title="bbox 1136 2276 2185 2328; baseline 0.008 -20"><span class='ocrx_word' id='word_1_549' title='bbox 1136 2282 1328 2312; x_wconf 88' lang='lat' dir='ltr'><strong>enumerat</strong></span> <span class='ocrx_word' id='word_1_550' title='bbox 1344 2290 1356 2319; x_wconf 87' lang='lat'>;</span> <span class='ocrx_word' id='word_1_551' title='bbox 1388 2276 1550 2326; x_wconf 75' lang='lat' dir='ltr'><strong>Sapphus</strong></span> <span class='ocrx_word' id='word_1_552' title='bbox 1577 2285 1704 2316; x_wconf 88' lang='lat' dir='ltr'><strong>tamen</strong></span> <span class='ocrx_word' id='word_1_553' title='bbox 1729 2307 1740 2323; x_wconf 89' lang='lat'><strong>,</strong></span> <span class='ocrx_word' id='word_1_554' title='bbox 1778 2278 1880 2328; x_wconf 90' lang='lat' dir='ltr'><strong>quod</strong></span> <span class='ocrx_word' id='word_1_555' title='bbox 1906 2280 2059 2324; x_wconf 87' lang='lat' dir='ltr'><strong>mirere,</strong></span> <span class='ocrx_word' id='word_1_556' title='bbox 2087 2278 2185 2316; x_wconf 79' lang='lat' dir='ltr'><strong>nulla</strong></span> 
     </span>
     <span class='ocr_line' id='line_1_85' title="bbox 1135 2321 2184 2378; baseline 0.006 -19"><span class='ocrx_word' id='word_1_557' title='bbox 1135 2321 1186 2360; x_wconf 89' lang='lat' dir='ltr'><strong>ibi</strong></span> <span class='ocrx_word' id='word_1_558' title='bbox 1214 2323 1254 2361; x_wconf 85' lang='lat' dir='ltr'><strong>fit</strong></span> <span class='ocrx_word' id='word_1_559' title='bbox 1283 2327 1439 2364; x_wconf 88' lang='lat' dir='ltr'><strong>mentio.</strong></span> <span class='ocrx_word' id='word_1_560' title='bbox 1468 2329 1507 2366; x_wconf 90' lang='lat'>&amp;</span> <span class='ocrx_word' id='word_1_561' title='bbox 1538 2328 1753 2368; x_wconf 85' lang='lat' dir='ltr'><strong>Athenaeus</strong></span> <span class='ocrx_word' id='word_1_562' title='bbox 1780 2330 1841 2368; x_wconf 88' lang='lat' dir='ltr'><strong>lib.</strong></span> <span class='ocrx_word' id='word_1_563' title='bbox 1861 2342 1939 2367; x_wconf 81' lang='lat' dir='ltr'><strong>X1v.</strong></span> <span class='ocrx_word' id='word_1_564' title='bbox 1959 2341 1988 2367; x_wconf 90' lang='lat' dir='ltr'><strong>c.</strong></span> <span class='ocrx_word' id='word_1_565' title='bbox 2012 2341 2045 2378; x_wconf 87' lang='lat'><strong>3.</strong></span> <span class='ocrx_word' id='word_1_566' title='bbox 2065 2337 2184 2366; x_wconf 80' lang='lat' dir='ltr'><strong>narrat</strong></span> 
     </span>
     <span class='ocr_line' id='line_1_86' title="bbox 1138 2372 2184 2430; baseline 0.007 -20"><span class='ocrx_word' id='word_1_567' title='bbox 1138 2372 1315 2423; x_wconf 83' lang='lat' dir='ltr'><strong>Calycam</strong></span> <span class='ocrx_word' id='word_1_568' title='bbox 1335 2389 1463 2416; x_wconf 88' lang='lat' dir='ltr'><strong>amore</strong></span> <span class='ocrx_word' id='word_1_569' title='bbox 1491 2379 1640 2422; x_wconf 86' lang='lat' dir='ltr'><strong>Euathli</strong></span> <span class='ocrx_word' id='word_1_570' title='bbox 1660 2389 1803 2430; x_wconf 85' lang='lat' dir='ltr'><strong>captam</strong></span> <span class='ocrx_word' id='word_1_571' title='bbox 1831 2381 1865 2419; x_wconf 92' lang='lat' dir='ltr'><strong>se</strong></span> <span class='ocrx_word' id='word_1_572' title='bbox 1895 2380 2107 2428; x_wconf 84' lang='lat' dir='ltr'><strong>praecipitio</strong></span> <span class='ocrx_word' id='word_1_573' title='bbox 2136 2390 2184 2417; x_wconf 79' lang='lat' dir='ltr'><strong>ex</strong></span> 
     </span>
     <span class='ocr_line' id='line_1_87' title="bbox 1134 2423 2183 2479; baseline 0.004 -18"><span class='ocrx_word' id='word_1_574' title='bbox 1134 2423 1209 2462; x_wconf 88' lang='lat' dir='ltr'><strong>hoc</strong></span> <span class='ocrx_word' id='word_1_575' title='bbox 1225 2425 1376 2476; x_wconf 86' lang='lat' dir='ltr'><strong>scopulo</strong></span> <span class='ocrx_word' id='word_1_576' title='bbox 1395 2429 1628 2470; x_wconf 84' lang='lat' dir='ltr'><strong>interemiffe.</strong></span> <span class='ocrx_word' id='word_1_577' title='bbox 1643 2432 1729 2469; x_wconf 81' lang='lat' dir='ltr'><strong>vide</strong></span> <span class='ocrx_word' id='word_1_578' title='bbox 1750 2433 1788 2469; x_wconf 85' lang='lat'>&amp;</span> <span class='ocrx_word' id='word_1_579' title='bbox 1801 2432 1968 2479; x_wconf 84' lang='lat' dir='ltr'><strong>Scaliger.</strong></span> <span class='ocrx_word' id='word_1_580' title='bbox 1985 2430 2029 2466; x_wconf 88' lang='lat' dir='ltr'><strong>ad</strong></span> <span class='ocrx_word' id='word_1_581' title='bbox 2040 2429 2183 2466; x_wconf 82' lang='lat' dir='ltr'><strong>Auson.</strong></span> 
     </span>
     <span class='ocr_line' id='line_1_88' title="bbox 1136 2476 2184 2527; baseline 0.006 -15"><span class='ocrx_word' id='word_1_582' title='bbox 1136 2476 1271 2524; x_wconf 88' lang='lat' dir='ltr'><strong>Cupid.</strong></span> <span class='ocrx_word' id='word_1_583' title='bbox 1312 2480 1410 2517; x_wconf 87' lang='lat' dir='ltr'><strong>cruci</strong></span> <span class='ocrx_word' id='word_1_584' title='bbox 1448 2481 1612 2519; x_wconf 78' lang='lat' dir='ltr'><strong>affixum.</strong></span> <span class='ocrx_word' id='word_1_585' title='bbox 1655 2494 1692 2519; x_wconf 89' lang='lat' dir='ltr'><strong>v.</strong></span> <span class='ocrx_word' id='word_1_586' title='bbox 1732 2494 1789 2527; x_wconf 74' lang='lat'><strong>24.</strong></span> <span class='ocrx_word' id='word_1_587' title='bbox 1846 2479 2052 2518; x_wconf 86' lang='lat' dir='ltr'><strong>Menander</strong></span> <span class='ocrx_word' id='word_1_588' title='bbox 2085 2479 2184 2527; x_wconf 86' lang='lat' dir='ltr'><strong>apud</strong></span> 
     </span>
     <span class='ocr_line' id='line_1_89' title="bbox 1133 2526 2185 2578; baseline 0.004 -15"><span class='ocrx_word' id='word_1_589' title='bbox 1133 2526 1298 2565; x_wconf 84' lang='lat' dir='ltr'><strong>Strabon.</strong></span> <span class='ocrx_word' id='word_1_590' title='bbox 1318 2530 1381 2567; x_wconf 90' lang='lat' dir='ltr'><strong>lib.</strong></span> <span class='ocrx_word' id='word_1_591' title='bbox 1400 2543 1434 2566; x_wconf 82' lang='lat' dir='ltr'><strong>x.</strong></span> <span class='ocrx_word' id='word_1_592' title='bbox 1450 2532 1608 2578; x_wconf 79' lang='lat' dir='ltr'><strong>primam</strong></span> <span class='ocrx_word' id='word_1_593' title='bbox 1631 2529 1806 2570; x_wconf 84' lang='lat' dir='ltr'><strong>defiluiffe</strong></span> <span class='ocrx_word' id='word_1_594' title='bbox 1829 2543 1876 2569; x_wconf 85' lang='lat' dir='ltr'><strong>ex</strong></span> <span class='ocrx_word' id='word_1_595' title='bbox 1899 2529 2074 2567; x_wconf 87' lang='lat' dir='ltr'><strong>Leucade</strong></span> <span class='ocrx_word' id='word_1_596' title='bbox 2095 2531 2185 2578; x_wconf 35' lang='lat' dir='ltr'><strong>Sap-¹</strong></span> 
     </span>
     <span class='ocr_line' id='line_1_90' title="bbox 1133 2577 1644 2626; baseline 0.01 -12"><span class='ocrx_word' id='word_1_597' title='bbox 1133 2577 1209 2626; x_wconf 91' lang='lat' dir='ltr'><strong>pho</strong></span> <span class='ocrx_word' id='word_1_598' title='bbox 1230 2579 1348 2617; x_wconf 87' lang='lat' dir='ltr'><strong>tradit.</strong></span> <span class='ocrx_word' id='word_1_599' title='bbox 1377 2580 1644 2619; x_wconf 80' lang='lat' dir='ltr'>BURMANNUS.</span> 
     </span>
    </p>

    <p class='ocr_par' dir='ltr' id='par_1_44' title="bbox 1132 2629 2182 2823">
     <span class='ocr_line' id='line_1_91' title="bbox 1189 2629 2181 2682; baseline 0.004 -17"><span class='ocrx_word' id='word_1_600' title='bbox 1189 2640 1269 2678; x_wconf 83' lang='lat'><strong>173.</strong></span> <span class='ocrx_word' id='word_1_601' title='bbox 1295 2635 1362 2680; x_wconf 82' lang='lat' dir='ltr'><strong>Ego</strong></span> <span class='ocrx_word' id='word_1_602' title='bbox 1382 2632 1545 2682; x_wconf 65' lang='lat' dir='ltr'><strong>territa]</strong></span> <span class='ocrx_word' id='word_1_603' title='bbox 1574 2631 1765 2670; x_wconf 83' lang='lat' dir='ltr'><strong>Maffeian.</strong></span> <span class='ocrx_word' id='word_1_604' title='bbox 1782 2629 1929 2679; x_wconf 73' lang='lat' dir='ltr'><strong>frigida.</strong></span> <span class='ocrx_word' id='word_1_605' title='bbox 1958 2631 2181 2670; x_wconf 54' lang='lat' dir='ltr'><strong>emt-mus.</strong></span> 
     </span>
     <span class='ocr_line' id='line_1_92' title="bbox 1132 2679 2182 2731; baseline 0.005 -16"><span class='ocrx_word' id='word_1_606' title='bbox 1132 2679 1273 2728; x_wconf 81' lang='lat' dir='ltr'><strong>Frigida</strong></span> <span class='ocrx_word' id='word_1_607' title='bbox 1292 2682 1412 2731; x_wconf 87' lang='lat' dir='ltr'><strong>scripti</strong></span> <span class='ocrx_word' id='word_1_608' title='bbox 1432 2684 1553 2721; x_wconf 86' lang='lat' dir='ltr'><strong>nostri.</strong></span> <span class='ocrx_word' id='word_1_609' title='bbox 1589 2696 1681 2722; x_wconf 84' lang='lat' dir='ltr'><strong>unus</strong></span> <span class='ocrx_word' id='word_1_610' title='bbox 1712 2682 1864 2719; x_wconf 82' lang='lat' dir='ltr'><strong>Pallida.</strong></span> <span class='ocrx_word' id='word_1_611' title='bbox 1893 2682 2039 2721; x_wconf 68' lang='lat' dir='ltr'><strong>Hnms.</strong></span> <span class='ocrx_word' id='word_1_612' title='bbox 2068 2683 2182 2720; x_wconf 86' lang='lat' dir='ltr'><strong>Fran-</strong></span> 
     </span>
     <span class='ocr_line' id='line_1_93' title="bbox 1134 2732 2182 2782; baseline 0.004 -14"><span class='ocrx_word' id='word_1_613' title='bbox 1134 2732 1348 2771; x_wconf 85' lang='lat' dir='ltr'><strong>cofurtenfis</strong></span> <span class='ocrx_word' id='word_1_614' title='bbox 1366 2742 1637 2782; x_wconf 83' lang='lat' dir='ltr'><strong>pentametrum</strong></span> <span class='ocrx_word' id='word_1_615' title='bbox 1657 2735 1707 2772; x_wconf 77' lang='lat' dir='ltr'><strong>ita</strong></span> <span class='ocrx_word' id='word_1_616' title='bbox 1724 2734 1895 2779; x_wconf 83' lang='lat' dir='ltr'><strong>exhibet,</strong></span> <span class='ocrx_word' id='word_1_617' title='bbox 1923 2740 1995 2771; x_wconf 86' lang='lat' dir='ltr'><strong>Nec</strong></span> <span class='ocrx_word' id='word_1_618' title='bbox 2015 2733 2182 2772; x_wconf 72' lang='lat' dir='ltr'><strong>lacrimas</strong></span> 
     </span>
     <span class='ocr_line' id='line_1_94' title="bbox 1133 2782 1534 2823; baseline 0.012 -5"><span class='ocrx_word' id='word_1_619' title='bbox 1133 2782 1221 2819; x_wconf 76' lang='lat' dir='ltr'><strong>oculi</strong></span> <span class='ocrx_word' id='word_1_620' title='bbox 1242 2784 1434 2821; x_wconf 72' lang='lat' dir='ltr'><strong>continuere</strong></span> <span class='ocrx_word' id='word_1_621' title='bbox 1455 2786 1534 2823; x_wconf 84' lang='lat' dir='ltr'><strong>mei.</strong></span> 
     </span>
    </p>

    <p class='ocr_par' dir='ltr' id='par_1_45' title="bbox 1131 2835 2180 3150">
     <span class='ocr_line' id='line_1_95' title="bbox 1190 2835 2180 2886; baseline 0.003 -16"><span class='ocrx_word' id='word_1_622' title='bbox 1190 2845 1271 2882; x_wconf 78' lang='lat'><strong>175.</strong></span> <span class='ocrx_word' id='word_1_623' title='bbox 1300 2841 1328 2870; x_wconf 92' lang='lat' dir='ltr'>O</span> <span class='ocrx_word' id='word_1_624' title='bbox 1360 2836 1565 2886; x_wconf 57' lang='lat' dir='ltr'><strong>Nympha]</strong></span> <span class='ocrx_word' id='word_1_625' title='bbox 1600 2836 1775 2875; x_wconf 86' lang='lat' dir='ltr'><strong>Vocandi</strong></span> <span class='ocrx_word' id='word_1_626' title='bbox 1813 2835 1916 2874; x_wconf 86' lang='lat' dir='ltr'><strong>casus</strong></span> <span class='ocrx_word' id='word_1_627' title='bbox 1947 2835 1996 2873; x_wconf 90' lang='lat' dir='ltr'><strong>est</strong></span> <span class='ocrx_word' id='word_1_628' title='bbox 2030 2836 2180 2874; x_wconf 82' lang='lat' dir='ltr'><strong>unitatis</strong></span> 
     </span>
     <span class='ocr_line' id='line_1_96' title="bbox 1135 2887 2175 2930; baseline 0.004 -9"><span class='ocrx_word' id='word_1_629' title='bbox 1135 2895 1319 2930; x_wconf 86' lang='lat' dir='ltr'><strong>numero,</strong></span> <span class='ocrx_word' id='word_1_630' title='bbox 1348 2887 1385 2923; x_wconf 85' lang='lat'>&amp;</span> <span class='ocrx_word' id='word_1_631' title='bbox 1408 2888 1552 2925; x_wconf 85' lang='lat' dir='ltr'><strong>Graeco</strong></span> <span class='ocrx_word' id='word_1_632' title='bbox 1575 2900 1680 2926; x_wconf 88' lang='lat' dir='ltr'><strong>more</strong></span> <span class='ocrx_word' id='word_1_633' title='bbox 1698 2889 1919 2925; x_wconf 85' lang='lat' dir='ltr'><strong>enuntiatus.</strong></span> <span class='ocrx_word' id='word_1_634' title='bbox 1947 2887 2175 2925; x_wconf 42' lang='lat' dir='ltr'><strong>Eomvrms.</strong></span> 
     </span>
     <span class='ocr_line' id='line_1_97' title="bbox 1136 2935 2175 2988; baseline 0.001 -17"><span class='ocrx_word' id='word_1_635' title='bbox 1136 2935 1326 2974; x_wconf 85' lang='lat' dir='ltr'><strong>Vocativo</strong></span> <span class='ocrx_word' id='word_1_636' title='bbox 1347 2937 1428 2975; x_wconf 89' lang='lat' dir='ltr'><strong>casu</strong></span> <span class='ocrx_word' id='word_1_637' title='bbox 1448 2940 1607 2988; x_wconf 67' lang='lat' dir='ltr'><strong>Nymphe</strong></span> <span class='ocrx_word' id='word_1_638' title='bbox 1624 2938 1847 2987; x_wconf 82' lang='lat' dir='ltr'><strong>legendum:</strong></span> <span class='ocrx_word' id='word_1_639' title='bbox 1875 2949 1954 2975; x_wconf 90' lang='lat' dir='ltr'><strong>non</strong></span> <span class='ocrx_word' id='word_1_640' title='bbox 1980 2949 2043 2985; x_wconf 90' lang='lat' dir='ltr'><strong>per</strong></span> <span class='ocrx_word' id='word_1_641' title='bbox 2069 2937 2175 2988; x_wconf 81' lang='lat' dir='ltr'><strong>diph-</strong></span> 
     </span>
     <span class='ocr_line' id='line_1_98' title="bbox 1131 2984 2176 3042; baseline -0.002 -19"><span class='ocrx_word' id='word_1_642' title='bbox 1131 2986 1316 3036; x_wconf 83' lang='lat' dir='ltr'><strong>thongum</strong></span> <span class='ocrx_word' id='word_1_643' title='bbox 1342 3017 1352 3032; x_wconf 94' lang='lat'><strong>,</strong></span> <span class='ocrx_word' id='word_1_644' title='bbox 1390 2997 1430 3026; x_wconf 92' lang='lat' dir='ltr'><strong>ut</strong></span> <span class='ocrx_word' id='word_1_645' title='bbox 1461 2989 1499 3026; x_wconf 87' lang='lat' dir='ltr'><strong>in</strong></span> <span class='ocrx_word' id='word_1_646' title='bbox 1536 2989 1751 3039; x_wconf 88' lang='lat' dir='ltr'><strong>quibusdam</strong></span> <span class='ocrx_word' id='word_1_647' title='bbox 1783 2988 1879 3026; x_wconf 67' lang='lat' dir='ltr'><strong>male</strong></span> <span class='ocrx_word' id='word_1_648' title='bbox 1907 2988 2084 3042; x_wconf 42' lang='lat' dir='ltr'><strong>scribitur.</strong></span> <span class='ocrx_word' id='word_1_649' title='bbox 2114 2984 2176 3022; x_wconf 67' lang='lat' dir='ltr'><strong>Est</strong></span> 
     </span>
     <span class='ocr_line' id='line_1_99' title="bbox 1132 3035 2176 3089; baseline 0.002 -15"><span class='ocrx_word' id='word_1_650' title='bbox 1132 3038 1233 3075; x_wconf 91' lang='lat' dir='ltr'><strong>enim</strong></span> <span class='ocrx_word' id='word_1_651' title='bbox 1265 3039 1484 3088; x_wconf 87' lang='lat' dir='ltr'><strong>apostrophe</strong></span> <span class='ocrx_word' id='word_1_652' title='bbox 1511 3041 1557 3078; x_wconf 88' lang='lat' dir='ltr'><strong>ad</strong></span> <span class='ocrx_word' id='word_1_653' title='bbox 1585 3040 1749 3078; x_wconf 81' lang='lat' dir='ltr'><strong>Naidem</strong></span> <span class='ocrx_word' id='word_1_654' title='bbox 1770 3069 1781 3085; x_wconf 95' lang='lat'><strong>,</strong></span> <span class='ocrx_word' id='word_1_655' title='bbox 1821 3041 1922 3089; x_wconf 85' lang='lat' dir='ltr'><strong>cujus</strong></span> <span class='ocrx_word' id='word_1_656' title='bbox 1962 3038 2112 3075; x_wconf 74' lang='lat' dir='ltr'><strong>connlio</strong></span> <span class='ocrx_word' id='word_1_657' title='bbox 2139 3035 2176 3074; x_wconf 72' lang='lat' dir='ltr'><strong>se</strong></span> 
     </span>
     <span class='ocr_line' id='line_1_100' title="bbox 1131 3089 2176 3150; baseline 0.003 -24"><span class='ocrx_word' id='word_1_658' title='bbox 1131 3090 1327 3138; x_wconf 84' lang='lat' dir='ltr'><strong>parituram</strong></span> <span class='ocrx_word' id='word_1_659' title='bbox 1347 3089 1446 3127; x_wconf 83' lang='lat' dir='ltr'><strong>dicit.</strong></span> <span class='ocrx_word' id='word_1_660' title='bbox 1474 3091 1700 3129; x_wconf 67' lang='lat' dir='ltr'><strong>Micrrtus.</strong></span> <span class='ocrx_word' id='word_1_661' title='bbox 2121 3135 2142 3144; x_wconf 42' lang='lat' dir='ltr'><em>u</em></span> <span class='ocrx_word' id='word_1_662' title='bbox 2166 3136 2176 3150; x_wconf 42' lang='grc' dir='ltr'><strong><em>Ἴ</em></strong></span> 
     </span>
    </p>

    <p class='ocr_par' dir='ltr' id='par_1_46' title="bbox 1135 3137 2175 3239">
     <span class='ocr_line' id='line_1_101' title="bbox 1189 3137 2175 3192; baseline 0.001 -14"><span class='ocrx_word' id='word_1_663' title='bbox 1189 3141 1268 3187; x_wconf 82' lang='lat'><strong>178.</strong></span> <span class='ocrx_word' id='word_1_664' title='bbox 1296 3145 1343 3178; x_wconf 84' lang='lat' dir='ltr'><strong>Et</strong></span> <span class='ocrx_word' id='word_1_665' title='bbox 1366 3141 1473 3192; x_wconf 66' lang='lat' dir='ltr'><strong>mea]</strong></span> <span class='ocrx_word' id='word_1_666' title='bbox 1498 3142 1744 3181; x_wconf 85' lang='lat' dir='ltr'><strong>Scriverianus</strong></span> <span class='ocrx_word' id='word_1_667' title='bbox 1766 3141 1846 3178; x_wconf 79' lang='lat' dir='ltr'><strong>haec</strong></span> <span class='ocrx_word' id='word_1_668' title='bbox 1868 3137 2175 3184; x_wconf 62' lang='lat' dir='ltr'><strong>mea‚‹3ux7mw42</strong></span> 
     </span>
     <span class='ocr_line' id='line_1_102' title="bbox 1135 3191 1329 3239; baseline -0.005 -10"><span class='ocrx_word' id='word_1_669' title='bbox 1135 3191 1329 3239; x_wconf 72' lang='lat' dir='ltr'><strong>eleganter.</strong></span> 
     </span>
    </p>

    <p class='ocr_par' dir='ltr' id='par_1_47' title="bbox 1192 3236 2176 3292">
     <span class='ocr_line' id='line_1_103' title="bbox 1192 3236 2176 3292; baseline -0.003 -13"><span class='ocrx_word' id='word_1_670' title='bbox 1192 3238 1272 3279; x_wconf 67' lang='lat'><strong>182..</strong></span> <span class='ocrx_word' id='word_1_671' title='bbox 1300 3242 1416 3292; x_wconf 84' lang='lat' dir='ltr'><strong>Erit.]</strong></span> <span class='ocrx_word' id='word_1_672' title='bbox 1445 3247 1561 3279; x_wconf 77' lang='lat' dir='ltr'><strong>Erunt</strong></span> <span class='ocrx_word' id='word_1_673' title='bbox 1579 3243 1673 3280; x_wconf 85' lang='lat' dir='ltr'><strong>bene</strong></span> <span class='ocrx_word' id='word_1_674' title='bbox 1697 3242 1935 3280; x_wconf 62' lang='lat' dir='ltr'><strong>San-avianus.</strong></span> <span class='ocrx_word' id='word_1_675' title='bbox 1963 3236 2176 3283; x_wconf 64' lang='lat' dir='ltr'><strong>Harusrusl</strong></span> 
     </span>
    </p>
   </div>
   <div class='ocr_carea' id='block_1_39' title="bbox 1137 3293 2178 3390">
    <p class='ocr_par' dir='ltr' id='par_1_48' title="bbox 1137 3293 2178 3390">
     <span class='ocr_line' id='line_1_104' title="bbox 1137 3293 2178 3390; baseline 0.004 -61"><span class='ocrx_word' id='word_1_676' title='bbox 1137 3293 1330 3342; x_wconf 65' lang='lat' dir='ltr'><strong>Consentit</strong></span> <span class='ocrx_word' id='word_1_677' title='bbox 1349 3293 1668 3331; x_wconf 76' lang='lat' dir='ltr'><strong>Francofurtensss.</strong></span> <span class='ocrx_word' id='word_1_678' title='bbox 2006 3338 2073 3390; x_wconf 74' lang='lat'><strong>183</strong></span> <span class='ocrx_word' id='word_1_679' title='bbox 2115 3342 2160 3376; x_wconf 62' lang='lat' dir='ltr'><strong>Po</strong></span> <span class='ocrx_word' id='word_1_680' title='bbox 2176 3341 2178 3343; x_wconf 66' lang='lat'>‚</span> 
     </span>
    </p>
   </div>
  </div>
 </body>
</html>
