2553 3676
793 178 856 235 P.
932 171 1349 233 OVIDII

293 211 390 260 510

1422 170 1960 231 NASONIS

570 273 821 330 Tantum
843 287 915 326 ne
937 266 1145 324 nostros
1167 265 1311 322 avidi
1332 265 1662 339 praedentur
1684 280 1894 320 amores
1911 285 1932 328 ς

469 346 539 404 60

650 346 724 401 Et
749 345 866 399 satis
890 343 994 407 est,
1028 341 1227 415 aliquid
1252 340 1496 423 pauperis
1521 338 1625 393 esse
1649 337 1832 393 finant.

583 422 662 478 At
686 436 830 473 nunc
847 459 860 478 ,
901 427 1164 490 exaequet
1190 427 1402 469 tetricas
1426 413 1553 467 licet
1577 412 1662 466 illa
1687 411 1928 475 SabinaS,

653 492 885 564 Imperat
909 502 970 545 ut
992 503 1204 562 captae,
1241 487 1334 561 qui
1361 485 1489 539 dare
1513 486 1680 539 multa
1702 484 1893 557 potest.

579 565 682 622 Me
709 563 960 638 prohibet
984 562 1185 618 custos:
1227 561 1282 613 in
1305 576 1393 612 me
1418 558 1574 610 timet
1598 557 1683 610 illa
1707 558 1976 613 maritum.

658 637 714 693 Si
738 637 1014 700 dederim,
1053 637 1169 688 totii
1193 631 1355 686 cedet
1381 642 1611 703 uterque
1633 629 1821 684 domo.

473 717 542 784 65
580 713 661 776 O,
699 710 737 766 fi
761 709 989 783 negleffi
1012 708 1295 781 quisquam
1317 704 1470 759 Deus
1493 703 1637 757 ultor
1660 703 1914 768 amantis,

654 785 799 840 Tam
824 783 960 838 male
983 779 1240 855 quaesitas
1263 778 1483 852 pulvere
1508 788 1684 831 mutet
1708 777 1863 849 opes!

340 919 404 968 '592
441 915 578 965 Nostros
601 914 705 952 avidi
735 912 913 951 lucrentur
940 909 1117 960 amores.]
1157 908 1341 946 Liciantur

285 969 506 1010 Puteaneus.
533 979 610 1017 quo
637 968 675 1004 &
704 965 867 1015 optimus
897 965 1078 1002 Palatinus
1107 961 1234 998 alludit
1255 989 1265 1005 ,
1303 961 1340 998 in

288 1034 368 1072 quo
392 1048 403 1065 ,
441 1019 636 1066 ejiciantur.
677 1016 950 1055 Arondelianus
978 1015 1089 1053 etiam
1107 1040 1116 1056 ,
1144 1011 1342 1061 ejiciantur.

287 1085 378 1112 cum
403 1070 543 1109 diversa
560 1068 743 1113 leetione‚
771 1067 1012 1105 velliciantur.
1040 1064 1185 1108 Scribe,
1213 1062 1342 1099 licean-

288 1133 362 1162 tur.
390 1122 499 1160 Liceri
519 1122 556 1159 ὃς
578 1120 709 1157 licitare*
727 1120 886 1169 pretium
906 1117 1039 1156 offerre
1060 1127 1126 1165 pro
1147 1126 1185 1151 re
1206 1114 1342 1152 venali.

288 1174 413 1214 Festus
431 1202 443 1219 ‚
478 1172 646 1215 Licitati‚
673 1171 713 1208 in
740 1169 923 1207 mercando
945 1167 1023 1218 sive
1046 1164 1233 1218 pugnando
1264 1179 1343 1203 con-

289 1226 478 1264 tendentes.
507 1222 606 1260 Vide
634 1223 672 1259 &
704 1221 875 1259 Nonium
905 1221 944 1258 in
970 1217 1106 1257 eodem
1134 1216 1261 1254 verbo.
1298 1217 1341 1255 In

289 1278 369 1317 aliis
402 1273 589 1313 codicibus
618 1272 689 1316 est,
717 1282 913 1316 venentur,
935 1269 1169 1320 praedentur,
1192 1267 1343 1316 precien-

285 1334 375 1372 tur,
404 1325 604 1369 lanientur,
633 1323 828 1367 laetentur,
859 1323 896 1360 δε
925 1322 1066 1359 fimilia.
1103 1319 1271 1356 Verbum
1300 1318 1344 1355 li-

290 1378 357 1415 ceri
377 1378 499 1415 minus
520 1384 655 1413 notum
677 1374 764 1411 loco
789 1376 1064 1422 corrumpendo
1086 1370 1208 1409 ansam
1232 1369 1343 1407 dedit.

288 1428 394 1478 quod
423 1436 550 1465 tamen
581 1426 618 1462 ἃ
649 1425 746 1474 apud
780 1425 992 1463 Martialem
1020 1422 1143 1461 exstat.
1180 1422 1218 1458 &
1248 1420 1345 1471 apud

290 1480 427 1518 Horat.
453 1490 486 1516 1.
503 1478 577 1514 Sat.
597 1487 653 1513 vr.
674 1488 731 1526 13.

826 1526 935 1565 Unius
955 1526 1029 1576 affis

341 1588 624 1630 Nonnumquam
647 1577 757 1628 pretio
782 1578 892 1629 pluris
922 1578 1056 1628 licuisse.

289 1632 421 1672 Caesar
445 1631 505 1669 lib.
533 1643 563 1668 1.
584 1630 671 1667 Bell.
701 1630 795 1668 Gall.
821 1630 878 1667 18.
910 1630 1008 1678 Qia
1028 1643 1061 1667 eo
1084 1627 1206 1667 licente
1227 1635 1347 1667 contra

288 1684 384 1724 liceri
404 1696 501 1720 nemo
522 1680 686 1719 audebat.
708 1681 849 1719 Perfius
871 1681 942 1718 Sat.
967 1693 1004 1719 v.

345 1750 391 1783 Et
411 1754 550 1780 centum
567 1747 711 1779 Graecos
734 1753 828 1780 curto
850 1742 991 1793 centusse
1009 1743 1144 1781 licetur.

289 1804 443 1854 Apulej.
478 1804 538 1841 lib.
571 1817 618 1842 11.
648 1804 808 1841 Metam.
848 1804 883 1840 Si
912 1805 974 1853 qui
1003 1815 1183 1842 mortuum
1206 1803 1352 1853 servare

287 1855 422 1900 vellet,
450 1854 490 1890 de
515 1855 621 1902 pretio
651 1854 822 1892 liceretur.
855 1855 1087 1894 reddendum
1116 1857 1155 1896 id
1185 1855 1352 1895 Phaedro

284 1918 446 1957 quoque
466 1905 528 1942 lib.
548 1918 603 1943 1v.
621 1905 707 1942 Fab.
727 1918 782 1944 ιν.

343 1975 460 2019 Agros
478 1969 616 2005 addicet
635 1969 773 2006 moecha
787 1997 798 2015 ,
826 1980 868 2007 ut
886 1981 1051 2009 ornatum
1065 1979 1188 2022 paret:

343 2026 402 2059 At
421 2019 487 2058 illa
502 2020 656 2069 gandens
671 2029 784 2069 pecore
804 2033 848 2061 (φ’
867 2022 970 2060 lanae
989 2024 1106 2061 dedita

343 2074 577 2123 Quumque
588 2071 735 2120 summa
754 2073 871 2109 tradet
889 2074 1027 2112 licituro
1049 2074 1204 2113 domum.

291 2136 371 2174 Ubi
401 2135 563 2173 luxuriae
589 2136 755 2181 domum,
783 2135 912 2174 insulse
941 2137 1156 2187 legebatur,
1182 2150 1226 2178 (9⁴
1256 2152 1354 2187 agros

292 2186 460 2236 abjiciet3
490 2185 646 2222 addicere
679 2187 717 2224 ὃς
743 2187 891 2223 vendere
919 2190 1112 2238 conjungit
1142 2192 1355 2237 frequenter

293 2238 457 2276 Tullius.
477 2236 596 2286 potest
618 2246 741 2274 tamen
764 2237 903 2287 abjiciet
920 2251 1073 2289 quoque
1095 2241 1190 2277 ferri.
1205 2241 1351 2276 Hiems.

295 2289 488 2326 Liceantur
503 2289 583 2337 jam
607 2288 848 2327 Bersmannus
869 2291 906 2326 in
927 2284 1093 2339 margine
1112 2292 1283 2335 notavit,
1313 2292 1352 2328 Sc

297 2340 496 2389 explicuit,
528 2340 686 2388 pretium
718 2340 755 2377 in
789 2339 962 2379 audione
990 2340 1148 2380 offerant
1176 2354 1243 2391 pro
1268 2353 1353 2380 mea

297 2391 431 2440 puella.
457 2389 517 2428 sed
536 2401 615 2427 non
638 2392 755 2441 agitur
781 2391 841 2428 hic
865 2390 911 2428 de
932 2392 1068 2430 ancillis
1084 2422 1095 2438 ,
1122 2405 1217 2442 quae
1240 2404 1353 2430 vena-

296 2442 349 2480 les
374 2440 444 2479 effe
465 2441 627 2478 solebant
649 2470 658 2486 ‚
687 2454 799 2491 quare
822 2443 911 2480 mihi
931 2444 1137 2493 praeplacet
1156 2444 1269 2482 leetio
1287 2444 1356 2481 Pa-

296 2493 401 2532 latini
430 2493 469 2530 &
502 2491 815 2531 Francofurtenfis
834 2522 845 2538 ‚
883 2505 1078 2541 venentur,-
1108 2495 1169 2533 vel
1186 2495 1356 2544 praeden-

298 2555 370 2581 tur.
408 2543 511 2593 quod
539 2544 648 2580 habet
676 2544 775 2581 idem
807 2544 979 2583 Francof.
1012 2557 1030 2583 a
1061 2558 1175 2584 manu
1199 2545 1357 2584 secunda

299 2596 339 2650 ᾃ
368 2606 460 2632 unus
489 2593 646 2631 Heinfii.
677 2596 796 2633 Cicer.
826 2608 888 2632 111.
912 2596 957 2634 de
987 2596 1066 2633 Off.
1092 2609 1147 2643 17.
1170 2598 1358 2634 Neminem

302 2645 341 2683 ecl
361 2659 470 2694 agere,
481 2656 521 2682 ut
539 2659 580 2683 ex
599 2644 743 2684 alterins
751 2647 941 2698 praedetur
959 2647 1151 2699 inscientia.
1173 2649 1211 2688 &
1226 2649 1359 2689 Noster

819 2807 1342 2878 ELEG

1395 907 1457 946 lib.
1491 919 1520 945 1.
1551 905 1641 944 Am.
1668 917 1733 943 111.
1769 915 1801 943 1.
1829 905 1932 954 Qae
1952 917 2008 942 me
2029 910 2135 954 nuper
2146 899 2320 952 praedata
2335 901 2448 952 puella·

1397 959 1451 1006 est.
1478 966 1671 1008 tamquam
1700 964 1840 994 venatu
1861 968 1949 995 eum
1972 955 2168 994 consecuta
2191 951 2288 991 esset.
2317 954 2356 991 ὃς
2376 954 2448 994 hoc
2499 974 2501 980 ⁴

1398 1009 1508 1047 militi
1549 1008 1834 1046 convenientius
1872 1008 1912 1045 &
1943 1006 2075 1046 ditibus
2097 1035 2108 1051 ,
2152 1006 2239 1056 quia
2267 1005 2342 1042 hoc
2372 1017 2451 1043 ver-

1398 1060 1488 1099 bum
1513 1061 1551 1098 &
1580 1059 1676 1098 bello
1704 1059 1744 1096 &
1777 1060 1929 1098 venatui
1959 1059 2149 1097 convenit.
2176 1055 2262 1095 vide
2287 1055 2389 1104 supra
2406 1055 2451 1095 ad

1399 1112 1523 1161 Epist..
1541 1125 1594 1149 xv.
1623 1123 1704 1158 170.
1728 1109 1893 1161 ideoque
1915 1122 2002 1149 cum
2028 1111 2078 1159 τῷ
2099 1107 2226 1147 venari
2246 1106 2454 1150 confusum.
2502 1120 2503 1145 1

1400 1163 1672 1201 BURMANNUS.

1450 1216 1513 1253 60.
1551 1219 1596 1251 Et
1626 1213 1717 1263 satis
1746 1211 1791 1261 cst
1808 1240 1819 1258 ‚
1842 1211 1997 1261 ,aliquid
2019 1211 2179 1263 pauperis
2204 1209 2262 1259 effl‘
2285 1206 2452 1260 finant.]

1400 1266 1566 1314 Quidam
1597 1265 1743 1303 codices
1769 1263 1942 1312 scriptum
1963 1264 2124 1307 habent,
2153 1261 2339 1312 aliquam,
2366 1259 2456 1299 scili·

1401 1326 1459 1354 cet
1479 1317 1651 1366 puellam.
1671 1317 1851 1352 MARws.
1869 1313 2026 1365 Aliquid
2045 1315 2125 1352 libri
2146 1314 2331 1351 meliores.
2350 1311 2458 1357 Praef
2536 1324 2549 1347 .-

1400 1376 1498 1406 terea
1526 1367 1692 1416 legebam
1714 1395 1725 1412 ,
1762 1366 1803 1402 Jd
1823 1365 1913 1416 satis
1943 1366 1997 1413 est.
2024 1365 2073 1403 fic
2101 1364 2198 1414 apud
2217 1361 2458 1402 Martia1.hb.
2536 1378 2543 1399 ι

1401 1432 1466 1457 111.
1495 1419 1618 1468 Epigr.
1653 1431 1685 1467 5.
1716 1430 1809 1467 pro,
1838 1423 1910 1454 Hoc
1927 1416 2019 1465 satis
2043 1416 2086 1463 est
2112 1416 2193 1453 libri
2215 1422 2384 1458 veteres,
2409 1417 2457 1450 Et
2505 1420 2518 1462 ’,-
2545 1444 2548 1447 Α

1395 1469 1487 1519 fictis
1511 1469 1570 1518 vest.
1609 1470 1735 1518 Lege,
1765 1468 1818 1506 Id.
1846 1467 1946 1506 Vide
1980 1467 2099 1504 Notas
2125 1466 2229 1516 supra
2251 1465 2385 1502 Amor.
2410 1476 2459 1504 11.
2505 1475 2542 1501 νύ

1402 1521 1506 1570 Eleg.
1535 1532 1615 1559 xxv.
1638 1520 1694 1565 >⁷7ss
1721 1532 1779 1567 44.
1806 1519 1898 1557 Hoc
1926 1527 2055 1557 tamen
2081 1518 2170 1556 loco
2199 1516 2291 1555 nihil
2312 1523 2461 1553 mutan·
2490 1538 2507 1555 .=
2538 1526 2549 1553 1

1402 1571 1494 1610 dum
1514 1580 1655 1621 praeter
1682 1570 1969 1610 diffinitionem.
1997 1569 2087 1607 Satis
2111 1569 2160 1606 est
2180 1567 2299 1605 sinant
2321 1563 2461 1616 aliquid
2506 1579 2521 1622 ιν

1404 1622 1476 1662 effe
1495 1624 1673 1673 pauperis.
1700 1623 1916 1660 Hnmsms.
1943 1620 2052 1669 Qeis
2070 1618 2162 1669 satis
2183 1617 2227 1666 est
2250 1618 2386 1655 Douza
2406 1617 2460 1655 le-

1403 1674 1539 1726 gebat,
1559 1674 1597 1713 id
1617 1674 1665 1712 est
1678 1702 1689 1719 ,
1710 1674 1774 1724 qui
1794 1684 1923 1711 amore
1944 1673 1986 1709 &
2008 1672 2140 1721 opibus
2161 1668 2360 1706 abundant.
2390 1667 2464 1707 vid.
2508 1674 2510 1702 ι

1408 1726 1448 1765 &c
1467 1725 1559 1775 supr.
1586 1725 1689 1774 Eleg.
1710 1738 1757 1762 11.
1782 1736 1876 1762 vers,
1895 1723 1960 1762 ult.
1983 1722 2032 1760 est
2052 1734 2142 1760 vero
2163 1720 2225 1758 hic
2245 1718 2375 1768 ellipfis
2398 1718 2462 1757 τοῦ

1398 1776 1435 1828 fi
1444 1807 1454 1823 ‚
1474 1786 1514 1816 ut
1533 1776 1637 1826 saepe
1657 1776 1741 1815 alibi
1758 1776 1983 1813 notavimus.
2002 1773 2078 1812 vid.
2097 1773 2143 1811 ad
2164 1785 2194 1810 1.
2211 1771 2302 1809 Am.
2325 1781 2381 1807 xv.
2399 1781 2460 1819 29.

1410 1830 1448 1868 ὃς
1467 1828 1547 1867 satis
1567 1829 1638 1873 est,
1665 1827 1691 1865 fi
1712 1827 1828 1866 fiuant
1847 1825 1986 1876 aliquid
2003 1824 2074 1863 effe
2093 1823 2273 1874 pauperis.
2295 1821 2428 1859 Eum.

1462 1882 1522 1918 61.
1550 1879 1702 1917 Tetricus
1721 1878 1797 1916 licet
1814 1876 1879 1915 illa
1899 1875 2083 1926 Sabinas.]
2105 1875 2248 1924 Rigidas
2265 1885 2359 1912 unus
2378 1872 2463 1920 Mei
2510 1887 2531 1905 *-

1408 1931 1546 1971 diceus.
1574 1940 1615 1970 ut
1631 1931 1692 1968 lib.
1714 1944 1757 1968 11.
1780 1930 1915 1967 Amor.
1938 1928 2041 1977 Eleg.
2061 1939 2118 1964 1v.

1461 1983 1594 2033 Aspera
1603 1980 1638 2031 fi
1655 1980 1733 2031 v‘t'sa
1755 1980 1798 2028 est
1813 2009 1823 2025 ,
1851 1979 2047 2029 rigidasque
2065 1978 2212 2015 imitata
2230 1975 2390 2014 Sabinas.

1409 2034 1487 2073 Alii
1519 2033 1665 2072 codices
1684 2061 1693 2076 ,
1733 2033 1842 2069 duras
1863 2060 1873 2076 ‚
1903 2032 2038 2078 fortes,
2066 2039 2188 2066 tetras.
2214 2041 2308 2066 unus
2331 2027 2464 2066 Fame-³

1409 2086 1526 2124 fianus
1543 2114 1554 2129 ,
1581 2084 1709 2122 tacitas
1736 2082 1895 2120 Sabinas.
1927 2082 2025 2119 Puto
2046 2109 2056 2126 ‚
2087 2081 2220 2119 Tatias.
2255 2079 2342 2118 vide
2369 2089 2463 2129 quae

1409 2146 1505 2175 noto
1528 2136 1619 2173 Fast.
1643 2148 1673 2173 1.
1693 2134 1747 2178 pls.
1766 2135 1851 2172 261.
1873 2134 2085 2171 Hiemsms.

1462 2188 1524 2237 65.
1551 2186 1586 2223 Si
1607 2185 1784 2236 neglefti]
1815 2185 1926 2222 Forte
1941 2213 1953 2230 ‚
1979 2180 2108 2234 rejeeli.
2134 2182 2210 2221 vid.
2232 2181 2277 2219 ad
2298 2193 2352 2220 xx.
2369 2181 2466 2220 Men·
2512 2203 2516 2225 ;

1410 2251 1492 2288 512.
1514 2238 1729 2276 Hfixnsms.
1759 2236 1831 2274 Sed
1851 2236 1944 2273 nihil
1961 2244 2076 2273 mut-a.
2106 2233 2340 2284 Negliguntur
2359 2234 2459 2270 enim

1407 2289 1554 2339 proprie
1571 2299 1747 2337 pauperes
1767 2299 1786 2324 a
1807 2286 1992 2324 divitibus.
2004 2287 2161 2324 Terent.
2174 2284 2282 2322 Adel.
2295 2296 2348 2322 xv.
2361 2284 2416 2321 Sc.
2430 2293 2463 2332 3.
2514 2290 2515 2294 ’

1408 2346 1548 2389 Propter
1569 2340 1676 2389 suam
1699 2338 1940 2388 impotentiam
1952 2337 1992 2387 se
2008 2336 2141 2386 semper
2165 2335 2311 2373 credunt
2332 2333 2463 2384 negligi.
2520 2344 2538 2365 >⁵

1410 2391 1679 2429 Bummmus.

1465 2444 1524 2479 66.
1552 2441 1705 2479 Pulvere
1737 2438 1888 2489 mutet]
1920 2438 1964 2478 Id
1985 2438 2034 2477 est
2061 2438 2107 2477 ad
2134 2436 2293 2477 nihilum
2316 2436 2465 2487 redigat,

1412 2493 1544 2534 Tibul.
1566 2504 1598 2532 1.
1618 2506 1654 2532 x.
1675 2504 1733 2533 12.
2338 2513 2343 2519 -

1877 2547 1934 2580 At
1952 2547 2048 2578 Deus
2067 2540 2132 2577 illa

1467 2603 1509 2633 In
1532 2596 1677 2633 cinerem
1697 2607 1741 2635 &¹
1761 2593 1917 2644 liquidas
1935 2606 2082 2630 munera
2102 2600 2223 2630 vertat
2240 2603 2365 2640 aquas,

1415 2648 1595 2687 Mfflus.
1624 2653 1744 2687 Vertat
1765 2647 1905 2696 primus
1927 2644 2123 2683 Palatinus.

1439 2809 1624 2876 ΙΑ
1785 2806 1958 2875 ΙΧ.

602 2976 1005 3113 MEmnona
1032 2977 1069 3031 fi
1093 2991 1292 3041 mater,
1329 2990 1500 3032 mater
1528 2976 1756 3048 ploravit
1784 2973 2063 3037 Achillen,

830 3049 903 3104 Et
931 3061 1157 3121 tangunt
1182 3068 1397 3122 magnas
1422 3049 1585 3105 tristia
1608 3048 1715 3103 fata
1737 3046 1914 3109 Dea53

309 3238 667 3340 vzffffffifv'liligiam
687 3239 835 3281 munm
858 3241 897 3280 ἃ
920 3240 1095 3281 emendat
1114 3240 1279 3300 Bartlhius
1297 3239 1359 3282 lib.

2293 3117 2338 3173 F
2337 3116 2464 3173 lebi-

1473 3250 1506 3278 1.
1535 3245 1654 3277 Mater
1677 3236 1872 3289 ploravit.]
1902 3235 2058 3286 Elegans
2089 3233 2201 3273 lec‘tio
2221 3232 2394 3272 Puteanei
2412 3230 2466 3269 al-

1418 3292 1528 3331 terius
1561 3293 1600 3331 &
1630 3290 1880 3331 Menteliani:
1928 3288 1964 3327 Si
2002 3296 2115 3326 mater
2143 3284 2252 3336 flevit
2286 3282 2465 3322 Achillen.

2371 3334 2465 3381 Quo

2547 2035 2551 2045 -
2546 1995 2548 1998 -
2531 1833 2553 1919 μὲ-
2516 1779 2553 1820 ²⁴„-
2530 1682 2553 1760 Λείᾳ-ι

2550 2394 2551 2398 Α
2528 2179 2553 2383 2-thss
2550 2158 2553 2165 .
