2553 3676
319 177 690 235 ARTIS
763 175 1528 234 AMATORIAE
1601 200 1774 237 Lrn.

1850 181 1871 237 I
1881 178 1920 236 I.
2112 184 2170 245 63

2185 201 2211 247 Q?

362 268 474 341 Qui
498 266 589 322 fibi
613 278 770 321 notus
796 263 924 323 erit,
964 260 1101 314 solus
1128 261 1385 333 sapienter
1407 266 1632 330 amabit;

438 343 621 411 Atque
645 352 776 406 opus
801 333 867 386 ad
892 335 1028 386 vires
1053 333 1233 403 exiget
1257 353 1417 391 omne
1442 338 1569 393 suas.

361 412 468 466 Cui
493 409 685 463 faciem
711 417 896 459 natura
922 404 1103 467 dedit,
1140 404 1404 476 speetetur
1429 410 1492 462 ab
1519 413 1630 465 illa:

432 480 539 534 Cui
562 480 711 532 color
735 476 837 540 est,
874 476 1102 531 humero
1129 477 1287 550 saepe¹
1308 491 1523 549 patente
1547 484 1718 538 cubet=

220 575 316 630 505
358 552 468 624 Qui
491 552 733 605 sermone
759 551 959 622 placet,
997 550 1256 605 taciturna
1279 550 1477 605 silentia
1502 571 1733 623 rumpat:

430 625 542 697 Qui
569 625 709 678 canit
733 637 875 686 arte,
912 636 1092 678 canat:
1132 623 1223 695 qui
1249 623 1379 677 bibit
1405 638 1545 685 arte,
1583 626 1740 681 bibat.

355 697 461 753 Sed
487 714 664 769 neque
688 697 990 751 declament
1014 697 1195 750 medio
1220 697 1466 751 sermone
1491 697 1699 762 diserti:

425 770 543 825 Nec
566 772 653 824 sua
677 788 787 824 non
812 769 958 823 sanus
981 769 1173 840 scripta
1196 773 1356 840 poeta
1380 770 1534 841 legat.

356 842 442 897 Sic
467 843 676 896 monuit
701 841 976 896 Phoebus:
1016 840 1242 895 Phoebo
1266 854 1449 912 parete
1474 844 1734 898 monenti.

210 934 311 984 510

420 915 584 969 Certa
607 915 714 968 Dei
737 914 884 968 sacro
911 913 985 968 est
1007 914 1158 994 hujus
1183 913 1238 967 in
1264 930 1358 967 ore
1383 905 1531 968 fides,

349 988 441 1044 Ad
467 988 717 1060 propiora
741 1005 923 1042 vocor.
964 985 1201 1059 quisquis
1225 985 1488 1057 sapienter
1510 986 1735 1051 amabit,

422 1060 652 1124 Vincet,
693 1060 748 1115 &
777 1063 804 1114 e
827 1058 1029 1122 nostra,
1067 1059 1217 1132 quod
1241 1070 1390 1131 petet
1410 1105 1421 1122 ‚
1463 1072 1575 1114 arte
1600 1059 1754 1114 feret.

347 1133 572 1190 Credita
599 1152 698 1188 nec
723 1134 929 1205 semper
954 1132 1081 1187 sulci
1106 1149 1232 1186 cum
1257 1131 1483 1186 foenore
1507 1133 1770 1188 reddunt:

418 1207 537 1262 Nec
559 1207 764 1278 semper
788 1205 971 1259 dubias
999 1204 1207 1275 adjuvat
1235 1222 1358 1258 aura
1382 1217 1535 1259 rateS.

203 1299 299 1350 515
339 1280 507 1353 Quod
529 1279 703 1349 juvat,
742 1279 1026 1348 exiguum3
1053 1278 1168 1348 plus
1192 1275 1292 1340 est,
1316 1277 1467 1350 quod
1491 1277 1653 1333 laedit
1678 1289 1942 1335 amantes:

417 1353 727 1424 Proponant
754 1351 931 1405 animo
957 1351 1123 1405 multa
1146 1350 1367 1406 ferenda
1402 1350 1510 1406 suo

50 1552 176 1591 dubias
197 1554 288 1592 unde
305 1562 474 1605 rumperet
488 1551 682 1604 silentium.
700 1553 870 1592 nondum
890 1561 1016 1592 tamen
1040 1554 1100 1591 vi-

49 1613 100 1641 tet
117 1605 301 1654 displicere
321 1607 437 1643 potest
452 1606 572 1655 ‚quod
601 1607 839 1655 praecipienti
871 1607 984 1654 magis
1008 1617 1098 1642 con-

50 1656 176 1693 venire
202 1657 295 1694 mihi
315 1656 482 1694 ‘cidetun
526 1656 586 1694 sed
614 1656 793 1693 taciturna
815 1654 958 1704 filentia
996 1657 1093 1693 forte

48 1704 155 1743 alicui
183 1718 260 1744 non
287 1707 470 1755 placerent
488 1734 499 1751 ‚
548 1708 586 1744 ὃς
615 1705 924 1743 Francofurtenfis
957 1706 1093 1744 codicis

45 1754 257 1804 scripturam
278 1758 472 1806 praeferret
489 1757 645 1793 nocitura
660 1755 803 1806 silentia
824 1784 834 1799 ‚
871 1768 965 1806 quae
987 1769 1094 1794 amo-

45 1816 125 1843 rem
137 1818 212 1844 non
223 1817 450 1856 promovent
462 1835 473 1852 ,
485 1807 604 1845 sedilli
614 1816 764 1845 nocent.
791 1807 839 1843 ast
849 1807 933 1844 talia
946 1807 1095 1856 opposi-

45 1863 81 1893 ta
102 1856 225 1896 laudat
246 1859 400 1905 Quin-st.
419 1870 530 1896 V111.
550 1870 626 1906 cap.
644 1870 678 1896 2.
699 1858 758 1896 ubi
779 1857 864 1895 vide
893 1859 931 1895 ὃς
961 1860 1007 1895 ad
1032 1859 1093 1896 lib.

51 1917 109 1944 11.
128 1908 221 1946 Met.
241 1909 301 1946 66.
353 1909 483 1946 BuRM.

97 1958 183 2006 508.
211 1960 357 2008 Vesanus
366 1959 496 2009 scripta
512 1961 612 2009 po‘e‘ta
631 1958 760 2009 ἴοιμι]
792 1965 872 1996 Non
884 1959 995 2009 sanus
1011 1959 1091 1998 libri

46 2016 187 2047 veteres
209 2022 293 2047 cuin
312 2009 429 2058 prima
446 2010 620 2048 editione.
659 2012 870 2048 HHNSIUS.
911 2011 965 2048 Ita
995 2023 1092 2060 quo-

44 2070 119 2107 que
138 2072 210 2097 una
226 2061 371 2099 Veneta
381 2061 494 2098 editio
508 2089 519 2106 ,
535 2062 572 2098 &
591 2060 900 2099 Francofurtenfis
914 2073 998 2098 cum
1012 2062 1092 2110 plu-

45 2110 146 2146 rimis
172 2111 271 2154 aliis,
309 2123 420 2160 quam
450 2113 706 2149 revocavimus
734 2112 965 2159 scripturam;
1005 2114 1090 2161 quia

0 2173 1 2190 i
44 2161 157 2196 unice
183 2172 309 2198 veram
341 2160 521 2199 credimus
544 2176 555 2204 ;
593 2174 671 2199 non
708 2163 807 2199 enim
847 2162 946 2199 Naso
974 2163 1091 2210 potest

46 2211 218 2248 omnibus
241 2212 363 2249 Poetis
394 2213 623 2260 praecipere,
651 2224 699 2249 ne
723 2213 843 2261 legant
862 2212 987 2260 scripta
1006 2213 1088 2257 sua,

43 2259 155 2309 idque
173 2262 349 2309 insaniam
367 2274 524 2299 vocare:
547 2264 621 2300 hoc
644 2264 742 2301 enim
764 2262 835 2310 ipse
847 2263 949 2310 saepe
968 2264 1088 2301 facere

44 2309 202 2357 solebat,
222 2314 260 2350 &
280 2313 397 2351 modo
416 2315 571 2351 amatori
583 2313 710 2351 auctor
730 2314 797 2352 fuit
807 2313 864 2357 fis.
878 2314 962 2361 283.

664 2365 837 2401 Carmina
857 2364 956 2401 letter

95 2413 317 2449 Commendet
337 2414 431 2451 dalei
449 2414 716 2465 qualiacumque
732 2416 822 2464 sono.

47 2461 118 2498 Sed
138 2464 211 2498 hoc
229 2465 323 2511 agit,
358 2473 397 2501 ut
422 2465 572 2513 quisque
593 2465 627 2502 se
647 2466 771 2503 noscat
784 2494 794 2510 ,
823 2466 861 2503 δε
890 2465 915 2503 fi
935 2477 1084 2504 carmen

44 2510 118 2548 sani
139 2513 270 2550 coloris
291 2525 366 2550 non
388 2518 549 2561 potuerit
566 2514 721 2560 struere,
755 2525 844 2553 tunc
874 2525 1005 2553 monet
1025 2518 1086 2553 ab·

6 2566 9 2612 l
44 2560 248 2600 slinendum
277 2564 320 2600 ab
351 2575 397 2601 eo
422 2563 580 2613 legendo
604 2593 615 2609 ‚
659 2577 707 2602 ne
743 2566 910 2603 ridiculus
945 2566 1086 2603 evadat.

45 2609 282 2661 Praeceptum
315 2626 401 2663 ergo
431 2615 506 2652 hoc
536 2623 678 2653 tanturn
706 2616 838 2653 Poetas
871 2629 937 2652 non
957 2617 1084 2665 sanos,

45 2660 85 2698 δε
105 2662 219 2699 malos
237 2664 397 2712 respicit,
425 2677 503 2702 non
525 2665 605 2702 illos
620 2694 629 2710 ,
666 2668 730 2714 qui
754 2667 939 2715 egregium
963 2669 1000 2704 &
1030 2679 1086 2704 re-

12 2736 13 2759 3
45 2711 147 2749 ‘frum
166 2724 307 2752 carmen
329 2728 487 2764 pangere
510 2714 669 2764 possunt.
706 2717 759 2754 lta
782 2718 968 2766 malesanos
989 2719 1087 2755 Poe'-

12 2766 13 2789 }
43 2770 97 2799 tas
122 2764 292 2801 Horatius
315 2777 345 2803 1.
369 2767 479 2815 Epist.
502 2779 579 2804 xxx.
604 2776 725 2805 vocat.
754 2769 791 2805 &
822 2768 867 2805 de
886 2768 926 2805 iis
954 2768 999 2806 ad
1018 2770 1086 2806 Pe·-

43 2814 157 2851 tronii
175 2825 250 2862 cap.
271 2827 312 2851 11.
333 2818 485 2864 egimus.
513 2817 610 2855 &sic
623 2819 818 2866 capiendus
838 2831 989 2868 quoque
1003 2831 1083 2856 ver-

42 2863 96 2900 sus
138 2865 352 2911 praecedens
371 2894 382 2911 ‚
428 2879 474 2904 ne
518 2869 594 2905 aliis
631 2869 797 2905 declamet
833 2869 977 2917 dtfirtas
1010 2870 1084 2916 (ita

44 2915 155 2950 etiam
173 2915 302 2963 legitur
321 2916 357 2952 in
379 2917 590 2955 Sarraviano
605 2920 642 2955 ὃ(
655 2919 797 2957 duobus
808 2920 990 2965 Palatinis)
1018 2921 1085 2958 sci-

42 2963 127 3001 licet
149 2964 209 3009 sibi
231 2965 323 3001 visus
337 2965 415 3008 ‚sed
426 2969 488 3016 qui
500 2969 608 3004 medio
628 2978 771 3007 tantum
787 2971 939 3014 sermone
958 2971 1084 3008 facun—

44 3012 109 3052 dus
130 3015 198 3058 est,
227 3016 264 3052 id
285 3015 333 3052 est
355 3016 442 3070 vili,
467 3018 610 3066 plebejo
638 3022 676 3057 ὃς
699 3020 869 3065 sordido,
897 3023 980 3070 quia
1006 3022 1084 3059 talis

43 3067 164 3102 oratio
186 3095 194 3109 ‚
232 3067 292 3103 seu
320 3074 440 3113 potius
479 3066 695 3115 declamatio
725 3071 825 3120 quasi
849 3084 894 3109 ex
924 3073 1084 3110 formula

20 3119 22 3135 ¹
45 3116 268 3164 compofita,
297 3128 372 3153 non
395 3128 439 3153 ex
461 3117 586 3153 animo
606 3124 798 3165 provenire
820 3149 828 3162 .
856 3122 915 3160 sed
938 3123 1086 3161 afferra-

46 3173 123 3203 tum
144 3168 180 3204 ὃς
202 3166 417 3204 meditatum
438 3179 604 3204 amorem
633 3170 773 3216 puellae
801 3173 905 3210 facile
932 3174 1087 3222 prodere

49 3216 202 3254 videtur.
223 3218 270 3254 est
287 3230 374 3265 ergo
394 3219 525 3254 medias
539 3218 651 3266 sermo
665 3245 675 3262 ,
703 3231 747 3256 ex
761 3223 886 3261 medio
905 3225 942 3262 ὃς
961 3226 1087 3274 quoti-

50 3265 158 3315 diano
177 3268 287 3316 plebis
310 3268 383 3308 usu.
410 3270 460 3308 ita
479 3280 514 3321 νγ.
534 3268 642 3309 Trist.
662 3281 734 3309 vri.
755 3282 812 3319 53.

2043 1436 2201 1509 Quot

1206 1552 1303 1590 Ullus
1321 1553 1358 1591 in
1378 1553 1438 1590 hoc
1459 1552 1526 1590 vix
1544 1551 1587 1599 est
1603 1551 1742 1602 populo,
1770 1552 1832 1602 qui
1851 1554 1944 1599 fhrte
1964 1550 2089 1590 Latine

1258 1604 1441 1654 ⁴(Qaelibet
1460 1605 1477 1641 ἒ
1494 1603 1605 1641 medio
1625 1603 1761 1642 reddere
1778 1603 1885 1641 verba
1905 1613 2021 1654 queat.

1156 1668 1227 1693 vu.
1252 1655 1410 1692 Metam.
1438 1655 1523 1701 674.

1203 1712 1320 1742 Pauca
1332 1706 1429 1755 prius
1450 1705 1572 1742 mediis
1582 1704 1797 1754 sermonibus
1814 1704 1872 1742 ille
1896 1705 2041 1742 locutus.

1151 1756 1194 1794 Id
1214 1757 1263 1795 est
1288 1755 1464 1805 vulgatis,
1491 1756 1642 1806 publicis
1662 1757 1700 1794 δε
1719 1756 1954 1795 transsatitiis:
1969 1756 2008 1793 &
2029 1754 2092 1794 lib.
2103 1761 2197 1806 vm}

1150 1808 1174 1844 6
1199 1819 1235 1845 o.

1178 1821 1336 1895 §Interea
1356 1857 1478 1895 mediis
1488 1856 1629 1905 fallunt
1639 1855 1855 1908 sermonibus
1878 1856 1991 1896 horas.

1150 1910 1205 1946 Ut
1235 1909 1284 1947 ibi
1305 1909 1501 1959 legendum
1532 1917 1636 1957 puto.
1663 1909 1785 1945 Media
1807 1907 1915 1945 verba
1935 1908 2031 1957 apud
2062 1910 2201 1958 Quinti

1150 1959 1257 1997 Decl.
1286 1972 1384 1997 xvir.
1414 1973 1469 2008 15.
1504 1971 1731 2009 quamquam
1766 1959 1826 1997 illa
1851 1959 1954 2011 aliter
1979 1961 2058 2008 capi
2094 1959 2197 2008 posse

1148 2022 1226 2048 non
1244 2010 1414 2048 diffiteor.
1442 2011 1492 2048 ita
1511 2011 1627 2047 media
1650 2010 1743 2058 plebs
1768 2012 1806 2047 ὅ(
1828 2009 1957 2047 similia
1978 2011 2125 2048 Nostro.
2149 2011 2197 2049 de

1147 2062 1277 2110 quibus
1297 2061 1373 2098 vid.
1394 2061 1538 2098 Celebr.
1560 2062 1695 2098 Graev.
1715 2060 1760 2098 ad
1782 2061 1901 2098 Cicer.
1923 2073 1952 2097 1.
1972 2060 2017 2098 de
2038 2061 2198 2110 Offic.3.‚

1146 2112 1309 2161 apposite
1322 2111 1536 2149 Victorinus
1556 2112 1593 2149 in
1615 2112 1713 2149 Artis
1731 2112 2006 2149 Grammaticae
2019 2112 2198 2160 pincipio.

1146 2174 1226 2211 pag.
1260 2174 1366 2211 1939.
1403 2162 1465 2199 ubi
1494 2162 1582 2199 dicit
1614 2162 1853 2200 Latinitatem
1892 2162 2054 2200 constare
2084 2162 2195 2200 tribus

1146 2213 1289 2256 modis,
1319 2212 1472 2257 ratione,
1499 2213 1726 2256 auctoritate,
1750 2212 2003 2261 consuetudine.
2029 2213 2119 2249 hane
2137 2212 2194 2260 esse

1146 2277 1234 2313 quae
1251 2264 1428 2300 dofflorum
1449 2264 1568 2308 modo,
1591 2263 1753 2312 loquendi
1776 2263 1837 2310 usu
1853 2263 1985 2312 placita
2007 2263 2194 2312 affumpta-

1144 2328 1209 2364 que
1219 2315 1317 2363 fient.
1346 2316 1396 2352 ita
1417 2314 1530 2352 edidit
1548 2315 1756 2358 Putschiu33
1785 2314 1846 2351 sed
1874 2314 1965 2351 ratio
1988 2316 2025 2352 &
2044 2312 2195 2350 auetori-

1144 2374 1199 2401 tas
1226 2365 1361 2414 spectat
1389 2366 1534 2413 proprie
1567 2365 1697 2402 doaos
1718 2393 1728 2410 ‚
1766 2365 1967 2412 consuetudo
1997 2364 2191 2413 populum,

1142 2427 1255 2464 quare
1283 2428 1328 2453 ex
1346 2416 1427 2453 MS.
1452 2415 1581 2463 Jacobi
1610 2417 1745 2458 Revfi,
1776 2427 1889 2464 quem
1921 2415 2077 2452 contulit
2097 2414 2191 2452 olim

1143 2465 1316 2504 Heinfius
1335 2494 1344 2509 ,
1374 2467 1454 2515 lege
1467 2495 1476 2511 ,
1505 2467 1744 2512 consuetudine
1771 2478 1885 2501 eorum
1899 2492 1908 2508 ‚
1938 2477 2025 2514 quae
2042 2467 2060 2500 e
2078 2464 2190 2501 medio

1142 2516 1302 2567 loquendi
1325 2516 1387 2565 ufic
1403 2517 1546 2566 placita.
1574 2517 1621 2554 fic
1640 2517 1790 2553 damnat
1820 2526 1907 2562 ergo
1937 2515 2097 2562 plebejas
2123 2514 2190 2552 de-

1142 2567 1379 2605 clamationes
1406 2595 1417 2611 ,
1454 2579 1540 2604 nam
1573 2579 1698 2603 veram
1730 2567 1768 2603 δε
1796 2564 1947 2602 solidam
1975 2565 2189 2603 facundiam

1142 2619 1251 2654 etiarn
1287 2618 1508 2654 amatoribus
1532 2615 1811 2654 commendavit
1828 2615 1930 2663 supra
1949 2615 2006 2658 ybs.
2036 2626 2120 2665 223.
2149 2617 2191 2654 &

1139 2668 1381 2717 sequentibus.
1406 2669 1509 2705 &ita
1529 2668 1644 2704 malos
1662 2675 1803 2704 tantum
1816 2666 1963 2710 Po'e'tas,
1993 2666 2189 2714 &ineptos

1141 2718 1404 2757 declamatores
1421 2720 1494 2756 lioc
1507 2718 1658 2755 disticho
1679 2718 1804 2766 tangit.
1832 2716 1990 2754 Zinzerl.
2007 2717 2191 2755 Promuls.

1141 2781 1218 2817 cap.
1240 2782 1352 2806 xxirr.
1381 2770 1565 2807 duriorem
1589 2769 1741 2805 faciebat
1761 2767 1903 2804 versum
1921 2766 2080 2816 legendo
2095 2774 2190 2811 ,Nec

1131 2821 1201 2868 saa
1230 2835 1289 2856 nee
1300 2820 1433 2868 sanus:
1462 2819 1521 2856 sed
1553 2832 1619 2854 non
1652 2818 1701 2856 est
1730 2818 1889 2856 mollius.
1916 2819 1989 2863 ita,
2017 2830 2085 2854 non
2097 2818 2187 2867 sano

1132 2871 1216 2920 pede
1243 2871 1331 2908 Fast.
1365 2883 1396 2907 1.
1417 2871 1499 2917 506.
1553 2869 1819 2906 Brinnianum.

1193 2933 1274 2970 513.
1302 2921 1468 2970 Qisqm's
1478 2919 1649 2970 fizpienter
1667 2917 1842 2968 amabit.]
1872 2918 2022 2956 Reetius
2042 2916 2186 2956 fortasse

1139 2973 1177 3009 in
1203 2973 1413 3015 nonnullis,
1435 2972 1608 3020 patienter
1630 2970 1779 3008 amabit.
1815 2971 2072 3007 NAuGffluus.
2107 2968 2184 3005 vid.

1138 3022 1213 3070 sup.
1234 3022 1342 3070 Epist.
1363 3036 1407 3059 11.
1428 3034 1485 3068 27.

1192 3085 1276 3121 515.
1321 3072 1426 3120 §Quod
1462 3071 1581 3109 laedit.
1608 3071 1625 3121 ]
1673 3072 1807 3109 Laedat
1851 3071 1970 3120 scripti
2007 3070 2185 3118 potiores.

1142 3124 1354 3160 Hrmsms.
1382 3123 1531 3161 mallem
1551 3122 1786 3171 distinguere:

1457 3174 1541 3210 Plus
1559 3173 1601 3220 est
1622 3174 1713 3223 quod
1735 3174 1854 3211 laedit.
1882 3175 2055 3208 Amantes

1194 3231 1387 3274 Proponant
1408 3236 1480 3264 effic.

1141 3277 1197 3323 Ut
1212 3277 1323 3325 juvas
1345 3277 1383 3314 ὅ(
1405 3275 1511 3314 laedit
1530 3274 1736 3323 simpliciter
1755 3273 1823 3310 sint
1851 3269 1977 3320 posita.
2006 3269 2136 3308 Euam.

1646 3323 1747 3361 Llll
1980 3333 2062 3370 517.
2090 3322 2190 3370 Qec,
