2553 3676
713 68 743 94 ¹-

592 169 1131 232 AMORUM.
1199 191 1373 230 Ltss.

344 408 526 477 Atque
549 406 647 465 ita,

232 908 301 957 60

1447 175 1553 233 11²1.
1629 187 1676 235 6.

2091 199 2153 244 45>

350 259 511 319 Hanc
537 264 700 318 amnis
724 257 915 329 rapidis
939 257 1199 312 animosus
1224 260 1359 316 vidit
1385 262 1448 316 ab
1470 264 1658 326 undis;

417 337 704 403 Raucaque
730 330 799 382 de
822 329 1011 383 mediis
1038 329 1234 383 sustulit
1260 350 1353 386 ora
1376 335 1549 390 vadis:

687 402 836 472 Quid
862 399 1058 455 nostras
1073 441 1097 466 ‚i
1124 402 1325 475 inquit,
1362 407 1487 458 teris
1511 409 1662 462 anxia
1689 410 1824 482 ripas
1839 449 1856 474 ‚

420 477 534 537 Ilia,
558 474 620 527 ab
647 473 804 526 Idaeo
830 473 1209 528 Laomedonte
1235 476 1435 545 genus?

239 566 302 615 55
341 548 469 619 Quo
494 547 663 599 cultus
687 545 862 599 abiere
888 546 997 598 tui?
1038 546 1168 618 quid
1192 547 1297 600 sola
1322 548 1558 619 vagaris?

413 618 564 673 Vitta
588 635 688 670 nec
713 617 939 672 evinctas
965 618 1191 690 impedit
1214 619 1327 673 alba
1349 621 1558 674 comas?

341 689 491 762 Quid
518 689 640 752 fleS,
679 688 734 742 δε
759 690 1002 744 madidos
1026 691 1252 745 lacrimis
1274 692 1574 763 corrumpis
1597 694 1826 747 ocellos?

413 761 744 833 Pectoraque
768 762 946 816 insanit
971 762 1171 833 plangis
1195 776 1373 834 aperta
1397 765 1589 818 manu?

338 833 427 888 Ille
453 833 616 906 habet
637 834 691 885 &
715 833 915 896 filiceS,
947 834 1000 887 δε
1027 835 1208 889 vivum
1230 836 1284 888 in
1312 835 1529 906 pectore
1555 836 1784 900 ferrum,

411 905 524 977 Qui
552 919 740 960 tenero
763 906 1000 960 lacrimas
1024 906 1198 962 lentus
1220 907 1275 962 in
1300 925 1395 961 ore
1419 906 1586 962 videt,

2068 980 2154 1039 Ilia
2170 1023 2197 1050 ,-

50 1111 107 1164 fus
130 1124 219 1152 vero
252 1114 297 1153 ad
324 1116 455 1154 Horat.
485 1128 516 1156 1.
547 1118 623 1157 Od.
658 1129 690 1165 7.
718 1117 884 1168 legebat,
912 1117 1085 1168 Pomisera

54 1177 144 1201 arva
163 1165 264 1214 rigas.
290 1166 552 1206 Bunmmrus.

101 1226 158 1262 47.
187 1219 363 1262 Qamvis
387 1228 462 1254 erat
488 1218 629 1255 horrida
649 1218 794 1268 vultus]
825 1219 936 1256 Cultu
954 1219 1086 1256 melio-

50 1276 105 1302 res
132 1277 215 1302 cum
245 1269 359 1315 prima
389 1268 564 1307 editione.
601 1270 638 1306 &
665 1270 739 1307 hoc
765 1282 895 1306 verum
925 1268 985 1306 est.
1021 1269 1086 1306 nifi

48 1315 151 1364 quod
173 1317 309 1355 Moreti
332 1330 444 1362 unus,
470 1319 611 1356 horrida
638 1320 759 1356 cultus.
785 1330 826 1357 ut
852 1319 894 1357 fit
921 1319 1084 1356 Graecis·

49 1376 141 1403 mus.
168 1367 258 1404 infra
275 1368 410 1417 Tybris
429 1369 474 1407 ad
493 1371 594 1409 iliam
608 1398 619 1415 ‚
646 1373 723 1419 Qo
742 1370 853 1407 cultus
873 1369 983 1407 abiere
1003 1369 1083 1409 tui?

50 1417 259 1455 Hrmsms.

99 1479 158 1514 49.
187 1467 253 1504 Illa
275 1483 409 1517 gemens
426 1471 610 1522 patruique
631 1471 766 1521 nefas]
796 1471 974 1510 Existimo
1001 1470 1084 1509 scri-

47 1514 229 1605 Βεηάωὲι,
250 1529 485 1571 patruumque
511 1523 617 1570 nefas.
644 1522 692 1560 fic
714 1524 752 1560 ὃ(
773 1522 905 1560 Noster
927 1522 1085 1560 Metam.

47 1579 101 1605 11.
129 1580 171 1617 32
204 1598 211 1606 .

97 1620 212 1667 Qem
226 1621 255 1707 l(
267 1620 390 1669 misera
422 1622 438 1658 ὂ
457 1622 567 1671 pietas
580 1624 619 1671 l)
649 1636 701 1672 ego
719 1632 797 1660 tum
811 1632 1007 1674 patruoque·
1024 1621 1086 1659 do-

240 1685 330 1708 orem

96 1721 206 1757 Corde
227 1721 294 1759 tuli
306 1750 315 1764 ‚
334 1721 513 1772 fratrique
525 1722 582 1772 pio
593 1722 722 1772 selatia
743 1724 832 1763 dixi.

50 1770 135 1809 Lib.
157 1783 227 1808 ΧΠ.
249 1772 331 1820 598.

94 1822 239 1859 Annuit
256 1850 266 1865 ‚
293 1833 398 1870 atque
416 1823 532 1861 animo
545 1823 679 1873 pariter
693 1833 883 1875 patruoque
896 1824 1029 1874 suoque

98 1872 220 1908 Delius
237 1872 431 1920 indulgens.

43 1920 113 1961 Sic
134 1922 359 1960 scribendum
399 1931 556 1972 utroque
588 1924 675 1962 loco
704 1937 749 1962 ex
776 1926 930 1975 optimis
962 1937 1084 1962 mem-

47 1971 173 2011 branis.
200 1981 239 2010 ut
262 1973 480 2011 &Fastsxw
502 1975 666 2022 55.-Enfe
686 1975 779 2011 cadit
791 1985 918 2025 patruo
939 1976 1082 2023 Lausus.

45 2023 141 2071 apud
171 2024 367 2061 Maronem
397 2035 547 2072 quoque
579 2026 616 2062 in
639 2026 780 2063 vetusto
808 2026 937 2063 codice
962 2026 1082 2063 Ham-

44 2072 209 2121 burgenfi
227 2082 411 2112 exaratum
431 2073 570 2112 offendi
590 2075 778 2113 Aeneidos
798 2076 900 2113 sexto
920 2088 1004 2121 402.

99 2123 202 2171 Casta
220 2123 296 2160 licet
307 2133 474 2173 patruum
487 2124 604 2173 fervet
625 2126 821 2176 Proserpina
843 2126 962 2162 limen.

49 2172 162 2222 Apud
195 2175 392 2212 Horatium
422 2175 558 2220 habes,
591 2185 739 2225 patruae
766 2175 1083 2224 verbera‘linguae.

47 2224 225 2262 'Marciam
243 2224 390 2273 Capella
404 2225 466 2262 lib.
487 2237 519 2263 1.
537 2238 617 2274 pag.
635 2238 694 2276 23.
712 2226 809 2264 Edit.
833 2227 941 2264 Grot.

99 2273 165 2310 Hic
185 2287 314 2324 quoque
322 2273 372 2324 fic
384 2276 519 2324 patruis
531 2275 646 2323 servit
664 2276 857 2314 honoribus.

49 2324 146 2362 Vide
163 2325 208 2362 ad
226 2326 415 2363 Claudian.
430 2326 553 2375 Epith.
571 2328 718 2366 Honor.
737 2340 774 2366 v.
795 2339 853 2377 39.
871 2327 1083 2365 Hnmsxus.

49 2374 131 2423 Ego
154 2383 278 2413 contra
301 2376 445 2413 codices
465 2377 555 2414 nihil
575 2389 714 2415 moveo
728 2405 737 2421 ,
750 2390 820 2415 nec
839 2378 980 2426 semper
998 2379 1082 2416 talia

49 2424 264 2463 intrudenda
284 2427 405 2464 invitis
423 2427 641 2465 membranis
662 2436 766 2476 puto.

103 2486 160 2523 50.
187 2481 251 2511 Per
267 2476 337 2512 loca
348 2476 459 2524 so'la.]
490 2481 555 2513 P'er
572 2477 642 2513 Iaca
654 2476 744 2526 ficca
759 2476 929 2515 P'olitiani
947 2490 1049 2515 unus.

102 2538 159 2573 51.
187 2526 280 2562 Vidit
309 2526 352 2562 ab
377 2526 519 2576 undis.]
552 2533 590 2562 ln
619 2528 721 2564 undis
749 2529 951 2566 Puteaneus
971 2530 1081 2572 alter,

48 2574 216 2615 Francof.
235 2576 310 2614 duo
330 2577 467 2614 Moreti
482 2605 491 2620 ‚
521 2579 556 2613 ὅ(
578 2578 754 2615 tredecim
772 2579 842 2615 alii.

104 2626 160 2673 56.
186 2626 390 2675 livinum]
421 2626 573 2663 Incultas
595 2628 761 2665 Francos.
784 2629 968 2677 Neapolit.
991 2629 1081 2666 Mo·

50 2677 118 2713 reti
137 2675 233 2719 duo,
263 2678 299 2713 &
329 2677 528 2715 Vaticanus
557 2689 661 2715 unus.
691 2678 763 2715 vicl.
789 2691 834 2715 11.
856 2678 945 2716 A'm.
967 2691 1000 2716 v.
1020 2692 1079 2727 45.

51 2726 140 2763 alter
156 2725 319 2763 Politiani
334 2755 344 2771 ‚
369 2727 531 2774 impexas.
557 2728 657 2777 quod
681 2728 836 2766 Heinsio
862 2738 942 2766 non
962 2730 1081 2777 displi-

54 2775 168 2812 cebat.
196 2775 278 2812 vide
296 2776 385 2824 supr.
404 2778 503 2826 Eleg.
526 2790 556 2815 r.
577 2791 610 2823 7.
636 2780 732 2816 reete
752 2788 874 2816 autem
895 2779 969 2816 fine
990 2782 1080 2818 vitta

50 2825 190 2880 inducit
208 2825 308 2880 Iliam
327 2854 337 2870 ,
364 2828 448 2876 quia
468 2829 592 2865 vitiata
619 2838 693 2866 erat
706 2857 716 2873 ,
735 2830 1055 2879 virginitatemque
1068 2858 1079 2874 ‚

53 2876 154 2924 cujus
182 2878 318 2922 milgne
344 2878 431 2914 vitta
452 2906 462 2922 ,
498 2878 712 2926 perdiderat.
747 2892 813 2927 pro
841 2879 944 2924 alba,
974 2881 1079 2917 multi

1195 1120 1254 1170 58.
1293 1121 1444 1171 plangis.
1464 1119 1481 1171 ]
1520 1121 1692 1160 Percutis.
1735 1121 1891 1170 Legitur
1927 1121 1966 1158 ὅτ
1988 1120 1999 1165 ’,
2034 1122 2187 1161 Tundisz

1140 1178 1339 1221 utrumque
1358 1173 1463 1210 bene.
1490 1172 1649 1209 Acerba:
1678 1179 1760 1216 aut,
1783 1181 1824 1209 tu
1843 1171 1995 1209 crudelis
2008 1200 2019 1217 ‚
2038 1181 2098 1209 aut
2121 1185 2187 1220 pe-

1142 1221 1242 1260 &ora
1262 1223 1464 1267 acerbasid
1484 1223 1531 1259 est
1546 1250 1557 1266 ‚
1575 1222 1753 1270 aspera&
1773 1222 1931 1259 crudelia
1944 1249 1955 1265 ,
1975 1233 2069 1271 quae
2088 1222 2186 1260 susti-

1140 1281 1230 1310 nent
1247 1274 1423 1311 obtundi:
1453 1272 1513 1310 sed
1531 1273 1642 1321 longe
1664 1273 1796 1309 melior
1814 1272 1862 1309 est
1879 1273 2027 1320 antiqua
2045 1271 2157 1310 lectio
2170 1299 2183 1317 ,

1143 1328 1275 1372 Aperta
1292 1351 1302 1367 ‚
1330 1323 1366 1361 id
1395 1323 1466 1367 est,
1493 1322 1639 1360 nudata.
1666 1323 1846 1359 MARIUS.
1883 1323 2015 1358 Tundis
2038 1322 2182 1360 acerbas

1140 1385 1235 1410 unus
1261 1373 1368 1411 Maff.
1395 1374 1506 1417 alter,
1534 1372 1666 1409 Tundis
1685 1382 1814 1421 aperta.
1841 1371 1982 1421 sequor.
2012 1372 2194 1423 CrorAu.

1139 1423 1282 1472 Plangis
1304 1425 1520 1462 Puteaneus.
1547 1435 1674 1472 parum
1700 1424 1820 1460 refert.
1848 1423 2063 1462 Hfirnst.
2092 1422 2180 1464 infr.

1138 1474 1242 1523 Eleg.
1261 1486 1313 1511 1x.
1333 1474 1387 1517 fils.
1413 1487 1469 1512 10.

1191 1526 1396 1575 Pea‘loraque
1415 1524 1534 1572 infhsta
1553 1523 1673 1562 tundit
1688 1532 1806 1574 aperta
1826 1536 1950 1564 manu.

1139 1575 1186 1612 Et
1206 1575 1352 1623 Apulej.
1372 1587 1425 1612 ιν.
1444 1577 1604 1612 Metam.

1191 1626 1345 1662 Tundere
1359 1628 1474 1675 pestus
1495 1626 1622 1672 infestis
1638 1625 1778 1675 palmis.

1140 1673 1280 1713 Contra
1300 1676 1374 1724 sup.
1391 1677 1452 1713 lib.
1476 1686 1519 1713 11.
1538 1677 1639 1725 Eleg.
1662 1689 1716 1714 vr.
1740 1688 1772 1725 3.

1191 1725 1350 1774 Plangite
1368 1729 1502 1775 pestem
1525 1727 1661 1774 palmis.

1139 1776 1271 1813 Tundis
1289 1777 1404 1825 inepta
1424 1778 1521 1825 prior
1535 1775 1740 1814 Mediceus.
1761 1777 1864 1826 quod
1881 1776 2086 1815 admodum
2099 1777 2184 1825 plan

1141 1835 1221 1870 cet,
1250 1828 1288 1864 ὃς
1311 1837 1427 1875 aperta
1448 1838 1493 1864 ex
1511 1828 1582 1864 alio
1602 1827 1689 1865 loco
1709 1828 1781 1864 huc
1798 1840 1818 1864 a
1838 1827 1983 1864 librario
2005 1828 2183 1864 intrusum

1137 1885 1241 1924 puto.
1268 1889 1345 1915 non
1374 1877 1422 1915 est
1451 1877 1622 1915 acerbum
1652 1886 1775 1915 autem
1807 1878 2021 1915 convicium
2044 1878 2182 1926 inepta,

1139 1939 1224 1965 cum
1248 1928 1284 1965 ὃς
1307 1928 1408 1966 Deus
1429 1928 1545 1972 dicat,
1574 1929 1612 1965 ὃς
1641 1927 1770 1965 blanda
1797 1926 1981 1965 additurus
2000 1926 2042 1964 fit
2061 1928 2197 1965 verbus

1138 1977 1211 2015 vid.
1230 1978 1369 2016 Donat.
1387 1978 1432 2015 ad
1452 1979 1607 2016 Terent.
1624 1978 1729 2016 Adel.
1747 1990 1800 2014 vx.
1820 1990 1874 2015 xv.
1894 1990 1927 2022 7.
1950 1979 2054 2015 &ita
2073 1977 2179 2025 saepe

1137 2028 1234 2075 apud
1255 2027 1428 2066 Nostrum
1451 2030 1489 2066 &
1512 2029 1677 2066 comicos
1695 2027 1988 2076 inepti‘dicuntur
2003 2056 2011 2071 ‚
2031 2028 2094 2076 qui
2115 2028 2180 2064 ali-

1138 2079 1225 2128 quid
1252 2079 1376 2123 rebus,
1403 2079 1562 2128 personis
1588 2087 1649 2116 aut
1674 2079 1835 2126 tempori
1865 2090 1943 2115 non
1978 2089 2196 2126 congruens

1137 2129 1287 2166 faciunt.
1314 2129 1388 2167 vid.
1418 2130 1572 2167 Terent.
1601 2129 1752 2166 Eun.-v.
1779 2141 1850 2165 vn.
1875 2140 1908 2175 7.
1936 2127 2052 2166 Andr.
2073 2140 2122 2165 iv.
2141 2139 2177 2165 vv.

1142 2191 1197 2226 52.
1226 2179 1273 2216 fic
1297 2178 1333 2216 δὲ
1361 2192 1390 2216 1.
1408 2180 1488 2217 Art.
1511 2179 1593 2228 306.
1725 2225 1729 2230 ,

1191 2229 1291 2277 Qud
1309 2229 1404 2266 toties
1416 2227 1541 2278 positas
1554 2228 1681 2278 fingis,
1701 2229 1815 2279 inepta
1829 2257 1839 2274 ,
1863 2242 1985 2266 comas.

1138 2279 1186 2317 Et
1211 2292 1243 2329 r..
1262 2280 1392 2318 Amor.
1412 2292 1489 2317 xiv.
1513 2280 1570 2329 36.

1189 2330 1288 2378 <Qud
1302 2330 1474 2380 speculum
1495 2329 1616 2378 moesta
1632 2330 1750 2380 ponis,
1776 2330 1891 2380 inepta
1906 2357 1916 2375 ‚
1939 2335 2091 2367 manue-¹

1140 2381 1297 2419 Remed.
1315 2393 1402 2428 472.

1187 2441 1302 2489 Officio
1330 2452 1454 2479 natam
1481 2442 1607 2487 laedis,
1634 2442 1766 2492 inepte,
1793 2451 1880 2479 tuo.v

1136 2504 1183 2541 Et
1204 2505 1297 2542 alibi.
1324 2506 1587 2543 BURMANNUS.
1914 2532 1916 2534 -

1188 2566 1245 2602 59.
1273 2560 1320 2590 Et
1342 2555 1531 2591 durumvin
1548 2556 1675 2602 peblore
1686 2553 1862 2603 ferrura]
1894 2552 2024 2589 Vivum
2034 2553 2190 2599 ferrumr²

1136 2603 1337 2642 Puteaneus
1364 2617 1448 2642 curn
1481 2605 1649 2653 Scaligeri
1679 2606 1891 2652 Excerptis.-
1910 2604 2064 2651 optime.
2098 2603 2191 2640 hoc'
2246 2618 2250 2622 ·

1136 2655 1184 2691 est
1206 2655 1308 2704 quod
1327 2657 1367 2693 in·
1387 2655 1562 2692 Tristibus
1580 2655 1694 2698 dixit,
1721 2655 1781 2691 lib.
1807 2666 1836 2691 1.
1857 2653 1957 2703 Eleg.
1977 2654 2027 2691 8.-

1185 2726 1231 2757 Et
1251 2721 1400 2771 rigidum
1412 2721 1502 2768 ferri
1512 2720 1647 2769 semina
1659 2717 1948 2768 peetus-habent.-

1138 2782 1251 2830 Saepe
1276 2790 1399 2820 autern
1428 2794 1469 2819 ea
1491 2793 1565 2818 vox
1583 2779 1627 2817 ad
1646 2792 1699 2817 res
1709 2791 1794 2817 non
1813 2780 1988 2816 animatas
2005 2779 2182 2816 transfer-2*

1135 2840 1204 2870 tur.
1232 2831 1280 2868 slc
1295 2861 1304 2876 ‚
1323 2832 1413 2868 viva
1426 2831 1517 2880 sa-xa
1536 2831 1602 2879 Ep.
1624 2830 1781 2886 Hypfip.
1797 2831 1835 2867 ὅ(
1852 2829 1912 2866 lib.
1930 2841 1999 2866 vu.
2016 2830 2190 2866 Metam-,-

1138 2882 1266 2918 Vivum
1281 2895 1426 2931 gramen
1439 2910 1447 2924 ‚
1474 2881 1580 2918 vivus
1601 2880 1718 2929 cespes,
1741 2880 1822 2916 vivi
1834 2881 1949 2926 fontes
1963 2907 1973 2923 ,
1994 2880 2084 2915 viva
2096 2878 2175 2926 sul-

51 2925 190 2973 scripti,
214 2924 303 2980 ulla.
331 2927 433 2963 male.
459 2928 556 2964 albae
574 2930 670 2966 enim
702 2930 918 2978 plerumque
947 2931 1079 2974 vittae,
1129 2931 1269 2981 phura,
1296 2932 1388 2968 viva
1409 2931 1574 2981 flamma.
1602 2933 1638 2967 ὃς
1669 2930 1797 2967 fimili'a
1824 2930 1948 2978 paffim
1969 2929 2064 2977 apud
2091 2929 2189 2964 No-⁴

55 2976 295 3023 &praecipue
313 2975 547 3015 sacerdotum.
570 2979 652 3016 vide
662 2979 836 3017 Barth.ad
847 2981 933 3018 Stat.
947 2981 1022 3018 Th.
1036 2994 1080 3018 11.
1135 2983 1244 3020 tirum
1265 2983 1429 3031 aliosque
1446 2990 1597 3019 veteres.
1626 2981 1795 3028 Sulpitius
1813 2980 1965 3017 Severus
1986 2981 2019 3015 in
2044 2978 2189 3014 Diale--

6 3051 8 3062 ,
57 3025 139 3074 738.
168 3036 218 3062 iv.
248 3024 330 3060 218.
357 3026 392 3062 ὅς
419 3038 447 3062 1.
467 3027 597 3064 Achill.
617 3043 657 3065 ix.
685 3030 942 3069 BunnrAthus.

1135 3034 1207 3081 gis:
1236 3038 1373 3076 Donec,
1402 3032 1506 3081 quod³
1518 3041 1638 3068 contra
1667 3044 1799 3067 omnem
1818 3039 1984 3066 naturam
2004 3037 2097 3069 crat,
2127 3026 2173 3061 li·

107 3087 164 3123 57.
192 3075 392 3123 Madidos.]
423 3080 559 3112 Tenere&
576 3078 661 3116 editi
680 3081 770 3117 olim
785 3109 795 3125 ‚
817 3083 854 3118 &
878 3094 970 3120 unus
990 3083 1080 3120 Mo-
1131 3096 1242 3132 gnum
1260 3083 1400 3119 aridum
1420 3083 1458 3119 in
1475 3082 1546 3131 fiale
1571 3091 1688 3117 arente
1707 3080 1899 3130 vivisceret.
1925 3079 2079 3115 Metam.
2100 3083 2186 3131 wi:-

54 3126 119 3163 reti
146 3137 164 3162 a
189 3125 342 3161 secunda
371 3137 494 3161 manu.
519 3126 578 3162 sed
606 3139 694 3164 mox
722 3142 763 3166 ea
791 3143 864 3168 vox
884 3135 1079 3181 repetitur,
1137 3145 1196 3179 77.
1216 3132 1610 3184 ExtinHaqueflamma
1630 3131 1771 3168 revixit.
1794 3132 1843 3168 ita
1861 3130 1959 3166 enim
1977 3126 2073 3164 reete
2091 3125 2187 3162 libri]

58 3175 95 3211 δί
115 3187 157 3231 εξ(
176 3174 235 3212 lib.
264 3187 293 3211 1.
317 3175 395 3212 Art.
411 3187 499 3230 ,129·
520 3175 675 3230 effictam
692 3178 890 3221 lectionem
909 3192 1014 3233 puto,
1042 3186 1082 3222 &

58 3225 209 3264 madidos
224 3225 351 3274 probat
369 3234 477 3266 etiam
498 3226 647 3278 Marius.
666 3227 799 3279 Inruff-
996 3232 1000 3235 “

1136 3191 1290 3222 veteres,
1316 3184 1377 3220 ubi
1398 3185 1510 3231 plura.
1536 3183 1753 3219 Hermum.-

1189 3234 1249 3282 60.¹
1275 3237 1401 3272 Laetus
1426 3233 1464 3271 in
1490 3246 1542 3270 ore
1569 3231 1677 3267 videt.
1699 3230 1713 3278 ]
1753 3235 1877 3267 Lentus
1902 3226 2015 3276 probe
2041 3226 2192 3263 Putea-⁶

1591 3283 1724 3331 Qqq.
1747 3290 1772 3328 3
2075 3284 2196 3322 neusa
