2553 3676
641 150 1485 247 HEROIDESssR

1559 197 1645 238 211.
2111 199 2208 250 147

597 341 1385 434 'EPIsToLA
1528 355 1665 423 xi.

477 540 1033 605 CANACE
1131 535 1825 596 MACAREO.

353 714 462 854 S.

484 732 588 789 qua
612 725 791 768 tamen
817 710 987 765 caecis
1010 706 1261 763 errabunt
1285 705 1475 777 scripta
1496 704 1698 767 lituris;

514 787 726 843 Oblitus
751 786 781 838 {i
805 784 1056 838 dominae
1081 781 1247 834 caede
1272 779 1476 833 libellus
1501 779 1619 832 erit.

350 863 558 918 Dextra
582 871 731 914 tenet
756 858 1047 916 calamum3
1089 852 1328 908 stri5³mm
1351 863 1500 905 tenet
1525 851 1688 907 altera
1713 846 1917 906 ferrum
1930 886 1950 911 ,

426 934 500 990 Et
519 933 656 1005 jacet
683 932 739 985 in
764 930 971 1001 gremio
996 927 1176 982 charta
1197 926 1366 980 soluta
1391 941 1532 978 meO.
1556 932 1558 934 ’

283 1026 312 1076 5
351 1007 509 1063 Haec
537 1006 612 1061 est
638 1003 901 1060 Aeolidos
925 1001 1074 1058 fratri
1097 999 1372 1054 scribentis
1393 998 1600 1068 imago:

427 1081 513 1136 Sic
542 1079 734 1135 videor
761 1078 901 1132 duro
924 1073 1069 1149 posse
1092 1074 1303 1146 placere
1327 1070 1480 1144 patri.

352 1154 463 1227 Ipse
490 1154 635 1209 neeis
663 1168 919 1225 cuperem
941 1148 1148 1204 nostrae
1171 1144 1433 1218 speffiiator
1456 1139 1686 1205 adessem

426 1227 787 1299 Aufiorisque
812 1222 980 1276 oculis
1003 1221 1310 1292 exigeretur
1335 1234 1483 1289 opus,

349 1299 427 1355 Ut
452 1300 594 1357 ferus
620 1299 720 1363 est,
758 1296 1041 1368 multoque
1065 1294 1166 1348 suis
1191 1289 1546 1346 truculentior
1570 1287 1728 1343 Euris
1741 1324 1761 1349 ,,

245 1392 309 1427 10

109 1561 231 1601 :stolis
250 1561 435 1606 Aeolidae,
461 1573 569 1612 quam
590 1573 658 1597 non
674 1560 778 1596 habet
797 1559 888 1608 ipfiz,
907 1557 1063 1605 salutem

50 1649 52 1654 ,
167 1613 308 1658 Mittit,
336 1624 379 1652 ω’
398 1621 540 1648 armata
563 1610 671 1647 verba
691 1619 813 1646 notata
833 1607 987 1656 manus]

63 1663 189 1704 Etiam
235 1665 275 1701 hi
314 1663 390 1700 duo
434 1661 555 1699 versus
608 1663 702 1698 inter
754 1659 892 1696 nothos
939 1658 1104 1694 referun-

62 1723 132 1752 tur.
165 1725 289 1763 neque
327 1722 453 1751 tamen
494 1713 542 1749 ita
583 1709 736 1759 pannosi
770 1709 851 1746 sunt
879 1736 889 1752 ‚
941 1714 983 1744 ut
1020 1708 1105 1755 qui—

59 1763 214 1802 busdam
255 1763 275 1800 ὲ
312 1762 667 1800 commentatoribus
713 1760 871 1798 videtur.
932 1757 1034 1794 Nam
1064 1764 1105 1794 ut

56 1815 183 1864 supra,
211 1815 276 1863 qui
303 1815 341 1851 in
361 1812 520 1861 Epistola
541 1811 701 1848 Didonis
723 1823 742 1848 a
762 1808 945 1859 principio
967 1806 1104 1845 eodem

60 1865 180 1904 modo
209 1866 303 1902 inter
330 1864 467 1901 not'nos
493 1861 805 1904 numerabantur,
832 1859 980 1896 tolerari
999 1866 1108 1905 pote-

57 1925 138 1956 rant
154 1945 165 1961 ,
192 1917 305 1954 etiam
332 1925 399 1965 pro
429 1912 626 1951 Ovidianis
646 1940 656 1956 ‚
691 1910 758 1948 nisi
787 1909 986 1947 dofftorum
1017 1920 1107 1945 con-

59 1967 178 2008 sensus
214 1979 278 2005 eos
314 1962 562 2015 repudi-arsen
600 1965 650 2002 ita
674 1963 713 2000 hi
742 1972 895 2012 quoque
925 1958 1108 2008 ejusmodi

0 2028 1 2062 ἶ
33 2019 164 2071 ,[υῐιῖ,
192 2026 232 2056 ut
261 2017 328 2055 nifi
355 2029 423 2065 pro
450 2015 661 2053 adulterius
690 2026 710 2051 a
740 2013 922 2062 plerisque
943 2010 1107 2059 segrega-

11 3181 14 3271 i
75 3241 137 3330 silc}-
167 3239 361 3278 mendosus
402 3237 541 3286 primus
579 3234 699 3273 versus
735 3237 828 3275 visus
849 3265 861 3283 ,
907 3236 1115 3284 conjecerat

14 3315 15 3318 =
71 3300 101 3329 ‘0
130 3301 195 3330 m:

57 2078 205 2114 rentur,
233 2070 273 2107 &
303 2067 367 2116 ipfi
395 2079 458 2117 per
482 2066 517 2104 se
542 2066 664 2103 valere
685 2066 724 2102 &
742 2061 1107 2109 sententiamjuvare

60 2119 234 2171 poffent;
283 2130 406 2168 neque
436 2118 537 2155 enim
565 2116 761 2154 exordium
797 2114 904 2163 hujus
934 2112 1107 2162 epistolae

59 2172 270 2221 simpliciter
289 2170 483 2218 abruptum
505 2168 554 2206 est
573 2196 583 2212 ,
619 2167 680 2205 sed
698 2178 792 2215 pene
810 2176 916 2202 novo
938 2162 1105 2213 quodam

59 2223 178 2261 modo
207 2222 251 2259 ab
276 2220 501 2259 adversativa
517 2230 636 2256 tamen
655 2218 796 2267 incipit.
833 2218 942 2265 Quae
961 2216 1106 2252 novitas

59 2274 164 2312 facile
188 2273 301 2311 sanari
329 2279 473 2321 poterat
493 2299 503 2315 ‚
540 2270 565 2308 fi
595 2271 635 2308 hi
665 2270 785 2307 versus
812 2277 874 2306 aut
903 2266 1035 2304 similes
1062 2266 1105 2304 ab

58 2325 166 2364 initio
197 2324 528 2373 praemitterentur.
553 2321 614 2359 sed
642 2322 728 2371 quia
757 2320 902 2358 Criticis
930 2317 1032 2355 aliter
1049 2319 1107 2355 vi-

60 2375 140 2414 sum
170 2376 220 2414 est
240 2404 250 2420 ,
277 2386 400 2424 neque
429 2385 498 2411 nos
529 2373 735 2411 Cornicum
764 2371 916 2415 oculos,
947 2369 1013 2417 (ut
1034 2368 1107 2407 dici

59 2425 181 2475 solet)
221 2425 407 2474 configere
443 2425 645 2463 voluimus.
688 2425 914 2461 Mrciitus.
969 2419 1108 2457 Priscae

60 2477 243 2516 editiones
265 2489 350 2514 cum
370 2476 561 2524 Excerptis
582 2476 738 2513 Puteani
759 2476 796 2511 &
814 2473 895 2511 libri
916 2484 961 2508 ex
980 2472 1106 2508 nostris

63 2529 171 2567 multi
191 2530 240 2567 ita
260 2527 452 2565 ordiuntur
469 2527 566 2563 hanc
585 2526 776 2574 epistolam
789 2523 944 2572 vulgatis
965 2522 1108 2559 audiio-

0 2603 1 2634 3
61 2590 139 2624 τες,
166 2580 226 2618 sed
252 2578 522 2626 interpolatoris
543 2576 736 2614 beneficio.
765 2587 852 2612 nam
876 2572 978 2611 versu
999 2585 1108 2622 quar-

61 2638 102 2667 to
116 2631 222 2680 hujus
234 2630 406 2678 epistolae
418 2640 485 2677 pro
508 2627 632 2664 charta
643 2626 760 2677 fhluta
776 2624 965 2670 ‚nonnulli
985 2634 1108 2660 notata

63 2679 189 2719 denuo
226 2681 411 2719 exhibent.
447 2679 578 2729 quibus
613 2679 639 2716 fi
677 2678 915 2716 auscultamus
952 2675 1108 2710 notanda

66 2731 198 2770 rectius
227 2733 385 2770 omnino
416 2733 496 2769 erit.
521 2730 583 2768 sed
602 2729 722 2779 βίαια
750 2729 843 2766 bene
864 2728 897 2764 se
915 2726 1049 2771 habet,
1069 2733 1109 2763 ut

67 2781 164 2830 apud
181 2783 396 2828 Juvenalem
414 2784 484 2826 Sat.
501 2795 590 2820 xiix.
611 2781 692 2819 116.
719 2781 930 2817 Hermus.

126 2844 157 2869 1.
184 2833 219 2868 Si
244 2847 313 2883 qua
339 2844 459 2871 tamen
484 2832 632 2882 caecis.]
659 2831 784 2870 Potest
812 2830 1007 2877 abruptum
1037 2825 1108 2864 effe

67 2882 277 2921 exordium.
306 2883 459 2933 Scaliger
485 2893 614 2922 tamen
645 2884 687 2919 ‘to
716 2882 834 2918 λείπει
856 2886 1109 2918 annotavcrat.

70 2935 177 2973 DAN.
206 2933 408 2971 Hemsms.
435 2936 590 2973 Variant
607 2935 719 2972 etiam
737 2935 774 2970 in
793 2933 847 2970 his
868 2930 1026 2968 versibus
1045 2940 1110 2966 co-

69 2986 167 3024 dices
183 2999 190 3022 t
220 2983 368 3033 quidam
389 2986 487 3023 enim
506 2987 662 3030 habent,
691 2997 799 3035 quam
817 2996 885 3019 non
904 2980 1010 3017 habet·
1024 2978 1109 3023 illa,

70 3037 131 3075 alii
151 3038 218 3086 ipsa
234 3064 243 3079 ‚
273 3035 310 3070 &
337 3046 403 3081 pro
430 3035 536 3071 verba
555 3046 704 3080 note-na,
725 3035 855 3084 scripta
877 3042 998 3070 notata
1013 3059 1023 3074 ,
1052 3030 1112 3068 vel

70 3087 180 3124 verba
209 3085 374 3135 legcmla;
403 3084 462 3121 sed
488 3094 690 3135 utcumque
714 3087 782 3124 filit
803 3115 813 3130 ‚
850 3082 1037 3132 ablegandi
1066 3081 1112 3119 ad

70 3139 346 3177 monachorum
374 3134 549 3172 officinas.
583 3138 668 3185 quia
705 3149 797 3174 vcro
828 3138 870 3172 ‘rb
900 3146 1020 3171 tamen
1049 3133 1114 3170 ali-

71 3190 162 3239 quid
194 3189 377 3237 requirere
407 3185 551 3222 videtur
570 3186 672 3234 quod
688 3187 880 3233 praecedat
895 3216 905 3232 ‚
935 3187 974 3223 ὃς
994 3184 1115 3220 Hein-

420 1371 706 1447 Speslaffet
731 1370 877 1426 fiecis
898 1369 1120 1424 vulnera
1141 1364 1316 1421 nostra
1341 1363 1506 1436 genis,

2060 1427 2209 1483 Seni·

1213 1553 1249 1590 si
1268 1565 1338 1603 qua
1355 1551 1468 1590 latent
1488 1551 1592 1589 caecis
1610 1548 1767 1587 errantia
1778 1545 1910 1597 scripta
1929 1543 2058 1583 lituris.

1161 1619 1250 1666 Qua
1269 1616 1454 1654 medicina
1472 1615 1565 1652 mihi
1591 1613 1682 1651 nihil
1708 1623 1801 1661 opus
1819 1608 1889 1647 effe
1912 1608 2067 1646 videtur.
2095 1605 2214 1645 sensus

1160 1669 1262 1705 enim
1283 1669 1344 1705 hic
1365 1667 1434 1710 est;
1463 1667 1556 1703 haec
1576 1663 1726 1712 epistola
1740 1691 1749 1707 ,
1777 1672 1890 1711 quam
1910 1660 1978 1697 tibi
2000 1660 2110 1696 mitto
2126 1686 2136 1701 ‚
2163 1659 2213 1696 ita

1159 1717 1335 1755 debuifl'et
1365 1715 1435 1754 effe
1464 1727 1552 1753 meo
1580 1714 1753 1763 sanguine
1782 1710 1962 1749 maculata
1984 1710 2021 1746 &
2040 1708 2215 1753 foedata,

1159 1776 1201 1806 ut
1217 1768 1339 1805 nullae
1361 1768 1437 1804 fere
1452 1767 1583 1804 liturae
1609 1771 1844 1814 apparerent,
1868 1760 1930 1799 sed
1948 1760 2057 1809 plane
2076 1758 2214 1797 oblitae

1161 1831 1314 1862 cruore;
1343 1817 1370 1855 fi
1403 1829 1476 1867 qua
1504 1825 1634 1854 tamen
1658 1815 1720 1852 hic
1749 1815 1788 1851 ὃς
1814 1812 1888 1850 illic
1918 1810 2028 1848 verba
2061 1809 2216 1848 errantia

1161 1869 1336 1918 supersint
1350 1897 1360 1913 ,
1386 1880 1482 1919 quae
1501 1867 1622 1916 legere
1644 1866 1781 1915 poteris
1797 1892 1806 1908 ,
1827 1869 2023 1900 memento
2041 1860 2216 1910 sanguine

1162 1919 1265 1958 fuiffe
1284 1920 1524 1969 conspersam.
1560 1919 1599 1955 &
1621 1918 1670 1955 ita
1689 1916 1804 1955 solere
1826 1924 1943 1951 tamen
1964 1913 2081 1961 poni,
2109 1910 2213 1949 nullo

1162 1970 1405 2019 praecedente
1434 1968 1622 2007 vocabulo
1645 1997 1655 2013 ‚
1692 1968 1752 2005 cui
1780 1965 1894 2014 vulgo
1919 1963 2047 2013 subjici
2078 1962 2213 2007 soleat,

1163 2022 1311 2060 docebit
1340 2030 1377 2060 te
1411 2020 1627 2058 Gronovius
1655 2017 1701 2055 ad
1732 2017 1833 2054 Livii
1857 2015 1920 2053 lib.
1941 2026 2056 2052 xxiii.
2082 2025 2139 2060 19.
2166 2012 2215 2051 de

1162 2085 1258 2110 voce
1289 2085 1380 2111 vero
1408 2071 1534 2108 oblitus
1562 2069 1636 2106 vid.
1660 2066 1856 2106 Heinfium
1878 2067 2042 2104 nostruin
2063 2064 2109 2101 ad
2127 2065 2214 2101 Pru·

1162 2123 1279 2162 dentii
1315 2124 1434 2161 Praef.
1470 2123 1509 2159 in
1543 2120 1749 2168 Hamartig.
1794 2130 1830 2154 v.
1869 2117 1929 2153 62.
1965 2116 2215 2153 Heumannus

1160 2175 1303 2224 Parerg.
1332 2174 1459 2211 Critic.
1488 2184 1524 2221 p.
1553 2183 1634 2209 120.
1658 2171 1748 2219 legit
1777 2167 1991 2215 exstabunt;
2030 2166 2091 2205 sed
2121 2164 2213 2203 nihil

1160 2225 1314 2264 necesse.
1342 2225 1605 2263 Burmannus.

1215 2291 1246 2327 ς.
1277 2283 1368 2313 Haec
1385 2275 1428 2323 est
1447 2273 1609 2311 Aeolidos
1621 2270 1736 2320 fratri
1748 2266 2101 2319 firibentisjmago]
2131 2265 2213 2310 Ser}

1161 2330 1241 2367 vius
1257 2328 1318 2367 lib.
1341 2341 1370 2365 1.
1390 2325 1551 2364 Aeneid.
1573 2337 1631 2373 75.
1654 2323 1698 2361 ad
1718 2322 1807 2360 illud
1824 2322 1989 2371 Virgilii:

1213 2413 1314 2421 -—
1327 2397 1374 2430 Et
1386 2389 1535 2442 pulchra
1547 2389 1658 2438 faciet
1676 2398 1708 2424 te
1723 2386 1816 2437 prole
1831 2395 2021 2436 parentem.

1162 2454 1292 2492 Scribit
1319 2454 1536 2491 Macareum
1567 2453 1606 2490 &
1638 2451 1825 2488 Canacen]
1849 2460 1924 2485 non
1942 2446 2049 2493 hujus
2071 2435 2214 2482 Aeoli:

1162 2506 1226 2555 qui
1260 2513 1461 2543 ventorum
1487 2516 1550 2540 rex
1580 2501 1682 2539 fiiiss'e
1711 2501 1918 2549 perhibetur
1941 2526 1949 2541 ,
1984 2496 2045 2533 sed
2065 2495 2211 2532 alterius

1163 2557 1277 2593 Aeoli
1305 2556 1399 2593 filios
1428 2552 1542 2591 fuisse.
1573 2553 1687 2600 Cujus
1714 2551 1934 2599 opinionem
1964 2545 2079 2596 quam
2102 2544 2210 2583 facile

1163 2608 1201 2644 in
1223 2608 1291 2644 hac
1311 2606 1460 2655 epistola
1476 2603 1639 2641 Ovidius
1670 2601 1888 2644 convincat,
1917 2610 2032 2635 nemo
2049 2608 2129 2633 non
2153 2595 2212 2633 vi-

1164 2658 1238 2695 det.
1267 2658 1439 2707 Hyginus
1461 2667 1537 2704 cap.
1568 2667 1590 2691 c
1603 2666 1624 2690 c
1640 2665 1659 2689 x
1672 2665 1693 2689 x
1706 2665 1726 2688 x
1742 2663 1786 2688 vi
1804 2664 1816 2687 x
1830 2663 1855 2687 1.
1884 2648 2014 2687 Aeolus
2033 2652 2211 2684 Canacem

1157 2718 1292 2758 propter
1310 2707 1472 2797 inceJZZn
1496 2705 1699 2752 cumfratre
1720 2709 1881 2739 Macareo
1900 2697 2086 2749 admiffum
2105 2697 2214 2734 inter·-

1154 2761 1254 2807 fecit.
1283 2760 1381 2796 C1or
1444 2771 1488 2795 us

1215 2811 1250 2847 6.
1278 2810 1413 2859 Dura]
1445 2807 1576 2846 Codex
1608 2806 1766 2843 Dourae
1798 2804 1884 2840 diro.
1911 2800 1973 2840 sed
2002 2800 2110 2837 durus
2125 2811 2212 2848 pro-

1164 2873 1295 2949 {1613}ss
1298 2862 1498 2948 Sepitheton
1520 2859 1627 2908 patris
1640 2885 1650 2902 ,
1678 2855 1774 2906 apud
1794 2855 2019 2893 Terentium
2048 2851 2209 2897 saepius.

1219 2973 1252 3004 7.
1280 2966 1348 3011 Ipse
1367 2960 1492 3011 necis]
1524 2960 1608 2997 Neci
1625 2958 1714 2996 alter
1729 2957 1990 2996 Mentelianus.
2019 2954 2056 2991 ὃ(
2077 2949 2211 2988 deinde

1165 3014 1332 3063 quinque
1353 3013 1434 3050 libri
1451 3012 1594 3061 adeffes,
1621 3011 1682 3048 sed
1699 3018 1787 3047 tunc
1804 3009 1886 3057 lege
1903 3008 2065 3054 sequenti
2084 3010 2185 3037 veriu
2198 3028 2209 3044 ‚

1165 3064 1360 3101 aucfforisve
1373 3080 1383 3099 .-
1404 3063 1567 3101 imitatus
1586 3070 1710 3099 autem
1733 3061 1780 3098 est
1795 3059 1990 3107 Virgilium
2007 3054 2067 3090 lib.
2080 3064 2114 3088 x.
2127 3062 2213 3099 443.

1218 3149 1268 3158 ·-
1280 3136 1445 3180 Cuperem
1466 3128 1529 3179 ipse
1539 3137 1663 3177 parens
1676 3126 1844 3177 spefflator
1859 3121 1990 3170 adesset.

1170 3182 1384 3220 Hfimsxus.

1227 3246 1282 3270 10.
1311 3230 1516 3281 Spemne]
1546 3227 1716 3280 Spec‘laffit
1741 3226 1838 3265 libri.

1162 3283 1238 3331 sed.
1265 3283 1476 3321 HEmsius.
1659 3325 1698 3363 T
1726 3337 1747 3362 2

1866 3223 2069 3261 Puteaneus
2081 3216 2212 3266 [perflat

2036 3330 2091 3367 17.
2118 3316 2216 3366 Qid
