2553 3676
630 186 1171 256 AMORUM
1244 211 1418 248 LIB.
1492 195 1531 250 Ι.

257 274 281 348 r
289 312 318 363 5
353 288 507 350 Illum
527 288 713 347 etiarn,
747 281 840 356 qui
863 298 959 335 vos
984 298 1053 336 ex
1075 281 1265 337 arbore
1289 284 1452 339 vertit
1473 285 1530 341 in
1556 287 1735 354 usum,

1610 211 1691 256 12.
2103 221 2198 274 379

430 359 761 417 Convincam
783 371 938 425 puras
964 371 1075 408 non
1098 355 1329 408 habuisse
1354 375 1554 414 manus

359 430 604 493 Praebuit
630 429 715 482 illa
740 426 898 480 arbor
923 427 1116 481 misero
1142 428 1415 499 suipendia
1441 433 1611 486 collo:

427 500 679 558 Carnifici
703 499 842 553 diras
865 499 1107 571 praebuit
1130 501 1214 553 illa
1238 519 1439 555 cruceS.

355 578 442 632 Illa
464 573 618 628 dedit
642 587 822 644 turpes
849 573 1018 627 raucis
1042 572 1342 628 bubonibus
1366 574 1604 629 umbras:

250 670 317 705 20

425 646 667 703 Vulturis
691 646 746 699 in
769 646 924 699 ramis
951 646 1006 699 δε
1031 646 1200 717 strigis
1228 664 1328 702 ova
1355 647 1492 702 tulit.

353 720 459 777 His
481 737 585 789 ego
609 718 851 772 commisi
875 719 1080 772 nostros
1104 719 1307 773 insanus
1332 738 1567 784 amoreS‚

426 791 725 864 Molliaque
748 791 815 843 ad
843 790 1118 844 dominam
1141 792 1301 846 verba
1325 792 1547 856 ferenda
1570 791 1728 846 dedi?

349 865 546 939 Aptius
570 865 668 916 hae
692 863 899 935 capiant
923 863 1227 918 vadimonia
1251 867 1459 935 garrula
1482 883 1664 929 cerae,

426 937 573 1009 Quas
597 937 783 1010 aliquis
810 936 948 991 duro
972 937 1221 1008 cognitor
1249 955 1344 993 ore
1370 938 1525 1009 legat.

112 1151 250 1206 'mesthi
269 1150 407 1190 ablatus
425 1148 524 1187 ravis
539 1146 707 1185 amicitur
725 1148 764 1186 in
781 1150 860 1187 alis.

6 1207 8 1231 ἓ
65 1220 120 1262 {ta
146 1220 245 1258 enim
270 1214 495 1254 scribendum
520 1211 651 1249 censeo
667 1239 677 1255 ,
706 1222 789 1248 cum
811 1212 850 1247 in
871 1208 1018 1247 vetustis
1038 1221 1103 1248 co-

65 1272 202 1312 dicibus
219 1279 285 1318 pro
303 1266 452 1314 vulgato
465 1262 605 1310 fulvis,
632 1263 771 1310 legatur
783 1260 895 1310 flavis
910 1289 920 1303 ,
943 1261 1002 1297 vel
1018 1262 1104 1306 fur-

63 1324 132 1360 vis.
168 1320 356 1358 Adeantur
392 1326 485 1364 quae
523 1312 569 1350 de
595 1313 664 1349 hac
693 1323 787 1349 voce
817 1312 1028 1349 notavimus
1059 1311 1106 1349 ad

64 1374 120 1419 ybs.
137 1374 219 1421 659.
244 1369 323 1407 libri
352 1380 397 1403 11.
427 1365 535 1401 Artis.
563 1363 697 1399 Cicero
723 1362 836 1400 Acad.
858 1374 908 1399 iv.
930 1362 1028 1410 Qia
1045 1375 1105 1399 no-

65 1423 185 1473 bismet
197 1419 270 1470 ipfis
285 1418 382 1456 modo
398 1427 474 1453 tum
488 1414 695 1456 caeruleam,
707 1423 784 1450 tum
804 1426 935 1449 ravum
953 1414 1105 1452 videtur.

64 1475 115 1514 ita
133 1471 229 1511 reae
250 1470 406 1507 Nonius.
432 1479 509 1505 non
528 1464 672 1514 flavum
693 1474 731 1502 ut
754 1465 790 1502 in
813 1465 888 1512 ipso
911 1464 1106 1502 Cicerone.

65 1524 242 1565 Horatius
260 1529 357 1559 certe
376 1518 495 1568 Epod.
513 1529 591 1554 XV1.
615 1522 730 1553 Ravos
747 1515 854 1551 leones
873 1515 982 1552 dixit:

116 1598 269 1637 Credula
287 1609 344 1633 nec
364 1608 468 1632 ravos
489 1593 636 1629 timeant
654 1601 816 1627 armenta
834 1590 951 1627 leones.

65 1664 122 1703 Ita
151 1665 251 1701 enim
289 1658 513 1698 vetustiffimi
545 1656 700 1694 codices.
747 1654 944 1704 quomodo
975 1666 1106 1705 ravam

65 1715 183 1764 lupam
201 1712 300 1751 idem
321 1711 382 1748 lib.
403 1722 463 1747 ιιι.
484 1707 559 1745 Od.
577 1718 697 1744 xxvxi.
712 1704 876 1753 appellat.
894 1705 1106 1741 HEiNsms.

65 1770 203 1803 Raucus
231 1765 269 1800 ὃς
297 1760 393 1807 rasus
420 1760 529 1796 etiam
558 1757 655 1806 apud
683 1755 862 1804 Quinctil.
888 1766 939 1791 xx.
971 1753 1052 1791 lust.
1074 1764 1108 1803 3.

67 1820 345 1854 commutantur
360 1812 398 1848 in
420 1809 527 1846 MSS.

114 1878 176 1903 20.
205 1860 394 1910 Vulturis.]
426 1860 540 1908 Atqui
568 1857 742 1894 Aelianus
768 1856 829 1894 lib.
859 1867 903 1893 11.
933 1854 1026 1892 Hist.
1048 1855 1106 1901 48.

68 1915 155 1958 dicit
182 1914 340 1952 vultures
367 1922 443 1948 non
472 1907 683 1951 nidificare,
710 1919 832 1955 neque
855 1917 927 1943 ova
944 1918 1106 1954 ponere,

69 1967 129 2007 sed
148 1966 264 2015 pullos
295 1962 401 2000 edere
416 1990 426 2007 ‚
454 1961 517 2010 qui
545 1959 663 1996 statim
692 1969 733 1995 ac
752 1960 826 1995 nati
848 1956 926 1994 suut
946 1957 1108 1994 avolant.

68 2018 206 2058 Plinius
234 2026 323 2053 vero
350 2013 411 2051 lib.
437 2024 472 2049 x.
498 2021 574 2058 cap.
594 2010 628 2046 6.
651 2021 714 2046 eos
735 2010 772 2045 ὃς
795 2020 867 2045 ova
889 2007 974 2044 dare
997 2009 1034 2044 ὅς
1054 2008 1108 2045 ni-

70 2068 216 2106 dificare
233 2095 244 2111 ,
281 2063 339 2102 sed
364 2064 400 2101 iu
427 2061 667 2099 excelsissimis
693 2060 838 2107 rupibus
865 2058 1011 2095 testatur
1030 2086 1039 2100 ‚
1069 2059 1108 2095 ὃς

69 2119 157 2158 ideo
181 2116 350 2155 rariffime
377 2115 537 2162 aliquem
568 2122 698 2149 eorum
728 2121 799 2147 ova
827 2119 888 2168 apt
916 2110 1033 2157 pullos
1056 2111 1111 2146 vi-

9 2205 13 2223 !
72 2167 170 2208 disse.
188 2170 260 2206 'noc
279 2168 438 2215 primum
457 2165 594 2200 Po'e'tae
612 2162 855 2204 nostro,f0rte
875 2159 984 2197 nimis
1003 2160 1111 2197 luxu-

71 2220 177 2258 rianti
191 2218 336 2272 ,oggeri
359 2213 483 2264 poss'et.
510 2214 664 2250 alterum
686 2212 755 2256 est,
774 2211 877 2261 quod
898 2212 1032 2248 mirum
1054 2211 1111 2248 vi-

71 2270 145 2309 deri
165 2269 278 2318 posset
298 2267 478 2304 vulturem
493 2292 501 2307 ,
522 2275 629 2300 avem
654 2263 801 2300 faustam
819 2290 828 2305 ‚
858 2264 895 2298 ὅ(
915 2274 959 2298 ex
980 2263 1111 2310 Augu-

73 2323 128 2360 rio
159 2319 307 2357 Romuli
335 2319 371 2354 &
402 2315 512 2353 Remi
540 2314 732 2351 feliciffimi
762 2314 898 2350 ominis
924 2312 1082 2349 habitam
1101 2340 1110 2355 ‚

76 2371 177 2420 (vide
196 2378 335 2419 praeter
352 2367 441 2404 alios
460 2366 545 2402 Stat.
568 2378 630 2402 111.
655 2376 738 2413 507.
756 2366 793 2401 ὅ(
816 2364 864 2401 ibi
887 2363 1109 2409 Lutatium.)

75 2422 135 2461 hic
159 2421 261 2470 jungi
290 2431 375 2456 cum
402 2417 548 2453 bubone
571 2418 609 2453 ὃς
630 2415 746 2464 strige.
772 2427 817 2452 an
840 2413 1022 2450 vulturem
1046 2425 1112 2451 oc-

77 2470 214 2520 cupaffe
237 2471 379 2507 alterius
405 2467 642 2514 inauspicatae
669 2467 745 2502 avis
773 2466 900 2501 locum
917 2492 925 2507 ,
955 2464 1047 2499 vitio
1069 2464 1112 2500 li-

14 2529 15 2532 ’
77 2522 273 2561 brariorum
288 2550 297 2565 ,
321 2516 568 2557 censebimus?
590 2528 636 2552 an
654 2518 792 2553 Poetae
811 2515 974 2551 luxuriae
1000 2513 1037 2550 ὅ(
1056 2514 1113 2550 in—

14 2574 17 2614 '.
79 2572 358 2612 consider-antiae
377 2566 604 2607 tribuemus?
630 2578 675 2604 an
705 2577 795 2603 vero
821 2577 866 2601 ex
885 2576 961 2605 uno
983 2573 1044 2601 aut
1062 2565 1112 2601 al·

78 2632 157 2662 tero
182 2624 291 2665 loco,
318 2632 431 2671 quem
460 2618 646 2656 adducunt
663 2646 674 2662 ‚
710 2617 774 2665 qui
803 2615 848 2652 de
877 2615 1034 2663 auguriis
1065 2627 1113 2651 ex

79 2672 234 2725 profeffo
260 2679 412 2722 egerunt
429 2699 438 2713 ‚
468 2671 579 2707 etiam
610 2669 702 2705 inter
729 2666 893 2704 infelices
922 2677 1007 2702 aves
1029 2665 1114 2715 jure

16 2726 18 2739 ³
77 2726 200 2765 referri
217 2724 315 2772 pofl'e
329 2752 338 2767 ,
358 2719 587 2760 efficiemus?
615 2728 713 2756 certe
734 2718 882 2755 monuit
903 2728 963 2753 me
987 2717 1114 2765 Ampl.

17 2793 18 2819 i
77 2776 243 2822 Cuperus
271 2776 314 2812 ab
339 2773 518 2810 Antonin.
552 2770 673 2807 Liber.
694 2781 771 2816 cap.
787 2780 845 2804 21.
865 2768 1022 2804 Metam.
1042 2768 1115 2806 dici

18 2853 19 2856 κ
82 2836 168 2863 eum
191 2825 343 2861 omnium
367 2823 492 2859 avium
521 2819 790 2867 inimictffimum
815 2819 881 2855 diis
905 2830 948 2858 ω’
966 2818 1117 2855 homini-

84 2875 147 2912 bus
161 2902 170 2918 ‚
189 2876 226 2911 ὃς
243 2875 431 2922 obscoenum
451 2884 471 2909 a
491 2872 577 2908 Silio
593 2900 602 2916 ‚
631 2872 715 2920 quia
737 2870 968 2908 cadaveribus
991 2872 1114 2907 vesce-

83 2926 197 2964 batur.
226 2925 263 2960 &
281 2925 327 2960 ita
354 2925 446 2960 inter
462 2922 624 2971 prodigia
647 2922 782 2970 Obseq.
803 2933 880 2970 cap.
897 2932 1008 2958 cxxx.
1031 2920 1114 2956 Vul-

85 2986 206 3014 turum
227 2974 394 3021 ingentem
413 2973 489 3008 viin
509 2973 681 3023 advolaſje
697 2972 883 3009 exercitum
896 3000 906 3016 ‚
924 2980 1043 3009 narrat
1056 2972 1115 3015 ‚&

85 3027 168 3066 alibi
194 3026 307 3072 saepe.
334 3031 374 3060 ut
401 3023 557 3059 vultures
575 3024 674 3074 super
703 3024 831 3061 turrim
851 3022 1007 3070 fulmine
1033 3035 1116 3058 exa·

20 3089 21 3105 ¹
88 3078 235 3116 nimatos
266 3082 384 3111 narrat
411 3073 512 3109 idem
542 3073 754 3123 obsequens
781 3075 826 3112 de
846 3073 1020 3123 prodigiis
1039 3084 1118 3122 cap.

88 3141 172 3176 103.
210 3126 299 3163 nihil
324 3132 448 3161 tamen
476 3123 611 3160 horum
637 3126 764 3172 placet.
798 3127 836 3163 ὅ(
861 3136 995 3175 aquam
1027 3125 1118 3163 mihi

83 3179 144 3218 hic
161 3180 308 3215 haerere
327 3175 454 3211 fateor.
482 3172 741 3211 ssmzmwus.

139 3241 198 3266 20.
233 3226 352 3274 strigis
377 3223 482 3272 own]
516 3224 556 3260 lu
576 3224 788 3272 quibusdam
804 3253 814 3270 ‚
833 3239 892 3263 ora
908 3255 918 3271 ,
938 3233 1018 3264 non
1040 3239 1120 3263 ova.

91 3280 345 3320 muamus.
375 3275 478 3314 idem
498 3273 644 3312 testatur
672 3276 811 3314 Marius
838 3277 877 3314 in
898 3277 966 3315 suis
984 3277 1019 3316 se
1041 3289 1124 3326 περ·Ἴ

2059 1009 2200 1071 luter

1158 1148 1286 1197 perisse
1310 1176 1320 1194 ‚
1354 1150 1393 1188 &
1420 1149 1457 1187 in
1491 1148 1658 1186 Palatino
1689 1147 1800 1189 tertio
1832 1147 1955 1187 exstat.
1990 1150 2027 1187 in
2062 1150 2206 1190 duobus

1159 1200 1303 1238 Heiufii
1315 1228 1325 1245 ‚
1339 1200 1413 1249 offic.
1431 1212 1592 1250 quorum
1614 1200 1826 1237 alterutrum
1848 1199 1873 1236 fi
1895 1200 2085 1249 recipiatur
2099 1230 2107 1245 ,
2123 1202 2205 1251 pos«

1158 1249 1210 1288 set
1238 1252 1361 1288 referri
1385 1250 1429 1288 ad
1460 1250 1562 1288 illum
1594 1262 1739 1288 morem
1761 1278 1771 1295 ,
1803 1263 1914 1300 quem
1945 1251 2064 1289 adhuc
2092 1253 2212 1291 hodie

1160 1313 1224 1350 per
1255 1314 1359 1350 agros
1383 1302 1656 1351 frequentatum
1687 1301 1880 1344 videmus,
1911 1309 1949 1338 ut
1980 1303 2106 1340 avium
2136 1315 2207 1341 no-

1162 1352 1369 1391 &umatum
1391 1353 1582 1403 reliquias,
1611 1364 1701 1396 ora,
1736 1350 1833 1394 offa,
1861 1352 1955 1397 alas,
1983 1353 2115 1401 pedes,
2146 1354 2207 1392 vel

1162 1404 1273 1441 etiam
1293 1412 1409 1448 totas,
1436 1416 1456 1441 a
1475 1403 1707 1442 venatoribus
1726 1403 1785 1440 vel
1801 1402 1935 1440 rusticis
1949 1432 1959 1447 ‚
1990 1404 2128 1442 foribus
2147 1403 2208 1442 vel

1161 1455 1346 1493 arboribus
1389 1454 1523 1493 adfixas
1561 1454 1817 1503 intelligamus.
1871 1453 1975 1502 quod
2010 1454 2135 1492 Schot.
2174 1467 2208 1493 1.

1162 1506 1250 1543 Obs.
1277 1518 1330 1544 12.
1359 1507 1397 1544 δε
1416 1507 1475 1544 alii
1491 1507 1562 1543 late
1582 1506 1807 1543 illustrarunt.
1835 1516 1922 1541 nam
1941 1505 2044 1553 quod
2066 1506 2208 1544 Marius

1159 1556 1205 1595 ad
1236 1556 1355 1595 dirum
1393 1558 1431 1594 ὃς
1457 1557 1656 1595 terribilem
1686 1555 1895 1605 adspectum
1924 1556 2057 1593 referat
2075 1584 2086 1601 ‚
2126 1568 2207 1595 non

1160 1608 1360 1655 procedere
1382 1607 1538 1645 videtur.
1566 1608 1828 1644 Rumam-sus.

1213 1671 1271 1695 21.
1301 1659 1363 1696 His
1379 1659 1468 1709 ego.]
1493 1659 1603 1696 Forte
1618 1686 1629 1703 ,
1651 1659 1753 1706 Hisne
1772 1671 1834 1706 ego.
1861 1656 1934 1694 vid.
1957 1655 2057 1705 Eleg.
2076 1667 2150 1694 v11.
2171 1660 2211 1704 7.'

1165 1708 1377 1747 Hrzmsxus.

1215 1772 1273 1806 24.
1301 1762 1399 1808 Qus
1417 1759 1546 1809 aliquis
1564 1760 1648 1796 duro
1669 1758 1817 1807 cognitor
1833 1771 1887 1794 ore
1904 1755 2034 1805 legat]
2065 1757 2211 1806 (logni-i

1161 1817 1284 1847 torem
1317 1822 1388 1859 ego
1414 1812 1581 1860 judicem
1618 1810 1783 1858 intelligo
1808 1837 1819 1853 ,
1854 1819 1932 1844 non
1964 1807 2209 1846 defensorem.

1162 1861 1260 1898 unde
1283 1862 1321 1898 &
1337 1862 1570 1910 cognitiones
1592 1858 1790 1898 caussarum
1806 1887 1815 1902 ‚
1840 1857 2088 1906 judicationes
2102 1886 2111 1902 ‚
2135 1858 2210 1897 sive

1156 1911 1316 1960 judicia:
1344 1913 1467 1962 quales
1494 1911 1641 1960 proprie
1659 1911 1840 1947 vocabant
1862 1909 2030 1952 Romae,
2058 1908 2212 1958 quando

1164 1973 1289 2000 coram
1314 1965 1474 2012 principe
1503 1962 1577 1999 sive
1610 1962 1833 2010 imperatore
1861 1960 2043 2008 agebatur.
2081 1960 2127 1996 Et
2159 1973 2213 1996 co-

1159 2014 1332 2062 gnoscere,
1356 2015 1532 2063 judicare.
1561 2018 1659 2048 Duro
1689 2021 1814 2049 autem
1843 2023 1918 2054 ore,
1947 2010 2044 2048 haud
2066 2010 2140 2047 scio
2162 2022 2210 2049 an

1162 2065 1221 2100 hic
1241 2070 1306 2113 pro
1324 2065 1451 2102 severo
1470 2076 1512 2101 ac
1530 2063 1618 2100 tristi
1637 2061 1891 2111 accipiendum
1912 2060 1973 2098 fit:
2002 2061 2089 2098 tales
2109 2062 2211 2099 enim

1164 2115 1242 2151 fere
1262 2115 1404 2164 judices
1435 2114 1504 2152 effe
1534 2114 1660 2151 solent.
1690 2115 1914 2151 MichLLUs.
1944 2113 2036 2149 Late
2058 2112 2211 2149 Grono-

1166 2165 1244 2202 vius
1272 2167 1331 2202 lib.
1354 2179 1405 2203 iv.
1425 2166 1470 2203 de
1497 2166 1632 2203 Pecun.
1656 2165 1771 2201 veteri
1793 2175 1868 2212 cap.
1889 2175 1950 2200 111.
1973 2162 2018 2199 de
2038 2163 2210 2210 cognito-

1165 2217 1282 2260 ribus,
1310 2227 1404 2265 quos
1433 2228 1499 2265 pro
1525 2215 1771 2252 defensoribus
1802 2215 1899 2263 capit
1918 2242 1928 2257 ‚
1957 2212 2120 2261 disputat.
2146 2210 2207 2250 sed

1167 2267 1252 2315 quia
1273 2267 1358 2302 duro
1379 2281 1432 2303 ore
1446 2266 1611 2310 additur,
1633 2277 1703 2314 ego
1723 2266 1782 2303 hic
1801 2266 1923 2313 potius
1944 2275 2027 2300 cum
2053 2262 2208 2310 Micyllo

1168 2317 1213 2353 de
1235 2318 1386 2366 judice,
1415 2318 1473 2355 vel
1502 2316 1732 2365 magistratu,
1760 2317 1824 2365 qui
1850 2316 1994 2364 proprie
2026 2316 2208 2360 cognoscere

1166 2366 1297 2405 dicitur
1318 2396 1328 2412 ‚
1359 2368 1577 2416 capiendum
1610 2367 1752 2405 censeo.
1787 2367 1872 2402 duro
1905 2373 2026 2401 autem
2059 2376 2112 2397 ore
2147 2363 2210 2400 hic

1164 2429 1243 2455 non
1257 2446 1266 2463 ,
1284 2428 1323 2456 ut
1344 2419 1428 2455 alias
1446 2431 1512 2468 pro
1533 2418 1765 2466 impudenti,
1787 2412 2103 2465 quemadmodum
2123 2413 2210 2450 Ma-

1166 2470 1237 2505 rius
1252 2473 1267 2511 ‚'
1288 2467 1348 2504 sed
1370 2478 1456 2505 cum
1477 2469 1634 2516 Micyllo
1655 2479 1822 2515 caperem
1845 2478 1912 2513 pro
1933 2463 2040 2509 tristi,
2067 2463 2208 2501 severo.

1167 2528 1209 2556 ut
1228 2518 1337 2567 Epist.
1359 2532 1439 2556 xvi.
1467 2531 1523 2556 ιι.

1538 2595 1610 2627 Nec
1627 2587 1734 2625 vultu
1757 2596 1866 2624 cetera
1886 2585 1973 2635 dura

1219 2642 1362 2694 Perlege.
1380 2674 1388 2683 .

1169 2718 1279 2769 Epist.
1298 2729 1394 2755 xvir.
1418 2715 1476 2754 16.

1222 2799 1294 2831 Nec
1306 2793 1402 2843 fideo
1421 2788 1531 2827 torvis
1550 2786 1638 2824 dora
1651 2781 1854 2835 ficperciliis.

1167 2870 1217 2910 Et
1236 2881 1298 2906 111.
1320 2868 1400 2905 Art.
1418 2865 1504 2911 467.

1220 2952 1292 2984 Nec
1310 2957 1428 2984 tamen
1446 2941 1547 2980 ednro
1566 2936 1655 2989 quod
1666 2934 1757 2986 petit
1777 2946 1831 2970 ore
1848 2935 1943 2981 nega.

1171 3019 1285 3057 Multi
1312 3030 1403 3056 vero
1428 3017 1491 3053 hic
1517 3013 1686 3056 codices,
1716 3009 1871 3049 creditor.
1899 3006 1994 3061 alter
2007 3003 2211 3057 Puteaneus

1173 3072 1212 3109 &
1240 3069 1410 3107 Francos.
1435 3065 1586 3106 conditor
1605 3094 1615 3110 ,
1649 3066 1702 3104 ita
1729 3064 1769 3101 in
1795 3059 1950 3114 bpistola
1975 3054 2211 3107 symmachi,

1173 3133 1246 3172 qua
1266 3120 1420 3159 Ausonii
1439 3118 1633 3155 Mosellam
1652 3114 1774 3153 laudat
1793 3124 1833 3149 vi
1856 3123 1875 3148 a
1888 3109 2027 3163 Vincto
2043 3102 2209 3158 Ausonio

1174 3172 1296 3210 addita
1317 3185 1326 3209 ι
1365 3169 1529 3220 anstor
1547 3183 1577 3206 es
1593 3196 1603 3212 ,
1626 3164 1792 3207 memini3
1823 3159 1946 3209 confiln
1964 3153 2082 3209 reg-alt}
2097 3162 2214 3201 parti·-v

1177 3231 1268 3271 ceps:
1283 3222 1363 3267 scio.
1376 3231 1516 3271 precum
1536 3218 1709 3256 condttor:
1731 3211 1923 3260 recognosco.
1946 3207 2115 3242 Hemiius
2135 3214 2215 3245 ma«-¹

1175 3273 1273 3314 lebat
1290 3272 1434 3322 legere,
1456 3281 1594 3321 precum
1611 3268 1768 3353 coggiffri).
1795 3263 2097 3352 ξυΜαΑΝΝυὲς·
2125 3308 2221 3344 Inter
