2553 3676
418 196 565 255 AD
639 188 1099 252 LIVIAM
1172 192 1886 254 AUGUSTAM.

2137 198 2231 252 801

381 287 499 343 Nec
525 286 642 341 fleri
667 284 774 357 ipse
800 280 930 342 suiS‚
967 297 1068 333 nec
1093 298 1419 355 quemquam
1446 283 1578 339 flere
1604 285 1850 348 suorumz;

451 361 596 422 Nee,
632 371 765 431 quae
789 369 886 406 nos
911 352 1140 423 patimur
1168 356 1354 423 vulgus
1371 395 1384 415 ,
1429 356 1483 408 δε
1508 358 1615 429 ipse
1638 357 1762 430 pati.

274 435 339 500 65
378 431 630 488 Vidimus
675 426 859 496 erepta
884 436 1223 478 moerentem
1247 426 1407 495 stirpe
1432 428 1656 484 SororiS.

450 502 680 561 Lu&u5‚
720 497 858 552 utin
883 496 1092 557 Druso,
1130 496 1371 568 publicus
1396 497 1481 550 ille
1508 501 1623 555 fuit.

380 571 645 630 Condidit
668 569 996 642 Agrippam,
1035 587 1146 641 quo
1170 582 1252 633 te,
1291 569 1576 636 Marcelle,
1614 574 1883 645 sepulcro:>

382 683 387 687 -
448 645 521 699 Et
545 644 688 715 cepit
716 659 943 714 generos
963 642 1070 712 jam
1098 643 1246 696 locus
1268 642 1354 696 ille
1378 642 1528 697 duos,

373 717 487 774 Vix
513 716 683 788 posito
710 715 951 786 Agrippa
977 714 1168 767 tumuli
1192 714 1328 768 bene
1348 714 1502 785 janua
1528 715 1694 770 clausa
1722 716 1823 771 est:

259 809 332 857 70

446 789 661 843 Pei-ficit
688 785 933 841 officium
957 785 1189 849 funeri5‚
1228 804 1384 850 ecce,
1423 788 1587 842 soror.

376 860 524 916 Ecce
541 900 556 924 ‚
593 874 675 914 ter
702 872 824 913 ante
848 858 1013 922 datiS,
1045 857 1242 928 jactura
1269 859 1792 923 novissima,Drusus

447 936 500 987 A
525 949 720 1003 magno
746 932 983 985 lacrimas
1008 929 1231 984 Caesare
1257 946 1474 1002 quartus
1501 931 1674 986 habet.

376 1004 627 1060 Claudite
645 1003 782 1074 jam,
820 1003 1046 1066 Parcae,
1075 1003 1301 1057 nimium
1327 1005 1552 1058 reserata
1576 1005 1844 1077 sepulcra3

449 1077 725 1132 Claudite:
765 1076 880 1148 plus
897 1074 1035 1146 justo
1054 1075 1164 1146 jam
1189 1075 1382 1131 domus
1408 1076 1497 1130 ista
1525 1090 1685 1149 patet.

80 1269 249 1320 juss‘uit,
277 1267 463 1312 tutisaut
488 1279 522 1303 eo
553 1265 662 1314 magis
689 1264 816 1311 honesti
841 1265 936 1309 fient.
990 1262 1037 1302 Et
1056 1265 1132 1302 hoc

86 1321 257 1370 exprimit
281 1318 470 1356 Claudiam.
496 1330 550 1354 11.
570 1316 616 1354 de
639 1316 756 1353 Laud.
776 1315 889 1352 Stilic.
908 1313 994 1352 118.

140 1377 181 1407 In
200 1371 301 1418 legem
322 1368 476 1417 rapiendi
496 1377 651 1403 verterat
670 1370 759 1414 usus.

86 1421 144 1459 Sic
167 1431 318 1470 quoque
332 1418 483 1468 juresao
505 1417 642 1466 aliquid
663 1417 783 1453 facere
807 1415 963 1460 dicitur,
991 1417 1055 1465 qui
1066 1428 1133 1465 pro

85 1471 231 1509 arbitrio
250 1472 497 1517 impotenter,
525 1466 624 1517 quasi
645 1465 706 1504 fibi
729 1467 856 1504 omnia
872 1466 1045 1511 licerent-⁹
1075 1468 1128 1505 fa-

85 1524 145 1559 cit.
174 1521 219 1558 de
246 1532 323 1569 quo
345 1520 418 1568 egit
439 1519 616 1556 Hottom.
638 1517 685 1555 ad
703 1518 822 1554 Cicer.
838 1529 904 1565 pro
926 1517 1129 1565 Arch.cap.

88 1584 120 1610 1.
144 1573 182 1609 &
208 1583 274 1608 nos
293 1569 338 1607 ad
371 1572 521 1607 Petron.
548 1579 628 1616 cap.
658 1580 820 1604 txxvm.
846 1568 883 1604 ὃ(
908 1567 952 1604 ad
976 1568 1129 1616 Quinct.

84 1622 192 1660 Decl.
212 1634 280 1658 κη.
309 1633 342 1657 2.
370 1620 476 1658 Haec
507 1619 617 1657 credo
650 1619 779 1655 melius
808 1617 946 1655 sensum
973 1619 1130 1656 auctoris

84 1672 332 1714 illustrabunt,
366 1682 477 1720 quam
499 1670 628 1719 jejuna
655 1669 714 1706 illa
742 1670 780 1706 ὅ(
801 1668 1029 1706 emendicata
1051 1670 1132 1706 Go-

87 1723 162 1760 ralli
186 1721 377 1770 expositio.
402 1721 568 1771 injustum
588 1730 677 1757 vero
693 1719 754 1769 jus
770 1719 862 1757 dixit
878 1730 943 1767 per
964 1719 1134 1767 ὃξύμωρον

88 1782 130 1810 ut
151 1774 243 1810 Met.
269 1784 323 1810 11.
342 1773 425 1818 627.

140 1823 338 1872 Injuflaque
352 1822 444 1871 justa
460 1822 596 1872 peregit.
648 1821 832 1859 BuRMAN.

141 1886 199 1921 55.
227 1874 260 1909 si
280 1873 431 1922 lacha]
461 1873 495 1909 Si
515 1872 662 1908 lac-*tibus
680 1873 770 1909 olim
789 1871 961 1910 Heinsius
973 1872 1132 1911 volebat.

88 1923 148 1962 sed
168 1924 258 1961 nihil
277 1932 395 1960 muto.
423 1923 495 1960 vid.
516 1922 560 1960 ad
585 1922 766 1972 Quinctil.
789 1923 894 1960 Decl.
916 1935 1057 1972 x11.15.

141 1975 200 2012 61.
227 1973 402 2010 Sacerille
424 1973 553 2010 locatus
574 1975 612 2010 in
635 1972 747 2020 arces!
785 1979 882 2010 Sacer
909 1974 973 2023 ipſse
1000 1973 1134 2022 priscae

91 2024 273 2062 editiones
297 2036 382 2062 cum
402 2024 621 2061 membranis
641 2024 855 2061 constanter.
883 2025 980 2061 forte
998 2026 1107 2061 etiam
1122 2051 1134 2069 ‚

83 2075 228 2123 summa
241 2075 376 2123 patriae
397 2075 454 2110 ille
474 2074 602 2110 locatus
614 2075 659 2110 »in
676 2087 762 2110 arce.
784 2075 994 2112 HEthms.
1018 2075 1133 2112 Mire-

91 2127 210 2169 mini,
239 2125 434 2168 Lectores,
464 2125 663 2162 fecundum
679 2124 817 2161 Goralli
832 2125 1042 2173 ingenium,
1071 2125 1134 2174 qui

92 2187 177 2213 cum
207 2177 242 2213 in
273 2176 444 2223 Stephani
473 2177 511 2212 &
542 2174 646 2213 Fabri
684 2175 878 2212 Thesauris
916 2173 1132 2220 invenisset,

92 2239 206 2262 arcem
228 2237 294 2273 pro
314 2225 532 2275 Tyrannide
550 2226 664 2274 poni,
700 2225 786 2263 hinc
815 2225 877 2263 sibi
892 2226 951 2274 jus
974 2227 1060 2264 fecit
1081 2227 1135 2263 in-

94 2276 310 2324 eptissimam
339 2277 588 2313 adulationem
612 2275 808 2324 affingendi
827 2278 950 2313 nostro
972 2277 1133 2321 Poetae,

95 2327 184 2373 qui,
210 2327 343 2364 scilicet
368 2327 534 2376 Augusto
567 2328 776 2371 occineret,
812 2327 899 2364 ideo
925 2327 1026 2364 illum
1058 2339 1135 2364 non

94 2375 226 2412 debere
252 2377 311 2413 illa
338 2378 436 2423 pati,
471 2388 567 2425 quae
595 2378 729 2425 patitur
760 2377 888 2425 vulgus
908 2405 919 2420 ,
955 2378 1039 2426 quia
1069 2378 1137 2415 fuit

94 2425 294 2474 Tyrannus
322 2426 460 2462 Patriae
488 2427 581 2463 suae.
634 2428 691 2463 En
718 2427 937 2474 elegantiam
968 2428 1138 2475 <politissi-

93 2487 243 2514 morum
263 2475 514 2513 Gallulorum!
542 2475 601 2513 sed
624 2475 648 2512 si
668 2476 823 2512 versatus
844 2475 962 2513 fuisset
983 2478 1021 2513 in
1042 2478 1138 2516 Poe'-

93 2534 214 2564 tarum
250 2534 418 2563 veterurn
448 2525 637 2569 lectione,
685 2525 789 2563 facile
819 2525 990 2574 potuisset
1027 2527 1136 2572 scire,

87 2577 268 2625 summam
290 2589 402 2613 arcem
424 2588 490 2624 pro
509 2577 616 2614 coelo
638 2577 737 2624 poni.
760 2576 1016 2613 Ovid.1.Met.
1033 2578 1114 2627 163.

150 2629 249 2674 Qae
262 2636 361 2676 pater
381 2637 420 2662 ut
432 2626 577 2675 samma
600 2627 694 2663 vidit
714 2627 896 2663 saturnias
915 2639 1001 2665 arce.

95 2676 147 2714 ‘Et
167 2690 213 2714 11.
231 2679 324 2715 Met.
349 2678 429 2715 106.

374 2734 555 2764 Summam
572 2727 659 2777 petit
680 2727 810 2765 arduus
828 2741 964 2774 arcem,

149 2776 243 2814 Unde
254 2776 340 2825 solet
360 2777 442 2814 latis
461 2779 564 2814 nubes
585 2779 743 2815 inducere
766 2780 877 2816 terris.

99 2827 148 2866 Et
165 2827 248 2864 alibi
267 2829 368 2875 saepe
382 2828 512 2865 Noster
530 2831 567 2865 ὃς
586 2841 716 2866 omnes
738 2830 890 2867 Poetae.
911 2829 984 2867 vid.
1002 2829 1048 2867 ad
1070 2841 1136 2868 ΠΙ.4

98 2879 231 2915 Amor.
255 2889 288 2914 x.
308 2890 366 2914 21.
393 2877 462 2915 Sed
483 2890 529 2915 ne
543 2879 749 2926 Spudaeum
765 2879 973 2927 compilaffe
992 2879 1138 2925 videar,

96 2928 158 2965 hic
189 2927 360 2976 quiesce,
383 2929 419 2965 δε
447 2928 492 2965 ad
528 2929 723 2978 Micyllum
751 2942 931 2978 provoco.
956 2939 1142 2978 praeterea

96 2989 209 3027 quam
242 2978 407 3023 ineptum
443 2978 491 3014 est
518 2978 653 3028 fingere
676 3008 686 3024 ,
733 2981 900 3030 Augusto
922 3009 930 3023 ,
966 2982 1140 3030 exemplo

96 3029 254 3066 aliorum
288 3027 455 3064 Deorum
480 3055 490 3071 ‚
531 3031 712 3076 templum
741 3032 777 3068 in
809 3032 927 3080 aliqua
957 3042 1038 3068 arce
1059 3033 1140 3080 jam

96 3077 202 3116 fuiss‘e
220 3076 406 3126 positum?
434 3077 546 3126 pudet
567 3078 744 3118 stultitiae.
795 3082 925 3119 Euam.

151 3140 209 3175 70.
248 3126 397 3174 Perficit.
421 3127 436 3178 ]
474 3128 619 3176 percipit
646 3129 788 3178 Lipsius
815 3130 1072 3170 animadversis
1100 3132 1139 3169 in

94 3177 403 3216 Consolationem
427 3180 585 3216 Senecae
603 3177 647 3215 ad
659 3181 835 3218 Marciam
848 3194 923 3230 cap.
936 3195 979 3219 11.
992 3183 1139 3220 Hfims.

96 3228 288 3266 Chifletius
310 3256 318 3270 ‚
354 3229 398 3265 ad
426 3229 599 3266 Titulum
627 3228 847 3278 Septimiae,
883 3234 1001 3280 capit,
1038 3232 1138 3281 quasi

93 3279 254 3320 octav-ia
281 3279 448 3319 Marcelli
476 3280 583 3320 funus
603 3280 739 3322 eodem
770 3281 889 3321 modo
916 3284 1135 3335 perfecerit,

2121 1151 2230 1207 Ce=

1187 1272 1228 1302 ut
1256 1271 1361 1302 antea
1392 1264 1576 1314 Agrippae
1608 1264 1811 1315 Augustus,
1840 1274 1925 1304 cum
1949 1267 2144 1305 Marcellus
2168 1268 2233 1307 diu

1134 1332 1136 1335 >
1190 1325 1274 1352 ante
1297 1316 1496 1364 Agrippam
1519 1316 1559 1354 lit
1570 1325 1748 1354 mortuus.
1776 1317 1951 1364 pudendo
1969 1330 2101 1355 errore.
2130 1330 2235 1366 prae·

1190 1373 1289 1403 terea
1316 1366 1583 1404 observandum
1615 1365 1684 1404 effe
1714 1368 1833 1411 dicit,
1864 1368 2016 1416 januam
2046 1380 2122 1405 non
2159 1369 2233 1407 dici

1189 1417 1288 1454 nude
1310 1416 1461 1465 clausam
1475 1445 1484 1460 ,
1531 1417 1591 1455 sed
1622 1417 1702 1453 bene
1724 1417 1876 1463 clausam
1904 1419 2027 1467 inepte
2045 1419 2118 1456 hoc
2136 1430 2234 1468 quo-

1189 1478 1284 1515 que;
1313 1479 1396 1505 cum
1419 1480 1496 1505 vox
1518 1467 1598 1504 bene
1618 1480 1702 1505 cum
1730 1471 1779 1515 ’τῷ
1807 1469 1872 1504 vix
1894 1468 1935 1506 sit
1952 1469 2164 1518 jungenda,
2193 1476 2235 1506 ut

1184 1518 1316 1555 millies
1336 1518 1401 1554 vix
1421 1518 1500 1554 bene
1520 1531 1586 1567 pro
1609 1519 1726 1556 modo
1739 1519 2020 1563 ,commodum
2034 1519 2148 1556 Ovid.
2164 1519 2236 1569 Ep.

1186 1580 1247 1605 1¹1.
1269 1580 1302 1605 2.
1359 1569 1423 1605 Vix
1441 1568 1520 1605 bene
1539 1568 1726 1606 Barbarica
1750 1574 1881 1605 Graeca
1909 1580 2031 1606 notata
2058 1583 2181 1608 manu.

1186 1631 1229 1656 Η.
1249 1619 1344 1656 Met.
1362 1630 1421 1665 47.
1475 1620 1539 1656 Vix
1559 1619 1638 1656 hene
1658 1618 1809 1668 desierat.

1188 1681 1254 1706 111.
1276 1682 1329 1714 14.
1365 1670 1430 1706 Vix
1450 1668 1530 1706 bene
1546 1670 1695 1717 Castalio
1708 1671 1865 1708 Cadmus
1883 1670 2099 1720 descenderat
2118 1674 2236 1710 antro:

1190 1721 1228 1757 &
1246 1721 1375 1758 millies
1397 1721 1491 1758 alibi.
1546 1721 1728 1759 Bussmm.

1241 1781 1300 1816 71.
1328 1776 1411 1807 Ecce
1432 1782 1484 1806 ter
1500 1783 1582 1808 ante
1604 1772 1734 1821 d.1tis.]
1775 1773 1849 1810 Hic
1871 1784 1960 1810 vero
1981 1773 2015 1810 se
2039 1772 2234 1821 ingenium

1190 1822 1229 1858 ὃ(
1257 1822 1429 1859 acerrima
1459 1821 1681 1871 dijudicandi
1705 1825 1756 1859 vis
1783 1824 1819 1860 in
1843 1824 1995 1861 Gorallo
2016 1822 2148 1871 prodit.
2169 1823 2235 1871 qui

1187 1872 1237 1909 ita
1259 1882 1555 1917 commentatur,
1584 1878 1646 1909 Ter
1664 1884 1745 1909 ante
1765 1873 1857 1909 datis
1872 1901 1881 1916 ,
1910 1873 1970 1910 hoc
1987 1873 2028 1919 est
2039 1872 2149 1910 tribus
2167 1886 2236 1909 an-

1188 1932 1220 1958 te
1243 1936 1315 1958 orco
1337 1923 1429 1959 datis
1442 1951 1452 1967 ‚
1481 1923 1538 1959 vel
1558 1933 1609 1959 ter
1619 1923 1795 1972 fi’pulchro
1817 1923 1912 1959 datis
1929 1924 2077 1972 Augusti
2096 1923 2236 1970 consan-

1186 1973 1320 2019 guineis
1338 1987 1378 2009 ac
1394 1974 1602 2024 propinquis.
1631 1977 1668 2011 ὅ(
1690 1975 1726 2011 in
1749 1973 1947 2022 paraphrasi
1962 2002 1971 2018 ,
1994 1974 2061 2022 post
2088 1974 2157 2009 tria
2178 1985 2235 2008 ca-

1191 2022 1319 2070 riffima
1340 2025 1450 2073 capita
1464 2024 1638 2073 sepulchro
1658 2024 1773 2061 illata.
1827 2024 1920 2071 Quis
1953 2036 2127 2072 umquam
2150 2023 2235 2061 talia

1192 2083 1318 2111 mente
1339 2075 1398 2112 sua
1421 2076 1631 2122 conciperet
1647 2103 1657 2118 ‚
1683 2074 1749 2112 nisi
1772 2074 1830 2111 cui
1847 2075 1905 2111 illa
1928 2074 2009 2111 sede
2028 2075 2085 2111 sua
2107 2081 2236 2111 emota

1193 2123 1290 2162 esset.
1318 2127 1431 2163 tutius
1450 2124 1568 2162 fuisset
1590 2126 1785 2174 Micyllum
1804 2124 1929 2173 sequi,
1958 2126 2019 2173 qui
2042 2135 2092 2160 ter
2114 2124 2234 2168 datis,

1188 2175 1322 2212 scilicet
1342 2176 1514 2220 lacrimis,
1526 2187 1610 2214 vere
1623 2175 1772 2224 supplet.
1795 2174 2008 2223 siumquim
2025 2175 2154 2211 Poetas
2167 2201 2177 2217 ,
2193 2175 2234 2211 &

1188 2226 1223 2262 in
1246 2227 1369 2273 primis
1402 2227 1584 2263 Ovidium
1614 2223 1773 2275 legisset,
1811 2225 2032 2273 deprendere
2065 2222 2235 2272 potuisset

1189 2276 1471 2324 vulgatissimam
1504 2275 1573 2314 effe
1591 2277 1823 2314 locutionem
1839 2304 1849 2320 ,
1875 2276 1956 2312 dare
1980 2274 2158 2312 lacrimas.
2184 2273 2234 2312 sie

1193 2328 1292 2364 enim
1315 2328 1413 2365 Naso
1437 2339 1499 2364 111.
1522 2328 1590 2376 Ep.
1613 2340 1667 2375 15.

1243 2383 1300 2414 At
1318 2376 1565 2427 lacrimasfine
1577 2376 1650 2425 fine
1669 2376 1770 2422 dedi,
1799 2376 1939 2426 rapique
1957 2375 2106 2426 capillos.

1194 2428 1352 2465 Remed.
1382 2441 1462 2476 129.

1234 2484 1335 2516 »Cum
1373 2479 1505 2516 dederit
1532 2477 1694 2515 lacrimas
1716 2505 1726 2522 ,
1765 2477 1994 2526 animumque
2032 2474 2230 2526 implevsrt'}

1366 2542 1518 2577 aegrum.

1194 2590 1223 2616 1.
1247 2578 1333 2616 Am.
1355 2591 1426 2616 vu.
1447 2581 1505 2616 60.

1245 2630 1390 2677 Sanguis
1408 2641 1506 2666 erant
1525 2629 1806 2680 lacrimae‚quas
1824 2628 1932 2666 dabat
1953 2628 2016 2666 illa
2029 2656 2040 2674 ‚
2055 2641 2163 2667 meus.

1194 2690 1248 2717 ιν.
1272 2681 1364 2717 Met.
1390 2692 1469 2725 117.

1246 2734 1356 2779 thue
1376 2730 1471 2768 dedit
1492 2741 1590 2768 notae
1608 2730 1773 2768 lacrimas
1788 2758 1799 2776 ‚
1819 2730 1914 2768 dedit
1933 2729 2044 2779 oscula
2065 2729 2163 2778 vesti.

1195 2793 1250 2818 XI.
1273 2781 1366 2818 Met.
1384 2783 1469 2829 669.

1244 2836 1369 2879 Surge,
1404 2845 1463 2880 age
1479 2860 1490 2877 ,
1519 2832 1566 2869 da
1591 2831 1767 2870 lacrimas.

1192 2881 1241 2918 Et
1263 2893 1345 2927 720.

1248 2936 1292 2968 Et
1309 2943 1495 2983 tamqnam
1515 2934 1624 2983 ignoto
1645 2932 1828 2972 lacrimam
1850 2933 1959 2972 daret.

1197 2981 1243 3019 Et
1263 2983 1386 3031 passim
1409 2984 1502 3021 alibi.
1530 2985 1618 3034 quid
1639 2985 1778 3023 facilius
1807 2988 1844 3022 ὃ(
1868 2983 2072 3033 expositum
2095 2979 2240 3030 magis?

1195 3032 1255 3069 sed
1275 3033 1348 3071 line
1370 3033 1482 3071 dubio
1503 3036 1541 3072 in
1561 3035 1752 3073 Thesauro
1781 3035 1951 3084 Stephani
1978 3033 2029 3070 sui
2059 3040 2242 3081 repererat

1194 3082 1255 3120 illa
1283 3084 1412 3122 Ovidii
1435 3098 1478 3122 ιι.
1500 3086 1591 3123 Met.
1620 3088 1702 3134 326.

1248 3139 1396 3184 Corpora
1417 3136 1507 3171 dant
1527 3136 1675 3174 tamaio.

1195 3184 1336 3231 Quod,
1372 3197 1419 3222 ne
1449 3188 1613 3234 periret,
1650 3188 1804 3235 ineptire
1834 3185 1998 3222 instituit.
2045 3182 2071 3220 fi
2099 3181 2241 3233 legiffet

1194 3234 1307 3271 etiam
1336 3233 1436 3272 humi
1463 3236 1546 3273 dare
1573 3246 1685 3286 corpus
1713 3236 1807 3284 apud
1839 3235 2052 3272 Scaevolam
2079 3235 2100 3271 l.
2122 3236 2185 3272 ult.
2205 3236 2244 3277 §o

1192 3283 1256 3324 ult.
1277 3283 1315 3339 ff.
1338 3284 1384 3325 de
1405 3297 1480 3340 aur,
1499 3298 1571 3338 arg.
1598 3287 1668 3336 leg.
1700 3286 1794 3374 inlde
1810 3284 1952 3341 sinuare
1984 3283 2156 3335 potuiffet
2188 3286 2243 3322 fa-

1764 3347 1843 3377 llll
2142 3344 2244 3377 tuam
