2553 3676
727 176 788 232 P.
864 170 1282 231 OVIDII

1354 165 1890 225 NASONIS

413 267 478 337 85
515 267 606 323 Ina
630 262 981 320 reluctantem
1006 278 1168 314 curru
1193 256 1468 312 deducere
1493 257 1710 313 Lunam

596 339 829 400 Nititur,
870 335 925 389 δέ
951 332 1186 387 tenebris
1208 329 1407 385 abdere
1432 331 1566 385 Solis
1590 348 1774 404 equos,

523 413 612 469 Illa
635 413 868 467 refrenat
895 424 1081 482 aqum,
1120 404 1443 478 obliquaque
1468 402 1690 459 flumina
1713 403 1863 460 fistit:

601 486 689 539 Ina
710 485 835 538 loco
859 481 1047 545 filvaS,
1067 479 1295 553 vivaque
1318 478 1436 531 saxa
1459 492 1660 530 movet.

529 558 634 614 Per
659 557 893 611 tumulos
918 567 1058 610 errat
1081 550 1234 625 passis
1261 548 1510 603 discincta
1535 550 1760 621 capiHiS‚

420 649 493 700 90

290 829 352 879 85.
390 829 504 878 Cursu
529 829 692 867 deducere
719 826 906 877 Lunam]
947 826 1007 865 Sic
1042 827 1081 864 in
1107 823 1293 863 omnibus.

242 894 313 931 ego
340 880 496 919 libenter
523 895 626 918 curru
650 882 826 930 legerim,
853 890 933 916 non
965 877 1076 926 cursu.
1105 876 1293 914 Nauem.

605 629 879 705 Certaque
905 629 975 684 de
1001 625 1195 699 tepidis
1219 623 1425 696 colligit
1451 620 1557 678 offa
1580 623 1743 695 rogis.

2287 692 2401 763 De&

1402 823 1539 860 Stultus
1554 851 1564 868 ,
1581 822 1625 860 ab
1646 822 1782 876 obliquo
1801 824 1865 874 qui
1886 837 1964 863 cum
1982 823 2176 875 descendere
2188 822 2298 874 poffit,

1453 881 1594 924 Pugnat
1614 875 1652 912 in
1671 876 1841 926 adversas
1857 876 1906 914 ire
1928 887 2071 916 natatcar
2089 889 2212 928 aquas.

243 933 402 981 Repone
425 945 528 969 curru
549 945 634 970 cum
654 933 764 970 tribus
785 930 986 968 codicibus.
1014 930 1076 966 De
1100 940 1207 965 curru
1228 926 1297 964 So·
1352 925 1488 965 Horat.
1516 938 1572 964 11.
1595 926 1671 964 Od.
1697 940 1778 965 111.

241 983 284 1022 lis
301 995 343 1020 ac
368 984 496 1021 Lunae
515 983 613 1032 apud
630 984 763 1021 Poetas
781 983 861 1033 jani
883 980 1036 1031 protrita
1055 980 1135 1019 sunt
1155 979 1297 1016 omnia.

245 1033 444 1079 Tibullus,
477 1047 505 1071 1.
527 1035 629 1084 Eleg.
649 1047 736 1072 v111.

298 1090 437 1122 Cantus
453 1097 497 1125 ω’
512 1086 529 1121 e
550 1099 654 1121 curru
677 1091 815 1122 Lunam
833 1084 996 1122 deducere
1015 1092 1144 1121 tentat.

249 1135 309 1174 Sic
340 1137 379 1173 &
410 1142 565 1173 Lunares
595 1150 715 1181 currus
745 1138 904 1175 Metam.
934 1147 995 1176 XV.
1036 1147 1122 1185 790.
1161 1131 1301 1173 Avien.

249 1187 441 1236 Prognost.
462 1200 496 1236 p.
520 1188 603 1226 116.
627 1187 693 1224 Ed.
718 1188 826 1225 Grot.

302 1238 464 1274 Protollit
483 1237 641 1286 Cynthia
661 1250 792 1275 currus.

252 1288 388 1326 Manil.
413 1301 444 1325 1.
468 1291 547 1330 167.

305 1344 472 1390 Lunnque
483 1338 674 1388 submersos
691 1349 816 1389 regeret
826 1347 887 1389 per
903 1338 1029 1376 inania
1049 1344 1184 1378 currem

251 1390 307 1427 Ut
326 1389 415 1438 legit
437 1390 606 1439 Scaliger.
635 1392 673 1427 &
694 1405 727 1426 v.
750 1391 835 1437 667.

303 1440 593 1492 subsequiturque
602 1440 666 1490 suo
685 1441 795 1478 Solem
813 1454 907 1490 vaga
930 1440 1036 1478 Delia
1057 1451 1176 1479 curru.

252 1491 385 1531 Etlib.
408 1504 443 1529 v.
468 1503 551 1538 721.

307 1542 370 1578 Sed
394 1556 472 1579 cum
493 1543 589 1580 clara
602 1543 682 1591 suos
700 1544 835 1580 avertit
852 1542 957 1579 Delia
980 1555 1113 1579 currus.

253 1592 384 1631 Senec.
408 1594 524 1642 Hipp.
545 1606 586 1643 31
600 1607 628 1631 1.
657 1600 812 1630 Lunares
831 1608 962 1630 currus.
988 1593 1075 1630 Stat.
1096 1605 1191 1639 Vtut

305 1647 402 1682 A'e're
414 1645 622 1694 pendentem
641 1658 752 1682 vacuo
769 1655 802 1682 te
823 1658 943 1681 currus
961 1653 1105 1694 uterque

308 1700 458 1732 Circuit.

257 1746 345 1784 Lib.
366 1759 421 1784 1x.

312 1797 466 1833 Vetitam
488 1809 608 1833 currus
628 1797 818 1846 disjungere
833 1795 1002 1837 Phoeben.

258 1845 385 1895 Valet.
407 1847 525 1885 FIacc.
546 1860 611 1884 111.
632 1860 717 1896 415.

314 1905 439 1936 Movet
456 1912 498 1935 en
513 1897 640 1947 gelidos
660 1898 811 1936 Latonia
832 1911 963 1938 currus.

258 1948 368 2000 Virg.
390 1962 425 1988 x.
448 1949 608 1988 Aeneid.
630 1962 715 1999 215.

746 2001 927 2054 Almaque
945 2015 1050 2041 curru

315 2051 508 2101 Noi‘tivago
529 2051 660 2090 Phoebe
678 2053 834 2089 medium
851 2053 1012 2103 pulfiibat
1032 2053 1232 2104 Olympum.

261 2104 320 2143 Ita
338 2105 534 2142 Theocrit.
548 2104 752 2153 Idyl.xx11.
767 2105 806 2142 δε
823 2117 908 2142 xxv.
922 2107 959 2143 ὃς
972 2105 1147 2143 Pindarus
1161 2105 1318 2154 Olymp.

264 2155 342 2194 Od.
362 2169 426 2193 111.
454 2156 586 2192 Lunae
605 2155 692 2193 dant
711 2167 872 2193 currum.
897 2157 1110 2193 Hexnsms.

316 2206 376 2251 87.
405 2205 623 2257 Obliquaque
646 2205 805 2256 flumina
820 2204 949 2256 fistit.]
978 2207 1070 2244 Duo
1098 2206 1178 2244 libri
1202 2233 1212 2250 ,
1241 2204 1321 2251 ful-

267 2257 380 2296 mina.
406 2265 446 2295 ut
465 2257 562 2306 apud
583 2257 763 2295 Senecam
785 2257 973 2307 Thyeste,
1005 2256 1146 2307 Obliqui
1167 2257 1231 2293 via
1241 2256 1323 2304 ful-

268 2309 387 2346 minis.
416 2308 526 2346 Forte
545 2308 701 2352 rectius;
724 2321 772 2346 ne
793 2309 844 2346 bis
872 2308 971 2346 idem
1000 2307 1107 2345 dicat.
1136 2309 1175 2345 ὃς
1203 2309 1250 2346 ita
1270 2308 1324 2345 le-

268 2359 434 2409 gendum
457 2359 650 2397 contendit
672 2359 817 2397 Deh‘ius
834 2359 881 2396 ad
900 2360 1028 2397 Senec.
1049 2361 1162 2396 Herc.
1178 2359 1268 2397 Oet.
1287 2371 1323 2396 v.

270 2423 354 2460 455.
384 2411 580 2449 Cornelius
607 2411 760 2448 Severus
793 2412 905 2448 Aetn.
934 2411 1019 2459 635.
1050 2409 1214 2459 Obliquas
1234 2410 1326 2459 ignes

271 2462 378 2500 dixit.
407 2462 535 2500 Senec.
566 2462 696 2500 Natus.
725 2461 876 2510 Quaest.
901 2460 963 2498 lib.
990 2474 1019 2499 1.
1050 2473 1125 2509 cap.
1152 2474 1181 2498 1.
1206 2463 1245 2497 ὅ(
1269 2473 1326 2500 11.

274 2513 334 2560 58.
387 2518 441 2550 De
485 2512 642 2560 fulmine
689 2526 798 2562 quare
841 2511 976 2562 oblique
1003 2513 1160 2560 seratur.
1198 2512 1327 2550 Senec.

275 2564 432 2612 Thyest.
455 2564 540 2614 358.

327 2617 450 2662 {Luam
473 2629 541 2652 non
558 2614 726 2653 concutiet
745 2615 869 2654 cadens

330 2665 472 2715 obliqui
489 2667 552 2702 via
562 2666 744 2714 fulminis.

278 2715 384 2754 Nihil
411 2724 518 2753 muto
544 2726 683 2756 tamen.
711 2731 799 2757 nam
826 2718 867 2756 &
889 2717 1048 2770 flumina
1074 2717 1173 2757 reete
1190 2718 1330 2771 obliqua

279 2765 463 2804 dicuntur.
492 2767 635 2806 Ι-Ιεικε.
664 2770 711 2807 Et
738 2770 899 2809 Broukh.
923 2771 969 2809 ad
989 2771 1117 2809 Tibul.
1142 2784 1172 2808 1.
1196 2784 1251 2809 11.
1272 2785 1331 2818 44.

282 2816 449 2854 Fulmina
481 2829 632 2867 quoque
672 2823 832 2868 probat,
880 2821 940 2859 sed
971 2834 1043 2871 ego
1077 2822 1168 2859 nihil
1197 2831 1329 2860 muto:

282 2869 402 2906 aliena
419 2869 520 2905 enim
538 2870 598 2906 hic
615 2873 758 2909 mentio
784 2874 946 2911 fuhninis
966 2874 1062 2911 inter
1077 2885 1188 2923 aquas
1203 2901 1213 2917 ,
1228 2873 1332 2912 silvas

283 2920 324 2956 ὃς
344 2919 434 2956 saxa.
463 2918 614 2969 obliqua
642 2933 732 2959 vero
752 2922 910 2972 flumina
932 2924 1011 2962 sunt
1034 2924 1264 2962 decurrentia
1287 2937 1333 2970 ex

286 2979 419 3008 monte
444 2972 500 3007 vel
522 2971 598 3008 altis
617 2971 707 3009 locis
732 3002 742 3017 ‚
779 2983 931 3011 curvato
961 2975 1085 3019 cursu,
1106 2987 1201 3024 quae
1219 2975 1336 3014 sistere

286 3022 370 3059 artis
392 3022 556 3070 magicae
575 3034 679 3070 opus.
711 3036 742 3060 1.
763 3025 920 3061 Metam.
943 3036 1000 3071 39.

341 3072 574 3123 Fluminaque
592 3072 737 3123 obliquis
756 3075 868 3110 cinxit
888 3074 1039 3110 declivia
1057 3074 1152 3123 ripis.

289 3123 338 3162 Et
360 3136 412 3161 ιχ.
436 3136 491 3171 17.

570 3181 691 3224 Regem
709 3189 762 3212 mc
785 3175 891 3212 cernis
907 3189 1085 3226 aquarum

288 3275 324 3315 R
340 3224 504 3316 Curgbus
521 3225 667 3278 obliquis
683 3227 774 3266 inter
791 3238 853 3266 tua
871 3240 974 3277 regna
985 3226 1168 3277 fluentem,

328 3287 409 3315 eme
440 3307 446 3316 .
470 3290 553 3319 121.

1637 982 1685 1014 Et
1704 978 1838 1030 obliquo
1859 979 1997 1018 laborat

1359 1082 1393 1120 L
1406 1028 1563 1079 Lympha
1574 1032 1693 1079 fugax
1715 1031 1886 1081 trepidare
1904 1033 1994 1071 rivo.

1397 1093 1502 1119 ucan.
1531 1095 1558 1119 1.
1580 1093 1665 1119 220.

1411 1133 1554 1169 Primus
1573 1132 1612 1169 in
1630 1130 1808 1186 obliquum
1821 1135 1953 1185 fimipes
1969 1135 2145 1186 opponitur
2162 1139 2318 1175 amnem.

1363 1183 1557 1222 Claudiam.
1583 1197 1611 1222 1.
1634 1185 1673 1222 in
1699 1187 1785 1224 Ruf.
1811 1188 1891 1224 160.
1921 1188 2016 1224 inter
2037 1194 2128 1224 artes
2152 1189 2311 1236 magicas
2337 1186 2416 1231 hoc}

1361 1247 1517 1286 quoque
1537 1236 1709 1274 recenset.
1738 1244 1895 1275 Pronum
1911 1237 2044 1286 lapsum
2064 1237 2188 1275 dicens
2206 1251 2214 1275 :

1416 1286 1582 1336 Versaque
1600 1301 1668 1323 non
1683 1297 1787 1338 prono
1809 1289 1961 1325 curvavi
1973 1286 2132 1339 flumina
2151 1288 2268 1339 lapsu,

1418 1344 1460 1373 In
1474 1339 1591 1383 fontes
1611 1339 1768 1376 reditura
1781 1340 1873 1388 suos.

1365 1388 1445 1425 Ubi
1469 1387 1702 1436 praecesserat
1724 1390 1915 1437 &fulmen
1928 1389 2022 1438 stare
2041 1391 2124 1439 coegi
2148 1419 2157 1433 ,
2197 1391 2237 1428 &
2258 1391 2297 1428 in
2314 1390 2422 1438 codii

1367 1438 1470 1475 cibus
1499 1439 1622 1478 multis
1649 1441 1700 1478 est
1727 1442 1839 1479 etiam
1861 1440 2011 1491 flumen.
2040 1441 2114 1480 vid.
2135 1441 2187 1479 ibi
2206 1441 2422 1493 Heinfiumg

1366 1490 1510 1529 Lucan.
1528 1503 1582 1528 v1.
1601 1503 1686 1542 473.

1654 1543 1855 1594 Amnisque
1871 1543 2024 1581 cucurrit
2034 1571 2044 1588 ‚

1420 1598 1503 1629 Non
1524 1605 1594 1640 qua
1609 1602 1738 1641 pronus
1755 1604 1842 1630 erat.

1367 1641 1456 1679 Vid.
1479 1655 1508 1679 1.
1530 1644 1664 1679 Amor.
1682 1656 1752 1681 vn
1766 1656 1795 1680 1.
1817 1644 1852 1681 6.
1880 1643 2018 1681 Eadem
2043 1644 2196 1682 varietas
2215 1645 2313 1693 apud
2330 1646 2428 1686 Plin:

1371 1704 1518 1731 xxxvn.
1550 1705 1605 1730 10.
1636 1699 1677 1730 In
1707 1692 1815 1744 Persis
1836 1707 1916 1730 vero
1932 1693 2055 1742 suffitu
2074 1707 2195 1732 earum
2217 1696 2427 1746 tempestates

1372 1744 1512 1788 averti,
1533 1755 1576 1782 (θ’
1588 1753 1769 1792 praeterea
1782 1744 1945 1793 fulmina
1961 1773 1969 1789 ,
1983 1745 2061 1793 (ubi
2080 1746 2141 1783 ahi
2155 1744 2329 1796 flumina)
2338 1745 2424 1797 fisti.

1371 1794 1499 1843 Apoll.
1522 1794 1644 1833 Rhod.
1668 1808 1731 1834 111.
1755 1807 1837 1846 532.
2391 1814 2393 1816 ·

1371 1895 1402 1935 B
1427 1847 1501 1881 Καῖ
1519 1850 1703 1892 ποταμοῦς
1714 1847 1833 1889 ‘te-um
1855 1846 1955 1894 ἄφαρ
1979 1845 2169 1884 κελαδεινόι
2186 1846 2340 1893 ῥέοντας.

1405 1909 1636 1934 uRMANNtis.

1425 1947 1485 1985 88.
1516 1947 1672 1997 Vivaque
1686 1948 1781 1997 saxa
1810 1948 1967 1999 movet.]
1999 1951 2243 2000 Quamquam
2267 1950 2335 1987 loco
2357 1950 2432 1989 mo:

1373 2011 1454 2034 vere
1481 1998 1594 2047 proba
1622 1998 1663 2036 fit
1690 2000 1834 2038 locutio
1856 2029 1867 2045 ‚
1905 2010 1945 2038 ut
1973 2001 2101 2038 Senec.
2131 2002 2176 2039 de
2204 2002 2294 2039 Vita
2322 2001 2429 2042 Beat.

1373 2060 1496 2086 XXVII.
1526 2055 1597 2086 Nec
1627 2050 1698 2087 ideo
1725 2061 1790 2087 atet
1820 2051 1887 2087 loco
1912 2065 1988 2088 eam
2011 2062 2176 2096 movent,
2206 2053 2355 2090 mallem
2375 2061 2431 2091 ta·—

1373 2111 1462 2145 men
1481 2101 1542 2138 hic
1561 2101 1690 2146 trabit,
1704 2111 1745 2140 ut
1768 2102 1914 2140 codices
1934 2102 2067 2146 Vossii,
2082 2103 2266 2148 Scriverin
2280 2105 2318 2141 δε
2332 2105 2429 2142 Got-

1373 2152 1591 2200 torphienfis
1617 2154 1764 2191 habent.
1802 2153 1851 2191 est
1888 2162 2015 2191 autem
2044 2154 2200 2193 verbum
2228 2156 2433 2206 magicum,

1374 2202 1436 2241 lib.
1459 2216 1530 2240 vn.
1554 2205 1710 2242 Metam.
1731 2216 1816 2241 207.

1433 2259 1477 2291 Te
1495 2269 1627 2306 quoque
1646 2261 1748 2292 Luna
1771 2255 1884 2294 traho.

1379 2305 1508 2343 Senec.
1529 2307 1644 2356 Hipp.
1668 2319 1753 2355 791.

1432 2359 1596 2394 Trueiam
1615 2357 1808 2408 Theffizlicis
1830 2359 2045 2397 carminibus
2065 2359 2149 2398 ruti.

1382 2409 1501 2457 Quod
1521 2421 1555 2446 V.
1574 2422 1660 2456 421.
1682 2409 1875 2447 Detrahere
1897 2411 2001 2449 dixit.
2022 2413 2060 2448 ὃ(
2081 2410 2185 2450 Med.
2208 2410 2297 2459 684}

1437 2463 1563 2496 Traffta
1580 2461 1722 2510 magicis
1739 2461 1910 2499 cantibus.

1383 2510 1460 2548 Ubi
1506 2513 1695 2550 manifeste
1735 2513 1873 2550 Seneca
1914 2513 1961 2551 ad
1995 2514 2096 2552 hunc
2131 2514 2260 2553 locum
2304 2512 2437 2556 Ovidii

1382 2562 1536 2611 respicit.
1557 2563 1705 2601 Medea.
1723 2564 1809 2612 968.
1830 2573 1870 2602 ut
1888 2564 1983 2603 bene
2004 2566 2220 2605 emendavit
2239 2566 2410 2613 Delriusa

1437 2619 1530 2650 Saxa
1550 2628 1628 2651 cum
1637 2613 1744 2663 silvis
1757 2614 1915 2653 traham.

1384 2665 1520 2704 Noster
1540 2679 1602 2703 111.
1621 2666 1710 2704 Fast.
1732 2678 1814 2716 325.

1439 2719 1589 2767 Quique
1604 2717 1755 2755 trahant
1763 2717 1894 2768 superis
1903 2717 2043 2766 sedibus
2063 2728 2140 2756 arte
2154 2718 2303 2764 Jovem.

1387 2768 1518 2807 Claud.
1542 2781 1572 2806 1.
1590 2768 1715 2807 Rufin.
1741 2772 1821 2817 156.

1670 2825 1718 2857 Et
1735 2820 1874 2857 condita
1883 2821 2016 2867 funera
2033 2819 2132 2857 traxi

1441 2870 1670 2909 Carminibus
1686 2871 1828 2908 victura
1849 2871 1944 2908 meis.

1390 2922 1518 2961 Senec.
1554 2935 1605 2960 1v.
1636 2922 1723 2960 Nat.
1749 2922 1899 2970 Quaest.
1927 2934 1980 2959 ιν.
1999 2934 2034 2970 7.
2062 2921 2258 2961 Attrahere
2276 2922 2380 2964 dixit.
2403 2928 2443 2971 λς’

1393 2974 1507 3012 obstat
1524 2975 1627 3011 locus
1647 2985 1719 3011 vu.
1740 2974 1896 3010 Metam.
1919 2985 2001 3019 204.
2424 2975 2426 2977 ’

1447 3024 1604 3073 Vivaque
1613 3024 1706 3072 saxa
1720 3051 1730 3067 ‚
1749 3022 1818 3071 sua
1838 3023 2068 3074 convulsaque
2084 3024 2204 3063 robora
2223 3036 2317 3064 terra

1445 3080 1492 3110 Et
1504 3074 1619 3123 silvas
1636 3087 1766 3112 moveo,

1394 3124 1467 3214 {ch
1493 3127 1532 3162 &
1560 3125 1609 3162 ibi
1639 3124 1786 3164 codices
1819 3126 1972 3177 quidam
2012 3127 2172 3179 vivaque
2203 3129 2296 3178 saxa
2331 3129 2447 3177 traho}

1440 3188 1607 3213 Elexus.

1439 3231 1506 3274 '90.
1536 3232 1708 3277 Certaque
1730 3228 1771 3264 de
1791 3228 1911 3278 tepidis
1930 3229 2059 3279 colligit
2073 3229 2136 3279 ossa
2157 3229 2281 3280 rogis]
2310 3231 2448 3272 Putea*

1391 3288 1485 3317 neus
1508 3277 1655 3328 colligat.
1683 3281 1887 3331 Cunctaque
1911 3280 1976 3331 offa
2005 3280 2248 3322 sex-iverimus
2283 3283 2322 3320 δε
2351 3283 2448 3320 Haf-

2302 3332 2452 3384 nienfis,
