2553 3676
873 164 936 221 P.
1012 160 1429 221 OV1D11
1502 158 2036 217 NASONIS

543 274 615 327 45
651 255 879 312 Dixerat
904 254 1183 324 interpres
1223 252 1404 324 gelido
1426 252 1559 307 mihi
1585 251 1791 323 sanguis
1815 251 1879 305 ab
1904 269 2000 307 ore

734 327 926 398 Fugit;
970 325 1025 378 &
1052 338 1174 382 ante
1199 327 1385 382 oculos
1407 342 1520 382 nox
1543 325 1685 380 stetit
1705 326 1810 380 alta
1832 341 2000 380 meos,

366 172 428 242 4ss
442 170 467 223 s

362 465 480 506 movit
508 478 608 504 anus.
646 466 689 503 In
722 466 892 503 Vatican.
916 473 1028 515 prona
1056 464 1230 502 movebat.
1257 462 1341 512 Qui
1359 463 1417 500 ie·
1523 463 1582 509 46.
1609 467 1656 500 Et
1682 472 1766 501 ante
1790 463 1899 501 oculos
1928 476 1997 501 nox
2019 461 2118 512 stetit
2138 462 2216 500 alta
2233 463 2357 515 meaa]
2382 464 2423 505 In
2440 472 2503 508 eo:

367 517 532 566 gendum
556 517 622 561 sit,
649 516 710 553 alii
740 516 903 554 videant.
923 517 1139 554 Cromnus.
1178 514 1300 552 Scribe
1329 524 1414 548 cum
1471 511 1558 550 dem
1587 513 1650 550 lib.
1674 522 1757 550 atra
1777 527 1876 552 meos.
1899 515 2016 553 IDEM.
2042 515 2224 562 Perpetuo
2245 515 2374 555 librarii
2390 527 2503 557 atram

366 567 604 612 melioribus,
632 578 675 604 ac
693 565 813 616 prima
833 566 998 605 editione
1013 595 1023 611 ,
1051 567 1131 603 lena
1150 577 1250 600 anus.
1277 563 1416 616 septem
1471 561 1625 599 no&em
1652 573 1719 609 pro
1744 563 1822 600 alta
1850 566 2056 614 reposuere.
2081 564 2167 603 vide
2189 565 2361 605 Gronov.
2382 568 2426 606 ad
2445 569 2503 608 Se-

366 618 451 661 alii,
471 626 591 667 prona.
617 617 771 655 movebit
798 617 910 656 etiam
936 618 1068 656 reffius
1095 621 1254 663 quatuor
1284 610 1418 659 scripu.
1472 622 1555 648 nec.
1584 612 1762 660 Thyeste.
1790 626 1849 661 51.
1887 617 1937 653 ita
1968 617 2007 654 ὃς
2039 615 2137 665 apud
2168 615 2332 654 Frontin.
2364 617 2423 656 lib.
2453 631 2506 661 11.

367 668 589 706 ΗΕχΝςως,
1474 661 1579 699 Strat.
1602 673 1664 698 cx.
1688 663 1723 703 §.
1748 674 1779 700 1.
1798 663 2022 711 legendum,
2050 675 2183 716 corpora
2211 665 2289 703 alta
2317 669 2407 705 noble
2422 670 2506 719 sirpe.

419 730 478 766 45.
505 718 623 755 Gelido
652 718 743 756 mihi
762 718 907 767 fimguis
935 716 980 752 ab
1010 728 1064 754 ore
1091 712 1237 764 magian]
1267 711 1311 750 In
1338 723 1416 750 uno
1473 712 1590 748 lienda
1611 711 1764 768 curauit.
1781 712 1906 751 Valer.
1924 715 2020 753 Flac.
2040 729 2087 756 11.
2106 716 2192 756 288.
2214 716 2324 757 Altae
2336 726 2394 768 per
2412 727 2503 769 opaca

369 768 564 809 Maffeian.
583 769 729 820 gelidus.
757 770 979 808 Cromnos.
1460 761 1608 816 filemia
1629 765 1748 802 noan.
1773 762 2039 806 Burmannus.

915 913 1429 983 ELEG

1526 886 1710 979 I'A
1870 913 2027 981 VI.

795 1075 945 1132 Mnis
961 1117 976 1141 ,
1014 1074 1360 1131 arundinibus
1383 1075 1589 1131 limosas
1613 1074 1781 1131 obsite
1804 1077 1970 1149 ripaS,

870 1149 964 1204 Ad
987 1148 1265 1203 dominam
1289 1166 1553 1221 proper03
1593 1148 1704 1203 siste
1732 1167 2016 1222 parumper
2040 1167 2211 1224 aquaS.

663 1224 781 1279 Nec
807 1224 903 1277 tibi
928 1223 1046 1276 sunt
1069 1233 1288 1293 ponteS‚
1325 1239 1426 1275 nec
1453 1239 1590 1295 quae
1616 1221 1724 1277 fine
1749 1223 1965 1294 remigis
1991 1223 2100 1279 ictu

741 1295 996 1350 Concava
1021 1292 1240 1364 trajefto
1266 1293 1457 1365 cymba
1481 1293 1711 1348 rudente
1734 1295 1906 1350 vehat.

597 1386 627 1434 ς
663 1369 863 1423 Parvus
889 1383 1026 1429 εἴας,
1064 1366 1316 1427 memini3
1355 1384 1456 1420 nec
1480 1378 1533 1420 te
1559 1366 1775 1421 tranfire
1797 1367 2003 1440 refugi3

746 1441 1068 1513 Summaque
1092 1438 1186 1492 vix
1208 1439 1340 1493 talos
1364 1439 1595 1509 contigit
1618 1439 1762 1493 unda
1788 1459 1956 1495 meos.

668 1513 830 1568 Nunc
855 1512 959 1567 ruis
984 1510 1232 1583 opposito
1257 1511 1465 1565 nivibus
1492 1510 1562 1564 de
1585 1525 1772 1567 monte
1797 1513 2006 1576 solutis;

742 1585 815 1644 Et
844 1584 987 1658 turpi
1011 1582 1193 1638 crassas
1219 1583 1432 1657 gurgite
1457 1584 1626 1639 volvis
1650 1602 1822 1658 aquaS.

382 1834 383 1837 Ἰ
434 1799 468 1826 ῖ.
497 1788 650 1834 Amnis,
671 1789 905 1827 arundinibus
931 1789 1069 1839 limofizs
1092 1788 1191 1839 obsite
1218 1789 1331 1840 ripas,
1360 1790 1426 1827 Ad

373 1839 560 1876 dominam
576 1849 707 1888 propero
725 1840 825 1890 gfiste
836 1850 1020 1890 parumper
1039 1841 1180 1891 aquas.]
1210 1841 1344 1879 Amnis
1356 1869 1367 1885 ,
1380 1841 1426 1879 de

375 1901 458 1938 quo
487 1891 547 1927 hic
578 1891 651 1938 agit
680 1891 818 1935 Poeta,
847 1893 874 1929 is
906 1891 980 1934 est,
1009 1893 1073 1940 qui
1100 1903 1214 1940 prope
1242 1891 1428 1930 Sulmonis

379 1941 533 1978 moenia
552 1940 680 1977 labitur
696 1969 706 1985 ‚
733 1953 847 1990 quem
871 1942 993 1979 nostro
1014 1942 1192 1979 idiomate
1217 1941 1350 1979 Vellam
1372 1942 1427 1981 di-

379 1991 511 2028 cimus,
545 1991 643 2028 Vide
673 1993 869 2040 quaejam
901 1993 1029 2029 notavi
1060 1992 1121 2029 lib.
1153 2006 1221 2031 xix.
1244 1993 1282 2030 in
1304 1994 1428 2031 Meta-

379 2041 529 2088 morph.
547 2040 600 2083 fis.
623 2055 701 2089 555.
724 2043 799 2079 Hic
819 2051 942 2080 autem
963 2044 1080 2080 amnis
1101 2043 1226 2081 adulto
1246 2056 1332 2081 vere
1346 2072 1355 2089 ‚
1382 2043 1428 2082 li-

378 2091 560 2141 quefaffis
587 2092 728 2129 nivibus
743 2121 753 2137 ‚
784 2095 821 2130 ὃς
842 2093 1026 2130 interdum
1049 2094 1201 2131 ineunte
1225 2103 1423 2139 autumno,

379 2142 555 2180 imbribus
586 2143 794 2180 mirandum
825 2144 861 2180 in
895 2144 1050 2181 modum
1084 2145 1208 2193 augeri
1240 2145 1358 2188 solet,
1387 2146 1425 2182 &

379 2191 514 2231 alicubi
537 2192 727 2242 pristinum
752 2194 898 2231 alveum
929 2195 1155 2242 relinquere,
1182 2195 1231 2232 i-ta
1246 2204 1290 2233 ·ut
1309 2207 1424 2232 nemo

378 2240 468 2280 hinc
486 2243 547 2280 vel
564 2242 650 2280 inde
673 2256 759 2281 eum
784 2244 931 2281 transire
950 2244 1066 2293 postit.
1094 2244 1190 2281 Tale
1208 2245 1333 2282 nacius
1356 2247 1428 2282 im-

381 2292 643 2341 pedimentum
675 2295 856 2339 Ovidius,
884 2297 949 2344 qui
979 2307 1057 2332 non
1078 2293 1192 2343 longe
1210 2294 1254 2332 ab
1277 2297 1429 2334 Amoris

380 2343 513 2388 fonte,
541 2343 586 2381 ad
598 2344 765 2382 Moroni
786 2347 923 2382 montis
946 2345 1081 2382 radices
1096 2345 1272 2389 ‚domum
1288 2374 1297 2389 ‚
1327 2347 1428 2395 cujus

381 2394 546 2442 ingentia
565 2394 686 2432 adhuc
707 2395 854 2444 vestigia
881 2395 1065 2444 supersunt
1080 2423 1090 2440 ,
1116 2408 1286 2445 quaeque
1305 2396 1335 2432 le
1357 2397 1431 2433 bot-

380 2444 477 2493 teghe
504 2444 670 2480 d'Ovidio
700 2446 813 2494 vulgo
842 2455 1024 2485 vocantur
1041 2474 1051 2489 ‚
1087 2445 1245 2485 habuisse
1273 2446 1428 2492 dicitur,

383 2495 604 2532 Sulmonem
623 2495 668 2532 ad
687 2498 846 2533 amicam
871 2496 1099 2545 proficiscens
1112 2525 1121 2541 ‚
1148 2498 1243 2534 hanc
1262 2499 1430 2545 pulcher-

382 2546 515 2582 rimam
548 2546 586 2582 ὅ(
620 2546 902 2584 venustissimam
938 2547 1144 2595 indignatus
1180 2547 1313 2595 scripfit
1346 2549 1431 2587 Ele-

380 2596 494 2647 giam.
524 2596 740 2636 Cmrmus.
770 2598 844 2635 Hic
873 2610 962 2635 vero
990 2598 1107 2635 amnis
1132 2597 1206 2635 five
1227 2606 1367 2637 torrens
1386 2611 1431 2636 ex

386 2658 432 2682 eo
463 2659 596 2694 genere
629 2648 721 2690 fuit,
750 2660 843 2696 quos
874 2649 1006 2685 Graeci
1036 2648 1203 2692 ἀναύρους
1232 2651 1431 2688 vocant&

385 2697 612 2740 χειμώρρσυς.
640 2699 798 2736 Homer.
819 2699 920 2736 Iliad.
940 2701 981 2735 Δ.
1003 2711 1084 2746 452.
1110 2698 1288 2746 Apollon.
1310 2701 1380 2737 Rh.
1400 2713 1432 2738 1.

386 2746 475 2792 Arg.
498 2759 531 2793 9.
554 2748 591 2784 ὃς
611 2748 661 2785 ibi
685 2749 805 2786 Schol.
829 2749 903 2786 vid.
924 2750 964 2786 &
987 2750 1073 2787 Stat.
1093 2761 1184 2786 v111.
1205 2749 1328 2787 Theb.
1347 2750 1430 2797 460.

387 2796 427 2833 δέ
458 2797 554 2833 Serv.
580 2798 624 2834 ad
656 2812 699 2835 11.
731 2799 888 2837 Aeneid.
913 2812 995 2849 303.
1026 2799 1161 2836 Loens.
1186 2811 1222 2836 v.
1244 2799 1348 2838 Misc.
1373 2812 1431 2838 21.

388 2846 427 2882 δε
448 2846 572 2883 Alard.
598 2848 642 2884 ad
670 2849 754 2887 Val.
782 2850 874 2886 Flac.
902 2863 931 2888 1.
959 2851 1019 2899 83.
1048 2849 1221 2888 Nostrum
1250 2851 1310 2888 lib.
1341 2863 1433 2889 vin.

386 2895 547 2935 Metam.
578 2910 657 2944 555.
687 2899 946 2937 BunriANNus.

441 2958 474 2983 2.
504 2947 680 2996 Propera]
713 2949 878 2986 Dubium
898 2951 1011 2987 videri
1031 2952 1168 2998 potest,
1197 2963 1242 2988 an
1260 2964 1337 2990 non
1356 2962 1433 3001 pro-

384 3005 460 3048 pero
482 2997 522 3034 sit
541 2997 653 3034 dativi
674 2999 769 3036 casus
792 3011 810 3035 a
826 3009 991 3048 properus.
1023 3010 1060 3037 ut
1081 3013 1150 3037 vit.
1173 3003 1331 3040 Metam.
1350 3004 1434 3048 647.

443 3053 524 3083 Ecce
550 3048 647 3083 venit
678 3049 838 3085 Telamon
859 3059 1024 3098 properus.

389 3098 523 3147 virgil.
540 3109 609 3134 xil.
632 3099 786 3136 Aeneiri.
806 3100 864 3145 ὃς.
882 3099 1117 3147 Circumstant
1135 3101 1264 3149 properi
1282 3101 1433 3150 aurigae.

390 3148 464 3186 rid.
488 3149 585 3185 Serv.
607 3149 650 3186 ad
671 3162 720 3186 rx.
743 3149 897 3187 Aeneid.
918 3150 1002 3196 488.
1025 3151 1135 3188 Mart.
1158 3164 1188 3190 1.
1208 3163 1267 3199 47.

442 3205 534 3235 Cum
561 3199 644 3235 dicis
665 3208 798 3248 propero
821 3228 831 3244 ‚
860 3201 924 3246 fac
941 3200 1094 3249 fisacis.

385 3255 539 3303 ,Aquam
571 3251 683 3293 etiam
712 3252 909 3299 meliores,
936 3261 976 3291 ut
1004 3264 1095 3292 mox
1123 3253 1176 3297 Μ,
1215 3265 1273 3303 44.
1314 3254 1440 3295 Cedert

2370 1659 2512 1734 Quid

1474 1789 1570 1840 juffit
1591 1790 1734 1841 aquam.
1763 1789 1867 1839 Virg.
1892 1800 1946 1827 1v.
1977 1785 2132 1827 Aeneid.
2156 1788 2240 1836 489.
2262 1786 2377 1834 sistere
2392 1801 2510 1840 aquam
2545 1808 2547 1818 ι

1473 1840 1612 1890 fluviis.
1639 1844 1704 1880 inf.
1733 1843 1831 1891 Eleg.
1851 1852 1920 1878 xri.
1946 1851 2004 1890 34.
2037 1841 2168 1879 eadem
2192 1839 2346 1877 varietas
2371 1840 2409 1878 ὃς
2428 1839 2516 1890 alibi.

1480 1891 1742 1931 BuRMANNu&

1535 1954 1567 1992 3.
1599 1949 1679 1980 Non
1709 1942 1774 1980 tibi
1797 1943 1885 1991 sunt
1910 1941 2073 1992 ponte5.]
2109 1943 2200 1980 Duo
2230 1952 2330 1980 nunc
2363 1940 2412 1979 ibi
2440 1939 2509 1980 sunt
2544 1965 2545 1970 =

1481 2001 1634 2041 pontes;
1666 1993 1691 2031 fi
1711 1994 1775 2043 qui
1795 1993 1855 2030 alii
1875 1992 1988 2036 fiunt,
2009 2004 2186 2041 aquarum
2209 1994 2246 2031 vi
2264 2001 2374 2041 atque
2392 1991 2509 2040 impul-

1480 2043 1519 2081 su
1539 2045 1767 2089 evelluntur,
1796 2043 1816 2080 a
1844 2055 1921 2092 quo
1954 2044 2066 2081 verbo
2090 2045 2150 2081 hic
2171 2044 2288 2081 amnis
2305 2054 2443 2080 nomen
2460 2052 2510 2080 ac·

1484 2092 1614 2143 cepiffe
1643 2095 1799 2132 videtur.
1833 2095 2048 2132 Crorauus.
2086 2093 2157 2132 Sed
2184 2106 2277 2132 unus
2304 2093 2509 2138 Vaticanus,

1483 2150 1556 2181 Nec
1578 2145 1642 2181 tihi
1653 2145 1740 2194 sttnt
1760 2146 1895 2181 lintres.

1519 2206 1553 2243 3.
1582 2196 1728 2243 Remigis
1745 2194 1852 2244 iffa]
1883 2195 2031 2242 Septem
2050 2195 2151 2238 libri,
2174 2195 2248 2243 usu.
2270 2203 2311 2234 ut
2333 2194 2508 2243 Eleg.v11.‘

1534 2251 1635 2281 Hanc
1653 2256 1773 2282 tamen
1789 2248 1829 2283 in
1849 2245 1961 2282 nullos
1982 2246 2080 2283 tenui
2097 2245 2186 2283 mihi
2207 2245 2392 2297 languidus
2407 2243 2488 2294 ustas·

1483 2294 1572 2332 Fast.
1595 2308 1649 2332 1v.
1669 2297 1755 2344 657.

1536 2347 1619 2394 Usus
1644 2346 1733 2394 abest
1760 2347 1907 2384 Veneris.

1486 2396 1577 2433 Duo
1597 2398 1739 2435 Moreti
1753 2425 1763 2441 ,
1781 2396 1857 2447 fine
1878 2397 2013 2446 remigis
2033 2408 2121 2436 arte.
2148 2399 2360 2436 Hmusrus.

1535 2458 1569 2491 7.
1605 2447 1775 2497 Oppofitis.
1799 2447 1814 2497 ]
1852 2448 2002 2486 Reffius
2032 2450 2069 2486 in
2099 2449 2346 2497 manuscriptis
2373 2446 2510 2497 legiturss

1486 2495 1654 2547 Oppofim,
1686 2499 1722 2536 id
1741 2498 1973 2543 est,adverso
1993 2508 2123 2538 monte
2141 2513 2151 2537 ·.
2179 2501 2240 2537 hic
2257 2500 2354 2536 enim
2378 2495 2509 2536 mons&

1485 2549 1637 2596 regione
1667 2550 1704 2586 &
1730 2550 1766 2587 in
1792 2549 1990 2597 conspedm
2009 2550 2169 2588 fluminis
2190 2557 2275 2588 erat.
2302 2547 2453 2587 Fortaffe
2470 2547 2508 2585 de

1487 2599 1636 2636 Soracfie
1654 2599 1822 2649 intelligit
1836 2628 1845 2642 ,
1862 2600 1907 2637 de
1925 2612 2001 2649 quo
2021 2601 2152 2638 Horat.
2171 2601 2230 2638 lib.
2256 2612 2286 2637 1.
2304 2599 2377 2637 Od.
2398 2611 2432 2648 9.
2449 2598 2509 2636 ait:

1540 2650 1660 2694 Vides,
1689 2660 1729 2686 ut
1749 2651 1825 2686 alta
1836 2649 1901 2698 stet
1924 2650 2006 2687 nive
2029 2651 2219 2688 candidum
2241 2651 2384 2687 soraete.

1487 2699 1548 2737 Est
1569 2710 1694 2738 autem
1715 2702 1776 2739 hic
1794 2713 1902 2738 mons
1925 2703 1980 2746 (ut
1997 2701 2055 2739 lib.
2072 2714 2108 2740 v.
2129 2702 2246 2740 scribit
2267 2699 2406 2747 Strabo)
2418 2699 2510 2748 juxta

1487 2749 1706 2788 Flaminiam
1741 2753 1839 2790 viam
1867 2752 1903 2788 in
1934 2751 2124 2797 phaliscis,
2152 2752 2250 2790 unde
2277 2750 2426 2789 oriunda
2446 2755 2511 2787 erat

1487 2813 1581 2838 uxor
1602 2802 1780 2847 Nasonis,
1809 2809 1847 2840 ut
1873 2800 1945 2849 ipse
1974 2802 2122 2840 inferius
2149 2802 2325 2840 ostendet.
2351 2801 2512 2855 Mfflus.

1490 2851 1604 2889 Hunc
1634 2862 1805 2890 montem
1831 2853 1909 2901 jam
1945 2851 2021 2889 dixi
2051 2854 2237 2900 Masellam
2269 2852 2421 2895 vocari,
2454 2859 2511 2904 qul

1488 2901 1583 2939 adeo
1608 2903 1698 2940 altus
1724 2904 1763 2940 ὅτ
1788 2903 1947 2940 sublimis
1976 2902 2024 2939 est
2044 2931 2054 2947 ,
2091 2913 2132 2941 ut
2152 2915 2237 2941 cum
2257 2901 2512 2949 altiffimisqui-

1488 2951 1627 3001 busque
1651 2953 1773 2990 Italiae
1794 2953 1980 2989 montibus
1995 2952 2040 2990 de
2060 2953 2276 2992 sublimitate
2297 2961 2427 2990 certare
2440 2946 2514 2998 pos-

1489 3002 1556 3046 fit,
1583 3004 1619 3039 in
1643 3014 1719 3050 quo
1740 3004 1803 3040 nix
1826 3011 2004 3051 perpetuo
2023 3003 2191 3042 servatur.
2215 3005 2425 3051 Cromnos.

1543 3063 1573 3094 7.
1613 3051 1760 3100 Oppofito
1789 3052 1931 3089 nivibus
1956 3054 1997 3090 de
2027 3065 2142 3091 monte
2160 3053 2331 3104 fhlutis.]
2367 3045 2514 3100 Adpefito

1489 3101 1693 3139 Puteaneus
1724 3104 1762 3140 δε
1788 3104 1916 3152 reliqui
1947 3105 2078 3153 majori
2105 3118 2150 3143 ex
2178 3114 2302 3154 parte:
2339 3101 2402 3139 nifi
2421 3096 2514 3150 quod

1490 3152 1528 3189 in
1556 3153 1735 3202 plerisque
1757 3164 1887 3192 eorum
1904 3181 1914 3198 ‚
1940 3154 2101 3204 appofitis.
2129 3154 2267 3204 appofito
2289 3161 2400 3190 monte
2417 3148 2516 3188 reste.

1493 3202 1541 3240 sic
1568 3203 1667 3251 supra
1695 3205 1820 3252 Elegia
1847 3205 1963 3252 primzi
1985 3207 2092 3255 hujus
2107 3207 2185 3244 libri
2200 3202 2378 3260 appofitam
2396 3209 2516 3250 aquam

1493 3265 1561 3303 pro
1582 3254 1702 3296 vicina
1721 3255 1821 3296 dixit.
1845 3255 1968 3296 Valcr.
1990 3257 2136 3297 Flaccus
2154 3256 2214 3296 lib.
2235 3269 2266 3294 v.
2287 3255 2340 3298 isi.
2361 3254 2446 3338 5562
2504 3307 2524 3332 a

2351 3321 2410 3349 .·····
2448 3310 2504 3349 ΜΒ
