2553 3676
633 186 1171 254 AMORUM
1245 188 1420 249 im.

1496 196 1567 251 IL
1647 203 1695 256 8.
2069 238 2072 242 ⁴
2142 225 2246 274 425

395 286 524 343 Non
548 301 650 355 ego
677 276 964 336 Tantalide
988 276 1182 348 major,
1224 296 1326 333 nec
1350 282 1517 354 major
1542 284 1767 342 Achille.

465 355 631 429 Quod
654 351 837 406 decuit
863 349 1072 421 Reges,
1109 367 1207 404 cur
1232 352 1363 406 mihi
1387 367 1542 429 turpe
1565 362 1783 430 putem}

287 448 348 499 15
385 429 462 484 Ut
487 442 663 483 tamen
683 425 844 478 iratos
867 423 922 476 in
945 435 1000 476 te
1027 422 1215 477 defixit
1242 426 1472 489 ocellos;

464 498 594 555 Vidi
622 508 676 549 te
703 496 830 549 totis
857 495 1117 550 erubuiffe
1142 496 1305 568 genis,

388 574 466 627 At
488 580 718 642 quante,
756 568 795 622 fi
816 568 958 623 forte
984 569 1179 633 referS‚
1216 570 1544 641 praesentior
1569 574 1706 644 ipse,

456 642 561 697 Per
583 641 816 697 Veneris
840 641 945 695 feci
968 642 1184 696 numina
1207 660 1397 714 magna
1423 644 1614 700 fidem!

381 716 476 770 Tu
500 714 646 778 Dea,
684 727 743 768 tu
761 714 943 784 jubeas
967 715 1127 769 animi
1150 715 1377 787 perjuria
1399 719 1519 788 puri

274 807 343 844 20

448 786 799 859 Carpathium
823 787 1033 857 tepidos
1060 805 1156 859 per
1182 806 1326 843 mare
1351 789 1492 844 ferre
1518 791 1711 846 Notos,

384 862 492 917 Pro
517 861 708 933 quibus
734 858 926 913 officiis
950 860 1183 932 pretium
1208 861 1338 914 mihi
1363 862 1521 916 dulce
1546 863 1817 935 repende,v

453 932 791 989 Concubitus
816 932 1009 998 hodie,
1042 932 1184 988 fusca
1211 933 1457 1006 Cypaffi‚
1497 946 1634 990 tuos.

94 1159 168 1188 non
188 1147 209 1186 a
230 1147 420 1188 serviendo
436 1178 446 1195 ,
472 1149 532 1188 sed
560 1149 581 1188 ὲ
610 1150 788 1188 servando
813 1148 909 1188 diem
930 1149 990 1188 est.
1015 1148 1132 1188 Pom-

93 1201 222 1249 ponius
244 1203 275 1243 §.
296 1201 493 1239 Servorum
512 1201 850 1250 leg.ccxxX1x.De
869 1201 1067 1238 verborum
1088 1201 1132 1239 fi-

22 1263 25 1287 1
89 1250 337 1299 gnificatione.
379 1257 562 1288 Servorum
583 1281 594 1297 ,
628 1253 749 1301 inquit
771 1281 781 1297 ,
819 1250 996 1301 appellatio
1026 1265 1066 1288 ex
1096 1266 1129 1288 eo

21 1309 24 1333 t
80 1299 194 1350 fluxit
211 1330 222 1347 ,
251 1302 342 1352 quod
370 1309 587 1352 Imperatores
616 1303 767 1352 captivos
798 1302 945 1338 vendere
968 1330 978 1346 ,
1006 1315 1047 1338 ac
1070 1312 1130 1351 per

22 1352 24 1356 '
87 1350 149 1388 hoc
168 1351 311 1400 servare
327 1382 337 1397 ‚
371 1366 429 1390 nec
451 1353 594 1390 occidere
612 1353 736 1402 solent.
765 1353 876 1390 Unde
901 1352 961 1390 illa
981 1353 1129 1401 sumpsit

89 1401 305 1449 Justinianus
319 1406 351 1446 §.
365 1404 465 1442 Servi
476 1404 536 1442 lib.
550 1417 579 1442 1.
593 1404 703 1442 Instit.
717 1403 795 1441 Tit.
809 1417 872 1441 111.
884 1403 1032 1452 Dejure
1042 1405 1128 1441 Per—

87 1451 266 1491 sonarum.
293 1455 382 1503 Ejus
407 1456 516 1492 verba
543 1454 623 1493 sunt
645 1468 653 1492 ε
692 1454 790 1491 Servi
811 1464 930 1491 autem
954 1468 996 1490 ex
1014 1468 1047 1490 eo
1068 1463 1128 1504 ap-

84 1502 202 1552 pellati
223 1507 309 1553 sunt
323 1534 334 1550 ‚
361 1506 453 1556 quod
482 1512 701 1554 Imperatores
721 1505 871 1555 captivos
890 1505 1059 1550 vendere,
1086 1519 1128 1542 ac

80 1562 141 1609 per
157 1553 217 1591 hoc
228 1555 371 1603 servare
384 1584 395 1600 ,
416 1570 474 1593 nec
495 1556 638 1593 occidere
648 1556 784 1605 fhlent;
814 1556 874 1605 qus·
894 1556 1001 1593 etiam
1023 1568 1127 1593 man-

24 1634 25 1640 ,
83 1604 170 1692 ogia
189 1605 273 1642 dieti
287 1608 375 1653 sunt
388 1634 398 1651 ‚
416 1620 448 1643 eo
464 1606 555 1656 quod
573 1606 618 1643 ab
639 1606 785 1654 hostibus
803 1619 913 1646 manu
933 1606 1127 1656 capiuntur.

22 1677 26 1691 ,
124 1668 307 1694 10FANUS.

142 1717 198 1754 13.
227 1713 307 1743 Non
316 1707 399 1755 sum
421 1707 605 1743 Tantalide
617 1735 627 1749 ,
648 1720 706 1742 nec
716 1707 807 1753 forti
822 1708 933 1755 major
955 1706 1125 1757 Achille]

22 1761 27 1804 ζ
83 1752 129 1793 In
158 1768 234 1793 uno
264 1758 452 1794 Maffeian.
485 1764 554 1794 Nec
576 1756 659 1805 sum
691 1756 876 1793 Tantalide
904 1758 1040 1805 major,
1069 1771 1127 1794 nec

26 1820 27 1823 ¹
85 1805 196 1853 major
213 1806 363 1843 Achille.
391 1807 525 1844 Probo.
554 1807 720 1844 CIOFAN.
751 1814 822 1843 Nec
842 1808 926 1856 sum
951 1821 1003 1855 ego
1033 1814 1128 1844 Tan-

25 1870 27 1890 ⁴.
81 1855 190 1892 talide
214 1857 348 1905 major,
377 1870 436 1893 nec
463 1858 576 1906 major
603 1857 744 1893 Achille
766 1858 981 1895 Puteaneus.
1008 1858 1126 1906 plures

25 1906 27 1952 l
83 1907 193 1944 etiam
213 1907 422 1955 alinmajor,
439 1921 497 1944 nec
516 1907 628 1956 major
644 1906 797 1952 Achille,
812 1909 850 1944 ὃ(
872 1908 1000 1955 placet.
1028 1909 1125 1946 mul-

82 1957 135 2001 ti,
165 1963 243 1994 Non
259 1957 341 2006 sum
368 1971 431 2006 ego.
459 1958 519 1995 sed
544 1957 642 1995 recte
671 1966 740 1995 tres
764 1969 848 1995 cum
870 1957 1122 1997 Arondeliano

23 2008 26 2011 '
85 2008 124 2044 &
141 2008 297 2046 Douzae
314 2009 523 2057 Excerpffis,
546 2014 626 2045 Non
645 2021 697 2056 ego
717 2008 914 2044 Tantalide.
944 2008 1123 2047 Sarravia-

81 2068 148 2095 nus
160 2062 172 2103 ',
197 2065 277 2095 Non
285 2058 366 2107 sum
385 2058 580 2096 Tantalide.
604 2060 766 2107 legerem
785 2070 898 2103 vero,
920 2058 1123 2100 Tantalide.

82 2108 157 2146 vid.
179 2109 223 2147 ad
242 2110 351 2158 Epist.
372 2122 434 2147 111.
458 2121 515 2159 39.
538 2110 749 2147 Herusrus.

135 2170 190 2206 14.
219 2165 325 2209 Turpe
337 2160 487 2210 putem]
509 2159 780 2198 Barberinianus
794 2187 805 2204 ,
817 2159 899 2198 vile.
918 2170 997 2198 non
1015 2160 1122 2199 male.

26 2205 30 2230 ⁴²
82 2209 170 2248 nihil
191 2218 315 2247 tamen
336 2219 454 2249 muto.
478 2224 523 2248 11.
543 2211 623 2248 Art.
647 2223 730 2258 215.

133 2266 205 2297 Nec
223 2260 287 2297 tibi
305 2270 400 2310 turpe
414 2270 501 2310 puta
513 2289 522 2305 ‚
545 2261 711 2312 quamvis
723 2259 773 2311 sit
789 2270 886 2311 turpe
898 2290 909 2308 ‚
923 2260 1097 2311 placebit,

186 2318 334 2360 Ingenua
349 2311 524 2361 speculum
537 2311 729 2362 sustinniffe
747 2325 868 2350 manu.

83 2358 342 2400 Euam-nnus.

135 2426 190 2462 15.
220 2413 392 2463 Defixit.]
421 2413 568 2464 Demisit
589 2415 743 2454 Moreti.
769 2413 922 2466 Deflexit
940 2414 1053 2462 alim,
1081 2416 1121 2455 &

83 2462 238 2502 Douzae
257 2464 388 2503 codex.

29 2526 33 2540 ·
69 2514 85 2540 θ
138 2516 191 2552 16.
202 2514 304 2565 Senfit
319 2525 351 2552 te
370 2516 449 2553 totis
460 2516 620 2567 erubuiffe
636 2516 762 2566 genis]
778 2517 820 2555 In
835 2517 911 2555 aliis
929 2518 1119 2566 impreffis,

84 2565 177 2602 Vidit
194 2576 226 2604 te
244 2578 313 2606 (fc.
326 2567 561 2616 Legendum,
574 2576 612 2605 ut
628 2569 675 2605 est
690 2569 728 2605 in
741 2569 863 2605 Vatic.
876 2570 913 2605 ὃ(
926 2569 1117 2608 Maffeian.

85 2616 162 2653 Vidi
185 2626 237 2662 te,
265 2619 303 2655 ὃ(
324 2618 472 2667 reliqua.
502 2619 618 2656 Natus
641 2630 739 2656 error
762 2618 782 2656 ὲ
801 2619 1000 2656 litterarum
1018 2619 1117 2658 fimi-

82 2664 230 2705 litudine
251 2669 288 2705 ὃς
308 2669 553 2718 cognatione;
575 2668 621 2706 de
637 2681 708 2718 qua
728 2681 765 2706 re
784 2681 862 2706 non
879 2669 991 2707 semel
1010 2670 1116 2708 testa-

82 2722 137 2754 tus
165 2718 239 2757 sum
285 2719 502 2757 (trofimus.
542 2720 619 2756 Vidi
649 2719 876 2757 scribendum
907 2732 991 2758 cum
1017 2733 1115 2760 non-

81 2768 183 2806 nullis
202 2769 354 2817 scriptis,
382 2770 447 2809 nifi
465 2771 589 2815 malis,
609 2770 708 2820 fi’nst.
739 2772 836 2807 Nam
858 2770 932 2808 duo
952 2771 1113 2818 codices,

73 2815 188 2866 finfit.
215 2819 396 2867 Superiori
423 2822 533 2859 etiam
564 2822 667 2859 versu
695 2822 910 2860 concinnius
932 2822 1048 2871 legas,
1075 2825 1114 2861 in

80 2879 132 2903 me
152 2868 269 2915 defixit
282 2896 292 2913 ,
307 2878 426 2919 'quarn
442 2900 451 2915 ,
479 2873 516 2908 in
535 2883 577 2909 te.
606 2873 814 2910 Hmusms.

135 2928 190 2963 17.
217 2919 251 2954 Si
265 2920 356 2963 forte
383 2922 476 2967 reser.
498 2922 512 2971 ]
550 2924 605 2960 Ex
632 2924 701 2961 hac
727 2924 888 2961 lenione
918 2924 998 2973 quis
1023 2935 1114 2962 con-

106 2980 186 3005 ruus
204 2968 320 3006 sensus
342 2971 420 3023 elici
439 2973 544 3018 poffit
560 2973 719 3012 viderint
739 2975 799 3012 alii
819 2989 827 3012 ε
857 2987 927 3023 ego
949 2976 1108 3013 omnino

113 3018 273 3067 gendum
304 3019 373 3056 efle
399 3021 548 3059 arbitror
573 3025 707 3070 Refert,
734 3026 768 3062 in
799 3027 905 3063 tertia
933 3026 1107 3075 persona:

81 3076 120 3105 ut
141 3070 179 3106 in
199 3069 360 3118 quodam
382 3070 509 3107 codice
529 3072 696 3121 scriptum
719 3076 807 3114 vidi.
835 3077 962 3115 Sensus
982 3085 1108 3115 autem

80 3118 155 3156 talis
183 3121 248 3156 erit
267 3133 276 3156 :
313 3120 348 3156 Si
373 3120 467 3157 forte
489 3121 560 3168 ipsa
580 3125 740 3162 Corinna
759 3127 823 3164 tibi
842 3126 972 3173 refert,
1000 3128 1038 3166 id
1060 3128 1109 3167 est

83 3166 188 3207 dicit:
218 3170 413 3219 cognosces
430 3199 438 3214 ‚
466 3180 605 3220 quanto
631 3176 847 3220 praesentior
875 3190 946 3228 ego
973 3179 1110 3217 confla-

85 3223 160 3256 tum
179 3222 316 3258 crimen
338 3222 488 3258 eluerim
510 3222 636 3259 addito
656 3224 900 3272 jurejurando.
936 3230 1111 3279 Intelligi-

85 3277 163 3308 mus
187 3272 286 3310 enirn
300 3299 312 3318 ‚
340 3271 509 3321 Cypaffin
538 3285 616 3311 non
641 3274 836 3314 interfuiss'e
858 3305 869 3323 ‚
902 3278 991 3319 dum
1018 3280 1116 3330 apud

2081 1012 2233 1088 Quid

1187 1148 1392 1189 Corinnam
1418 1151 1454 1190 se
1479 1151 1578 1191 Naso
1606 1159 1833 1202 expurgaret.
1865 1150 2045 1189 MARIUS.
2089 1152 2124 1189 Si
2139 1155 2236 1201 forte

1184 1202 1311 1247 refert,
1340 1214 1430 1251 pro,
1459 1204 1494 1241 Si
1525 1203 1623 1242 forte
1650 1204 1782 1242 dixerit
1812 1203 1902 1247 tibi,
1930 1203 2083 1252 exponit
2114 1205 2235 1253 Com-7

1185 1261 1382 1291 mentator.
1421 1254 1490 1292 Sed
1516 1261 1556 1293 tu
1590 1253 1674 1292 vide
1695 1283 1705 1299 ,
1744 1267 1833 1293 num
1868 1255 1981 1302 magis
2007 1255 2235 1303 legendum‚¹

1184 1307 1283 1338 Dum
1303 1305 1397 1350 forte
1422 1306 1537 1351 refert.
1565 1313 1604 1343 ut
1633 1305 1674 1343 fit
1703 1306 1819 1343 sensus
1843 1318 1851 1342 :
1890 1304 1943 1341 At
1971 1306 2139 1353 quamvis
2160 1319 2233 1355 ego

1183 1353 1425 1400 praesentiore
1452 1356 1578 1393 animo
1598 1368 1661 1404 per
1681 1357 1871 1394 Venerem
1889 1355 2035 1404 juravi,
2063 1355 2152 1393 dum
2173 1359 2234 1397 illa

1184 1403 1280 1441 forte
1299 1405 1455 1443 eandem
1475 1419 1553 1444 rem
1574 1407 1664 1444 mihi
1683 1408 1814 1452 refert,
1832 1407 2046 1455 crimenque
2068 1407 2235 1446 nostrum

1183 1455 1274 1492 mihi
1303 1456 1449 1504 objicit,
1478 1458 1550 1495 &c.
1576 1458 1800 1494 Mrcrtrus.
1830 1458 1944 1503 Refers
1966 1458 2044 1494 libri
2078 1466 2232 1498 veteres.

1182 1505 1286 1553 quod
1304 1518 1433 1545 verum
1453 1507 1522 1545 effe
1541 1509 1670 1546 monui
1694 1507 1873 1557 Epvffls.
1895 1519 1972 1556 113.
1987 1507 2231 1557 Tanaquillus

1183 1554 1297 1594 Faber
1326 1557 1371 1595 ad
1401 1559 1608 1597 Phaedrum
1635 1558 1697 1596 lib.
1724 1571 1787 1597 111.
1826 1558 1973 1606 Prolog.
2006 1559 2107 1595 malit
2133 1559 2234 1609 legi,

1174 1603 1295 1652 fisors
1313 1611 1425 1653 refert.
1452 1609 1526 1647 hoc
1545 1610 1617 1653 est,
1645 1609 1801 1646 interest.
1827 1608 1889 1647 sed
1917 1608 2050 1646 frustra.
2084 1609 2233 1650 Herus.

1183 1654 1218 1690 Si
1246 1667 1358 1694 mente
1381 1661 1484 1705 refers
1514 1659 1684 1696 Francius
1716 1658 1872 1696 volebat.
1901 1658 1962 1696 sed
1990 1667 2029 1696 ut
2058 1659 2232 1699 Heinfius

1183 1708 1342 1745 correxit
1361 1736 1371 1751 ‚
1394 1710 1473 1757 jam
1507 1709 1642 1747 Douza
1667 1708 1908 1747 adnotaverat
1932 1709 2130 1757 legendum
2150 1738 2162 1755 ‚
2191 1711 2233 1749 ὃς

1182 1758 1384 1805 explicabat
1405 1771 1468 1807 per
1491 1758 1697 1806 meministi,
1729 1759 1853 1797 recolis.

1236 1818 1292 1855 17.
1318 1810 1576 1860 Praefhntior.]
1615 1811 1750 1847 Douza
1779 1809 1937 1848 malebat
1958 1837 1970 1855 ‚
1992 1811 2233 1860 praesentiusss

1182 1856 1256 1895 five
1280 1859 1498 1907 constantius.

1238 1920 1295 1958 19.
1322 1916 1373 1946 Tu
1393 1912 1477 1957 dea,
1499 1921 1539 1948 tu
1548 1911 1670 1961 jubeas
1690 1912 1803 1950 animi
1817 1911 1973 1962 perjuria
1994 1911 2120 1961 nostri,
2134 1912 2228 1963 wc]

1181 1957 1281 2005 Εὗχῆ
1309 1973 1372 2010 per
1400 1963 1644 2012 apostrophen
1665 1991 1676 2008 ‚
1716 1965 1756 2001 ὃς
1785 1963 2015 2001 exclamandi
2042 1964 2149 2007 πάθος
2181 1964 2228 2004 ad

1179 2009 1369 2050 Venerem
1388 2041 1398 2057 ‚
1424 2026 1473 2051 ne
1498 2014 1700 2062 perjurium
1734 2013 1840 2062 ipsius
1869 2014 1992 2052 ulcisci
2017 2015 2117 2053 velit.
2153 2015 2230 2059 1³02

1177 2069 1389 2112 nunturque
1417 2064 1454 2101 hi
1483 2066 1557 2102 duo
1576 2064 1696 2102 versus
1718 2065 1819 2102 velut
1846 2065 1883 2102 in
1908 2066 2117 2109 πκρενθέσει.
2148 2066 2226 2103 Ne-

1176 2122 1251 2159 que
1273 2115 1372 2151 enim
1393 2114 1584 2165 sequentes
1604 2127 1688 2153 cum
1712 2115 1765 2152 his
1788 2116 1989 2165 quicquam
2010 2117 2228 2161 cohaerent,

1176 2161 1236 2198 sed
1269 2163 1431 2211 superior
1467 2166 1586 2203 oratio
1628 2166 1875 2204 continuatur.
1920 2167 2092 2216 Sequitur
2122 2167 2223 2205 enim

1178 2212 1343 2262 epilogus
1358 2241 1370 2258 ‚
1397 2216 1435 2252 &
1463 2217 1594 2263 petitio
1622 2217 1698 2265 ejus
1715 2244 1724 2259 ,
1751 2217 1853 2266 cujus
1875 2218 1987 2266 gratia
2003 2224 2126 2254 totum
2147 2228 2224 2254 car-

1177 2273 1268 2300 men
1296 2265 1501 2303 institutum
1528 2267 1608 2304 fuit.
1636 2267 1865 2306 M1crrtus.
1900 2267 2030 2304 Animi
2048 2267 2130 2316 puri
2150 2268 2225 2304 Pu-

1176 2319 1327 2353 teaneus
1358 2317 1396 2353 &
1429 2316 1712 2355 Arondelianus.
1748 2319 1903 2367 optime.
1940 2317 1987 2355 fic
2013 2326 2096 2366 pure
2117 2317 2225 2364 sacra

1168 2364 1289 2411 facere
1317 2367 1356 2404 &
1381 2366 1522 2405 similia.
1556 2367 1605 2405 fic
1629 2369 1791 2405 animum
1816 2379 1943 2419 petrum
1972 2369 2010 2405 &
2031 2367 2222 2416 religiosum

1177 2414 1312 2454 Cicero
1343 2418 1536 2467 conjungit
1560 2432 1569 2456 ε
1611 2428 1738 2468 purum
1769 2421 1807 2456 &
1835 2419 2002 2465 insontem
2031 2418 2221 2456 Horatius.

1176 2471 1272 2503 Deus
1295 2476 1386 2517 pura
1411 2479 1525 2506 mente
1557 2469 1712 2505 colendus
1743 2470 1780 2506 in
1809 2469 1963 2506 distichis
1983 2495 1994 2512 ‚
2030 2479 2127 2517 quae
2157 2468 2220 2507 sub

1176 2517 1329 2556 Catonis
1347 2521 1502 2557 nomine
1524 2521 1841 2557 circumferuntur.
1870 2519 2078 2555 Hernsrus.

1225 2580 1286 2606 20.
1315 2569 1489 2619 Tepidos.]
1519 2569 1663 2619 Rapidos
1692 2570 1827 2618 Regius
1849 2569 1887 2606 ὃς
1910 2568 2074 2606 Sarravii.
2102 2570 2216 2608 etiam

1175 2629 1253 2656 non
1274 2620 1383 2657 male.

1224 2682 1283 2708 21.
1312 2676 1378 2707 Pro
1394 2669 1516 2720 quihus
1535 2669 1685 2720 officiis.]
1715 2669 1874 2718 Officium
1892 2669 2083 2718 Junianus.
2111 2669 2220 2720 Egog

1170 2719 1197 2758 fi
1215 2733 1280 2769 per
1300 2721 1449 2771 scriptos
1468 2721 1615 2768 liceret,
1644 2721 1792 2759 mallem
1809 2734 1816 2758 :

1220 2789 1287 2820 Pro
1307 2782 1450 2869 qctibtgs,
1479 2783 1576 2832 officii
1587 2783 1743 2833 pretium
1765 2780 1855 2821 mihi
1874 2780 1997 2828 dulce,
2025 2781 2166 2832 repende

1275 2840 1392 2871 Concu
1417 2844 1498 2871 ltus.

1170 2895 1225 2934 Ita
1251 2909 1280 2935 r.
1299 2897 1380 2936 Art.
1398 2898 1524 2936 Amat.
1547 2909 1626 2946 155.

1220 2961 1405 3007 Protinus,
1432 2960 1530 3009 officii
1546 2960 1722 3011 pretium,
1743 2960 1899 3012 patiente
1912 2959 2058 3011 puella}

1267 3013 1478 3062 Contingent
1499 3012 1603 3049 oculis
1623 3026 1723 3050 crura
1742 3013 1896 3050 videnda
1918 3011 2000 3048 tuis.

1165 3077 1241 3116 Ubi
1268 3077 1441 3116 Heinsius
1463 3076 1565 3125 officio
1592 3077 1728 3115 mallet.
1755 3076 1831 3114 vid.
1854 3074 1899 3113 ad
1923 3072 2031 3122 Epist.
2052 3083 2104 3109 vr.
2129 3074 2215 3117 146:

1166 3129 1277 3166 Dulce
1303 3142 1394 3167 vero
1422 3129 1628 3177 eleganter,
1656 3136 1696 3166 ut
1716 3127 1813 3176 apud
1832 3125 2052 3164 Terentium
2073 3122 2212 3158 Heaut.

1168 3192 1213 3217 11.
1238 3180 1368 3216 2.·Cui
1399 3179 1490 3217 nihil
1511 3180 1590 3227 jam
1611 3188 1747 3228 praeter
1772 3177 1922 3227 pretium
1949 3173 2043 3209 dulce
2069 3171 2121 3228 esl.
2161 3170 2211 3226 iic

1169 3229 1266 3265 dulce
1300 3229 1438 3266 lucrum
1473 3228 1625 3267 Phaedr.
1660 3229 1804 3277 Prolog.
1841 3226 1902 3266 lib.
1938 3236 2003 3261 111.
2041 3222 2104 3259 ubi
2135 3220 2210 3261 vid.

1172 3278 1346 3319 Scheffer.
1371 3280 1635 3319 Bummuus.

1632 3328 1671 3365 H
1690 3328 1716 3364 h
1732 3327 1756 3365 h
2026 3332 2085 3372 23.
2113 3320 2216 3370 ‹Qie
