2553 3676
698 154 1982 231 PRAEFATI&

306 304 387 365 rit
420 302 484 362 in
519 320 593 362 eo
630 297 838 362 indice
872 293 1197 361 admissum
1216 292 1312 356 vel
1332 289 1655 375 omissum,
1690 292 1768 358 ne
1791 295 1967 362 nobis
1989 295 2258 365 alienam
2276 302 2384 383 ad-j

306 390 579 457 scribant
613 390 862 480 culpam
884 441 899 469 ‚
920 391 1111 450 etiam
1143 406 1328 476 atque
1359 389 1549 448 etiam
1568 408 1602 448 a
1620 391 1885 453 Lectore
1904 414 2099 482 aequo
2118 414 2385 459 conten-

306 485 530 547 dimus,
568 483 642 546 de
673 480 896 545 nostris
929 484 1094 544 notis
1116 531 1133 559 ,
1190 488 1248 542 δε
1283 480 1529 541 ratione
1561 501 1748 568 quam
1778 486 2063 566 iniimus,
2097 505 2164 549 ut
2207 496 2266 550 &
2309 488 2386 551 de

304 580 544 641 meritis
566 585 623 639 &
644 571 961 641 beneficiis
984 575 1355 635 eximiorum
1373 573 1674 652 virorum,
1695 577 1796 662 qui
1821 574 1998 641 nobis
2015 578 2112 641 vel
2131 577 2384 645 subsidia

305 667 612 760 quaedam
647 663 1213 744 subministrarunt,
1241 663 1340 727 vel
1372 663 1620 727 codices
1651 684 1751 728 aut
1768 666 2071 733 editiones
2088 672 2388 760 quasdam

305 758 637 825 nobiscum
672 762 1220 823 communicarunt
1253 809 1270 837 ,
1322 775 1501 846 grata
1532 779 1676 820 cum
1718 757 2072 825 debitorum
2108 785 2391 829 comme·-

304 857 696 933 moratione‚
753 854 940 915 aliam
973 847 1302 914 differendi
1335 846 1730 914 occafionem
1760 850 2166 941 captabimus,
2224 881 2393 921 nunc

301 969 453 1009 vero
475 1000 492 1027 ,
549 950 695 1036 quia
727 949 812 1008 ita
839 942 1127 1032 jubemur
1148 995 1166 1023 ‚
1187 941 1561 1006 dimittimus
1594 961 1653 1005 te
1675 995 1692 1024 ‚
1732 946 1965 1009 Lector
1986 999 2005 1026 ‚
2061 945 2391 1039 postquam

303 1036 436 1102 hoc
457 1063 650 1102 unum
673 1040 1131 1102 monuerimus:
1153 1031 1291 1125 post
1321 1033 1657 1124 longiffimi
1691 1043 1993 1127 temporis
2013 1063 2219 1105 moras
2239 1093 2256 1123 ,
2280 1066 2391 1133 per

307 1154 458 1220 quas
491 1137 766 1194 extracta
800 1128 914 1192 fuit
944 1127 1098 1191 haec
1129 1127 1357 1206 editiO,
1381 1151 1482 1190 me
1516 1125 1771 1217 saepein
1794 1137 2103 1201 renovatis
2124 1135 2391 1201 aliorum

306 1228 656 1287 Auctorum
688 1216 1066 1285 editionibus
1086 1217 1196 1282 hic
1215 1228 1273 1282 ὃς
1290 1218 1422 1281 illic
1439 1220 1744 1308 quaedam
1764 1246 2088 1286 occurrere
2108 1228 2396 1291 animad-

305 1312 587 1396 vertiffe,
608 1336 764 1405 quae
797 1310 1086 1402 tempore
1119 1309 1376 1401 quidem
1410 1330 1718 1400 occupata
1749 1310 1826 1375 ab
1857 1312 1993 1378 aliis
2011 1311 2181 1380 fuisse
2198 1318 2394 1385 videri

307 1405 593 1497 poffunt5
643 1406 744 1472 sed
776 1428 932 1497 quae
963 1424 1176 1468 tamen
1207 1425 1241 1466 a
1271 1426 1372 1466 me
1400 1406 1531 1493 jam
1562 1403 1936 1496 perscripta,
1990 1411 2191 1473 immo
2226 1417 2394 1501 typis

308 1497 585 1590 expressa
616 1498 897 1580 fuerunt,
955 1516 1291 1587 antequam
1325 1494 1590 1560 aliorum
1610 1515 1796 1561 notae
1826 1499 2111 1564 inlucem
2131 1507 2391 1572 exirent.

307 1596 601 1682 Denique
630 1591 1106 1682 per-duodecim
1136 1588 1277 1652 illos
1309 1610 1543 1668 annos,
1564 1588 1784 1678 quibus
1815 1589 1980 1656 haesi
2013 1591 2223 1657 inhoc
2240 1618 2397 1686 ope·
2427 1606 2429 1608 ’

307 1708 411 1767 re,
446 1684 647 1748 multa
674 1681 836 1748 mihi
858 1681 1029 1748 fuiffe
1057 1679 1350 1760 subnata,
1387 1677 1605 1770 quibus
1637 1679 1868 1770 infigni
1901 1706 2242 1772 augmento
2274 1713 2395 1754 no—

311 1796 404 1841 tas
436 1799 602 1840 meas
634 1776 1022 1865 locupletare
1051 1768 1417 1863 potuissem,
1450 1770 1650 1835 multa
1679 1777 1869 1846 etiam
1902 1775 2212 1860 didiciffe‚
2234 1802 2393 1870 quae

310 1891 349 1934 a
379 1867 684 1933 sententia
728 1873 922 1959 priori
953 1891 1055 1933 me
1087 1862 1256 1929 abire
1292 1860 1604 1952 juberent.
1635 1862 1736 1928 sed
1765 1863 1923 1931 haec
1953 1873 2153 1958 magis
2187 1893 2253 1935 ut
2290 1896 2396 1939 ca-

309 1961 567 2026 lumniis
599 1984 963 2043 occurram,
1018 1979 1208 2052 quam
1239 1974 1305 2018 ut
1335 1955 1530 2046 plagii
1559 1961 1800 2022 crimen
1830 1959 2270 2046 extimescam,
2304 1967 2394 2031 le-

314 2060 558 2118 &torem
605 2051 880 2118 breviter
911 2052 1023 2119 hic
1055 2052 1282 2117 docere
1314 2048 1484 2112 volui
1517 2101 1536 2130 ‚
1591 2055 1735 2139 quia
1760 2059 2064 2119 maturior
2099 2076 2264 2120 aetas
2291 2065 2396 2125 vix

312 2145 612 2210 uberioris
645 2149 1127 2225 commentarii,
1148 2152 1207 2207 &
1239 2139 1645 2206 secundarum
1676 2165 1997 2227 curarum,
2019 2146 2235 2237 quibus
2255 2174 2396 2217 mea
2440 2198 2442 2200 -

308 2238 670 2318 vindicem,
707 2243 1078 2328 promittere
1111 2233 1280 2324 spem
1313 2231 1474 2299 mihi
1508 2233 1768 2301 videtur.
1820 2241 2124 2328 ¹Denique
2156 2255 2397 2309 errato-

310 2355 453 2395 rum
487 2331 897 2421 ampliorem,
945 2351 1133 2421 quam
1165 2327 1393 2392 vellem
1415 2378 1431 2408 ‚
1468 2328 1742 2393 indicem
1776 2328 2010 2417 adjeci:
2050 2356 2193 2399 cum
2225 2342 2396 2403 enim

317 2422 776 2489 Amstelodami
822 2428 988 2511 typis
1034 2423 1482 2512 exprimeretur
1513 2445 1666 2511 opus
1698 2473 1716 2503 ‚
1787 2446 1916 2487 non
1947 2432 2122 2513 potui
2152 2427 2230 2492 ad
2260 2453 2402 2494 om-

314 2521 457 2596 nia,
509 2536 576 2579 ut
608 2514 829 2598 debui,
882 2514 1223 2581 attendere.
1324 2512 1529 2598 Vale,
1566 2517 1763 2581 lector
1780 2566 1799 2598 ‚
1857 2524 1918 2582 δε
1949 2514 2108 2588 fave.
2168 2522 2402 2588 Leidae

316 2609 468 2675 Kal.
508 2608 748 2679 ottob.
786 2630 1201 2676 cloloccxxvr.
