2553 3676
595 190 1248 259 HEROIDES.
1325 211 1436 247 ΕΡ.

1512 211 1703 253 XVIII.

568 356 1336 459 EPIsToLA
1481 363 1782 432 XV111.

503 513 1168 572 LEANDER
1278 511 1830 572 HERONI.

391 649 655 788 NIlttit
680 648 1002 721 Abyde11u3‚
1037 665 1197 728 quam
1221 648 1396 701 mallet
1421 646 1588 710 ferre,
1627 646 1873 709 salutem,

615 721 668 775 Si
693 722 845 775 cadat
870 721 944 774 ira
967 738 1151 782 marm,

1188 719 1328 773 Sesta
1351 720 1521 791 puella
1533 758 1549 781 ‚
1587 718 1702 772 tibif

392 797 446 850 Si
472 794 601 849 mihi
625 794 699 847 Di
725 793 929 855 facileS‚
969 792 1023 845 δέ
1047 793 1164 845 sunt
1190 793 1245 845 in
1268 809 1449 845 amore
1473 791 1722 852 secundi3

464 866 644 920 Invitis
668 866 834 919 oculis
859 865 987 919 haec
1011 882 1128 917 mea
1151 864 1310 917 verba
1336 864 1495 934 leges,

321 959 349 1010 5
389 939 495 995 Sed
520 957 630 992 non
653 939 769 991 sunt
795 937 997 991 faciles:
1023 954 1146 990 nam
1172 954 1265 989 cur
1290 953 1406 988 mea
1430 947 1554 989 Vota
1577 947 1886 1000 morentur,

465 1011 700 1067 Currere
724 1028 811 1065 me
836 1012 965 1065 nota
988 1027 1086 1063 nec
1115 1007 1380 1080 patiantur
1404 1008 1571 1081 aqua?

151 1205 260 1243 Hanc
286 1201 481 1252 Epistol-am
513 1201 676 1240 Barthius
713 1200 759 1238 ad
788 1199 889 1238 Statii
919 1197 1040 1237 Theb.
1069 1210 1133 1237 vr.

34 1260 36 1278 ¹
105 1270 185 1306 545.
214 1254 354 1292 Ovidio
383 1254 577 1291 adscribere
608 1253 669 1289 vix
688 1251 818 1295 audet,
847 1250 1014 1288 inductus
1043 1262 1131 1287 vers.

33 1302 36 1353 ξ
103 1318 185 1353 247.
214 1307 250 1343 &
281 1303 362 1350 248.
390 1316 482 1354 quos
513 1315 558 1340 ex
586 1303 740 1340 Musaeo
767 1301 884 1337 versos
913 1299 982 1337 effe
1005 1308 1130 1348 putat;

102 1357 167 1395 nili
184 1355 350 1393 Musaeus
368 1354 408 1392 sit
424 1355 608 1403 antiquior
623 1381 632 1394 ‚
645 1364 756 1401 quam
777 1350 928 1399 persuasi
948 1362 1046 1388 nunc
1066 1350 1134 1388 sint

101 1407 199 1445 doen
219 1406 396 1443 homines.
424 1405 483 1442 scd
506 1405 672 1441 Lutatius
701 1402 746 1439 ad
765 1401 941 1438 eumdem
961 1401 1061 1438 Statii
1077 1401 1133 1438 lo-

99 1469 184 1495 cum
211 1456 347 1499 scribit,
376 1454 524 1491 Leandri
545 1453 674 1501 fabula
705 1452 768 1500 est,
796 1451 923 1487 ovidio
950 1454 1135 1498 referente,

100 1505 288 1555 notissima,
315 1518 427 1554 quem
455 1505 501 1543 ad
523 1505 617 1542 hanc
645 1503 845 1552 Epistolam
862 1502 1036 1550 respicere
1057 1514 1135 1539 ma-

36 1575 37 1578 *
96 1558 266 1596 nifestum
299 1558 370 1599 est,
398 1568 482 1593 cum
512 1556 551 1592 in
581 1551 874 1601 Metamorphofi
899 1553 991 1590 haec
1016 1553 1136 1590 fabula

36 1637 37 1649 2
98 1619 177 1646 non
197 1608 347 1656 legatur.
375 1607 635 1643 BURMANNus.

148 1670 183 1695 2.
210 1659 244 1693 st
262 1656 364 1692 cadat
386 1657 439 1692 ira
459 1654 604 1703 marin]
635 1654 691 1691 Sic
705 1653 926 1702 legendum,
950 1652 989 1690 id
1011 1653 1079 1696 est,
1110 1652 1136 1689 fi

36 1710 37 1726 ἶ
98 1719 202 1745 mare
221 1718 297 1744 non
316 1707 491 1755 agitetur,
519 1717 596 1742 non
623 1713 928 1746 commoveatur,
956 1711 996 1740 ut
1023 1704 1135 1751 usque

97 1758 171 1795 huc
197 1767 432 1794 commotum
460 1755 518 1792 est.
547 1755 763 1791 CtOFANus.
799 1755 942 1791 Omnes
975 1754 1134 1790 omnino

97 1807 213 1855 scripti
231 1807 364 1843 habent
378 1806 493 1849 ,unda
507 1833 517 1848 ‚
530 1814 568 1842 ut
590 1806 628 1841 &
648 1804 781 1841 Aldina
800 1806 897 1852 prior
919 1802 1056 1845 editio;
1076 1803 1135 1841 sed

99 1857 296 1907 posterior,
322 1867 433 1905 quam
465 1855 650 1902 Gryphius
677 1855 715 1890 &
747 1853 875 1902 reliqui
900 1853 1011 1891 secuti
1031 1853 1136 1899 sunt,

37 1955 38 1958 Ἴ
97 1907 163 1946 ira.
181 1906 309 1944 eadem
334 1906 484 1942 varietas
503 1903 562 1940 est.
587 1915 618 1940 1.
638 1903 795 1940 Metam.
816 1915 901 1953 330.

38 1990 39 1994 ,
152 1964 222 1995 Nec
249 1956 356 1994 maris
382 1956 436 1992 ira
463 1964 594 1991 manet.

36 1999 38 2010 Α
99 2007 148 2047 Et
169 2007 263 2056 apud
283 2008 422 2044 Lucan.
443 2017 479 2042 v.
498 2006 584 2042 600.

152 2064 193 2095 In
204 2056 351 2106 scopulos
370 2067 459 2092 totas
475 2065 626 2091 erexerat
648 2056 774 2094 undas.

98 2108 176 2146 Ubi
197 2109 233 2145 T
236 2109 397 2144 huaneus
421 2108 458 2142 &
484 2106 771 2154 Rottorphianus
792 2105 960 2152 codices,
988 2108 1070 2145 iras.
1097 2106 1137 2143 δε

37 2173 41 2195 .·
99 2167 196 2203 certe
216 2158 306 2196 nihil
324 2157 545 2206 frequentius
559 2184 570 2199 ‚
597 2168 708 2205 quam
727 2157 860 2193 iratum
877 2169 977 2195 mare
1000 2159 1138 2201 dicere,

36 2217 41 2243 t
100 2209 139 2247 ὃ(
160 2209 252 2246 iram
270 2209 360 2245 mari
377 2207 583 2244 adscribere.
603 2206 678 2244 vid.
697 2207 823 2244 Heins.
843 2207 888 2245 ad
907 2221 957 2244 xx.
978 2209 1137 2245 Metam.

39 2256 41 2261 ’
103 2261 232 2307 7ι9.ὅζ
249 2258 339 2295 iram
362 2258 534 2307 praestare
555 2269 639 2306 prae
657 2257 764 2294 unda.
781 2259 867 2295 hinc
886 2271 1038 2307 quoque
1059 2258 1136 2296 effi-

101 2310 214 2355 citur,
241 2308 342 2358 quod
363 2308 508 2356 proprie
529 2310 640 2345 etiam
663 2308 717 2343 ira
740 2308 855 2345 cadere
875 2310 1057 2358 eleganter
1081 2309 1136 2347 di-

103 2369 212 2399 catur.
240 2359 371 2396 Noster
390 2372 436 2396 11.
453 2358 542 2395 Am.
563 2371 651 2395 xm.
677 2370 712 2404 4.

151 2410 210 2447 Irai
227 2410 331 2459 digna
349 2408 449 2452 med3
471 2409 533 2457 sed
550 2409 643 2446 cadit
661 2409 716 2445 ira
736 2420 843 2448 metu.

0 2454 4 2511 ἶ
40 2457 43 2496 2
100 2456 261 2509 Propel‘t.
280 2475 324 2497 11.
340 2460 440 2515 Eleg.
465 2471 517 2508 13.

42 2551 43 2560 ἵ
154 2517 223 2547 Nec
234 2508 282 2560 fic
299 2510 338 2546 de
359 2509 466 2546 mhilo
478 2508 646 2556 fulminis
662 2509 714 2545 ira
737 2510 843 2548 cadit.

42 2570 43 2577 ¹
101 2561 242 2600 Lucan.
263 2574 316 2598 iv.
335 2560 414 2606 284.

152 2611 331 2647 Paulatim
352 2611 444 2647 cadit
459 2610 513 2646 ira
525 2609 638 2657 ferox.

0 2655 5 2714 ἶ
42 2667 43 2681 ³
101 2660 151 2700 Et
175 2662 224 2699 ita
251 2661 374 2710 passim
404 2662 473 2698 alii.
509 2661 546 2697 in
578 2674 654 2699 uno
685 2663 794 2699 etiam
824 2660 968 2699 Heinfii
997 2669 1069 2699 erat
1096 2663 1134 2699 in

44 2704 45 2762 J
103 2712 224 2760 primo
246 2712 347 2749 versu
361 2740 369 2753 ‚
396 2711 485 2760 quod
505 2711 648 2757 mallet,
678 2712 774 2750 unde
794 2713 888 2750 forte
911 2712 1108 2762 legendum
1124 2741 1134 2757 ‚

105 2774 168 2810 quo
189 2761 317 2799 mallet.
343 2762 602 2799 Bussmmuus.

157 2822 192 2864 2..
218 2811 303 2855 Sesta
316 2812 428 2860 puella
449 2812 554 2860 tibt]
584 2812 754 2851 Inusitate
780 2812 917 2850 dictum
937 2813 1024 2860 Sesta
1039 2841 1048 2857 ,
1069 2825 1135 2861 pro

106 2859 228 2914 Sestta,
254 2859 326 2914 fiye
343 2861 503 2915 ‘figuram
532 2863 699 2901 malueris
728 2863 868 2906 dicere,
897 2863 970 2901 five
999 2865 1137 2900 Poetae

108 2916 291 2964 autoritati
308 2910 460 2964 tribuere
480 2925 489 2948 ε
519 2913 576 2949 cui
591 2941 601 2957 ‚
614 2913 732 2950 versus
753 2915 862 2962 gratia
878 2942 887 2957 ‚
903 2913 1135 2961 poffeffivum

107 2960 181 2997 hoc
201 2967 250 2996 ita
276 2959 432 2997 incidere
451 2961 603 2999 licuerit.
631 2965 853 3001 Micrrrus.
881 2965 1014 3001 Malim
1036 2963 1136 3010 Sesti,

108 3007 136 3054 fi
164 3020 226 3070 per
248 3007 356 3062 libros
384 3011 550 3059 antiquos
575 3013 692 3066 liceat.
729 3013 776 3050 fic
800 3016 837 3051 in
865 3014 1022 3063 Epistola
1050 3014 1137 3062 Sap-

110 3059 224 3107 phus,
254 3057 347 3093 Lesb1
364 3057 488 3105 puella.
514 3061 629 3106 Sesttas
646 3073 741 3102 certe
763 3065 869 3104 Hero
891 3066 1006 3104 Statio
1023 3076 1136 3103 voca·

108 3115 174 3147 tur.
195 3108 318 3145 Theb.
335 3119 388 3143 vi„
409 3120 486 3155 545..
928 3135 932 3138 .

323 3157 415 3192 Sedet
434 3157 543 3193 anxia
560 3168 654 3196 turre
663 3161 822 3212 suprema

160 3207 274 3255 Sestias
294 3208 330 3244 in
340 3207 492 3256 speculis.

114 3256 280 3298 Sidonius
295 3258 516 3308 Apollinaris
536 3269 642 3297 carm.
663 3271 716 3299 xx:

2128 1079 2234 1154 Ipsa

1240 1198 1387 1236 Evadne
1404 1198 1442 1236 in
1451 1196 1643 1250 flammasj
1664 1203 1708 1237 (φ
1727 1195 1845 1245 Sestias
1862 1196 1931 1246 iffet
1948 1195 1987 1233 in
2005 1195 2128 1233 undas.

1187 1249 1343 1286 Musaeo
1363 1262 1515 1300 quoque
1532 1251 1667 1290 Σηςιέις
1689 1245 1788 1290 ‘Hm
1813 1248 1996 1296 Superiori
2019 1243 2129 1283 etiam
2150 1258 2233 1283 ver-2

1187 1299 1225 1336 su
1253 1300 1357 1336 malit
1393 1301 1526 1348 rectius,
1555 1300 1650 1348 legas
1675 1326 1684 1343 ,
1723 1307 1763 1336 ut
1799 1300 1848 1345 τῷ
1877 1298 1981 1334 cadat
2007 1296 2234 1345 respondeat⁴²

1191 1350 1367 1387 Ceterum
1387 1351 1424 1387 hi
1446 1351 1521 1388 duo
1542 1350 1662 1386 versus
1688 1354 1801 1386 manu
1825 1348 2020 1385 recentiori
2047 1349 2082 1384 in
2105 1349 2235 1384 Putea·

1188 1412 1262 1437 neo
1280 1401 1514 1449 legebantur,
1540 1412 1608 1449 pro
1629 1400 1759 1449 quibus
1779 1408 1949 1446 excerpta
1968 1398 2146 1435 Douzaeuz

1242 1453 1363 1498 Qum
1380 1460 1528 1501 cuperem
1539 1450 1683 1499 solitas,
1712 1457 1800 1486 Hero
1813 1477 1824 1494 ‚
1851 1449 1915 1485 tibi
1923 1450 2018 1495 serre
2032 1458 2090 1496 per
2107 1446 2235 1492 undas,

1291 1501 1414 1550 Accipe
1435 1501 1606 1544 Leandri,
1633 1500 1719 1536 dam
1737 1499 1837 1536 venit
1856 1499 1918 1548 ipse
1939 1511 2100 1535 manum.

1191 1551 1296 1589 Alter
1317 1552 1563 1589 Mentelianus
1582 1552 1620 1588 &
1638 1551 1705 1588 hos
1725 1551 1763 1587 &
1780 1550 1861 1587 illos
1878 1549 2041 1598 agnoscit
2055 1577 2065 1592 ‚
2093 1549 2162 1586 hos
2181 1556 2241 1586 ta«

1191 1614 1279 1639 men
1306 1602 1496 1650 posteriori
1524 1602 1624 1639 loco.
1653 1602 1864 1638 Hnmsms.
1903 1600 1945 1636 In
1982 1599 2140 1636 Douzae
2172 1611 2236 1636 ex·=

1193 1653 1320 1700 cerptis
1342 1652 1497 1689 alterum
1518 1652 1696 1688 disti-chon
1717 1652 1829 1698 priori
1845 1650 2048 1698 subjicitur:

1242 1702 1369 1751 Aptior
1390 1702 1452 1738 illa
1471 1701 1609 1752 quidem
1621 1700 1757 1750 placido
1776 1701 1840 1736 dat
1859 1699 2001 1736 verbera
2015 1708 2118 1748 ponto
2134 1715 2147 1736 :

1292 1753 1349 1799 Est
1369 1763 1486 1788 tamen
1504 1764 1547 1791 ειν
1557 1751 1676 1800 sensas
1697 1761 1779 1800 apta
1798 1750 1956 1796 ministra
1977 1750 2055 1786 mei.

1244 1814 1277 1850 3.
1304 1803 1339 1838 Si
1367 1802 1456 1839 mihi
1484 1802 1536 1838 Di
1561 1802 1683 1846 faciles
1711 1813 1754 1840 ω·
1772 1800 1892 1848 [ana]
1924 1800 2027 1836 Libri
2045 1801 2236 1848 quinque,

1192 1853 1270 1889 Sint
1297 1853 1396 1890 mihi.
1422 1861 1502 1890 tum
1529 1852 1587 1889 alii
1615 1852 1745 1893 multi,
1770 1862 1814 1889 ω’
1831 1848 1906 1898 fint
1932 1849 1971 1885 in
1989 1862 2126 1893 amore,
2154 1850 2238 1898 qui-

1193 1903 1277 1941 dam
1295 1931 1303 1947 ‚
1332 1903 1389 1939 vel
1407 1901 1501 1951 sint,
1528 1910 1614 1946 aut,
1642 1901 1699 1937 vel
1720 1900 1819 1949 sunt.
1847 1899 1931 1941 vel,
1959 1899 2123 1948 utsunt,
2153 1901 2240 1943 vel,

1193 1954 1253 2004 qai
1266 1955 1363 2002 fient.
1391 1954 1663 1990 Barberinianus
1676 1980 1686 1997 ,
1715 1951 1768 1988 Sic
1785 1949 1873 1987 mihi
1894 1948 1942 1986 Di
1950 1949 2087 1996 faciles.
2106 1950 2237 1998 probe.

1193 2004 1402 2042 dummodo
1422 2003 1586 2054 sequenti
1602 2003 1705 2040 versu
1720 2030 1732 2047 ,
1758 2012 1797 2038 ut
1819 2014 1894 2038 mea
1912 1999 2041 2046 verba,
2056 2001 2246 2047 rescribas,

1192 2066 1259 2103 pro
1281 2054 1362 2090 haec
1382 2068 1457 2089 mea
1471 2071 1481 2090 .-

1243 2104 1295 2140 Sic
1315 2104 1403 2140 mihi
1423 2103 1476 2140 Di
1487 2103 1630 2151 faciles,
1650 2101 1700 2153 fic
1711 2101 1787 2153 sint
1808 2103 1845 2140 in
1863 2116 1978 2140 amore
1992 2100 2160 2153 secundi,

1302 2155 1431 2191 Invitis
1451 2154 1555 2191 oculis
1570 2165 1610 2192 ut
1629 2168 1708 2192 mea
1725 2153 1831 2191 verba
1855 2153 1948 2203 leges.

1194 2206 1409 2243 Hismsms.

1242 2269 1276 2302 4.
1304 2264 1396 2292 Haec
1423 2269 1499 2293 mea
1526 2255 1673 2306 verba]
1704 2262 1796 2292 Haec
1816 2268 1893 2292 mea
1911 2253 2040 2304 scripta
2063 2254 2235 2291 Gronovt‘

1193 2307 1231 2344 ὅ(
1258 2307 1333 2344 duo
1360 2308 1430 2344 alii.
1466 2309 1515 2344 ita
1549 2319 1590 2344 11.
1622 2308 1756 2344 Amor.
1778 2320 1822 2344 υ.
1858 2319 1890 2354 ς.
1919 2303 2024 2354 Misi,
2045 2305 2241 2353 scriptoque

1112 2389 1121 2396 .
1193 2359 1324 2404 rogavi.
1345 2357 1392 2395 fic
1413 2370 1460 2394 11.
1481 2358 1569 2394 A-m.
1589 2370 1633 2394 11.
1656 2370 1711 2406 19.
1732 2359 1861 2413 Scripta
1880 2356 1960 2404 leget
1974 2354 2101 2403 secam.
2123 2354 2240 2401 epist..

1193 2420 1245 2444 Ἦ.
1272 2421 1306 2453 4.
1336 2408 1530 2444 Debueram
1552 2408 1676 2457 scripto
1699 2418 1820 2444 certtor
1839 2406 1895 2456 effe
1914 2417 1980 2442 tuo.
2011 2406 2047 2440 &C
2072 2405 2163 2441 alibi.
2193 2406 2234 2441 ὅς

1193 2458 1371 2495 efficacius
1390 2468 1480 2507 puto
1492 2459 1635 2507 scripta,
1650 2471 1761 2507 quam
1781 2458 1887 2493 verba
1900 2484 1910 2500 ,
1923 2456 2006 2503 quia
2027 2454 2147 2502 postca
2170 2453 2238 2491 ad-

1191 2508 1243 2545 dit
1281 2520 1370 2545 vers.
1401 2521 1460 2545 21.
1510 2510 1654 2556 Qanto
1685 2508 1827 2545 mallem
1853 2519 1961 2555 quam
1980 2504 2141 2552 scriberet
2168 2503 2234 2541 illa

1192 2569 1341 2595 nataret.
1368 2558 1628 2596 BuRMANNus.
2009 2581 2016 2588 ·

1245 2623 1276 2657 ς.
1305 2616 1380 2646 Car
1406 2622 1480 2645 mea
1511 2618 1595 2644 vota
1615 2604 1834 2655 morantem]
1868 2610 2051 2641 Mos-entur
2076 2612 2239 2652 quatuor·

1192 2661 1337 2697 codices
1354 2672 1430 2697 non
1453 2658 1747 2696 contemnendae
1767 2665 1889 2693 notae.
1913 2657 1950 2692 ὃ(
1972 2664 2052 2692 tum
2069 2654 2236 2703 sequenti

1192 2711 1296 2748 versu
1318 2711 1504 2759 patiantur
1531 2721 1681 2758 quoque
1703 2707 1743 2744 lit
1764 2706 2003 2744 scribendum.
2032 2705 2230 2753 quomodo

1192 2773 1284 2798 unus
1303 2762 1449 2809 Regius.
1478 2772 1523 2810 ex
1553 2759 1720 2797 Scriverii
1744 2768 1895 2806 quoque
1919 2755 2140 2793 membranis
2160 2755 2241 2804 legi⁴

1191 2810 1307 2860 poffet
1319 2841 1328 2856 ‚
1342 2825 1426 2848 nam
1447 2824 1506 2847 cur
1526 2824 1601 2846 mea
1619 2809 1696 2846 vela
1715 2818 1901 2845 morentur.
1925 2807 2140 2844 Petavianus
2152 2833 2161 2848 ,
2175 2818 2233 2842 nec

1186 2864 1384 2911 patiantur.
1405 2872 1498 2898 mota
1517 2874 1610 2910 aqua
1631 2871 1696 2908 pro
1715 2869 1797 2895 nota
1812 2858 1951 2895 Moretj
1973 2856 2103 2894 codex.
2124 2855 2233 2892 dubia

1193 2914 1307 2960 prima
1329 2912 1453 2948 editio.
1481 2911 1593 2948 infra:

1407 2961 1509 3010 Qcod
1527 2960 1633 2997 dubia
1644 2959 1740 3009 saepe
1753 2958 1908 3010 pependit
1924 2971 2028 3006 aqua.

1193 3014 1403 3050 Heinsius.
1441 3018 1540 3048 Mota
1570 3025 1664 3060 aqua
1699 3023 1775 3048 non
1811 3009 1916 3047 facile
1943 3009 2092 3057 quidem
2123 3017 2231 3052 repu-

1192 3063 1389 3103 diandum;
1419 3063 1588 3111 frequens
1611 3062 1709 3098 enim
1733 3062 1791 3098 illa
1812 3073 1887 3097 vor:
1914 3061 2035 3096 Poetis
2050 3085 2059 3099 ‚
2080 3058 2116 3092 &
2139 3067 2229 3090 con-

1191 3115 1266 3152 fusa
1285 3125 1370 3150 cum
1392 3123 1491 3150 nota:
1507 3121 1546 3150 ut
1561 3113 1687 3149 lib.vr.
1706 3113 1863 3148 Metam.
1883 3110 1945 3146 ult.
1967 3120 2024 3144 111.
2049 3107 2131 3141 salt.
2148 3115 2240 3151 347..-

1193 3165 1232 3202 &
1263 3164 1384 3200 Valer.
1408 3163 1503 3200 Flac.
1527 3175 1561 3199 v.
1588 3176 1646 3208 44.
1672 3162 1731 3199 sed
1753 3174 1836 3199 cum
1861 3171 1949 3196 mox
1975 3169 2029 3195 27.
2056 3154 2237 3208 Adfttetas«

1193 3227 1302 3263 aquas
1328 3224 1461 3257 vocet,
1488 3225 1574 3261 quas
1592 3214 1651 3252 hic
1669 3223 1790 3256 notas,
1818 3211 1999 3258 vulgatam
2026 3206 2235 3243 leetioncmt

1192 3264 1310 3302 servo·
1335 3264 1598 3304 Romaanus.

1691 3311 1725 3348 K
1743 3310 1766 3346 k
1802 3320 1821 3357 3
2095 3315 2129 3353 ᾳ.
2157 3303 2236 3355 Jpsa
