2553 3676
496 182 645 240 AD
721 176 1178 238 LIVIAM
1251 179 1934 244 AUGUSTAM.

300 269 404 343 '4725
444 271 707 343 Conjugis
731 270 789 324 &
809 265 919 321 nati
943 266 1198 322 meritum
1221 272 1466 340 pervenit
1495 271 1563 327 ad
1588 288 1799 329 omnes:

349 341 355 346 '
516 343 776 416 Conjugis
803 337 860 390 δε
885 338 1023 418 nati,
1063 338 1244 402 Livia,
1286 341 1456 414 sospes
1482 361 1586 416 ope
1610 362 1680 399 es,

439 415 720 488 Supprime
736 411 845 481 jam
868 408 1123 490 lacrimas,
1162 426 1273 465 non
1300 413 1374 491 est
1395 416 1704 471 revocabilis
1727 418 1860 486 istis3

509 488 690 558 Quem
713 481 874 537 semel
900 480 1190 535 umbrifera
1226 495 1400 537 navita
1428 486 1584 542 lintre
1609 490 1744 544 tulit.

435 559 679 615 Hectora
702 568 784 610 tot
805 554 1020 618 fratre3‚
1059 565 1142 607 tot
1166 553 1440 610 deflevere
1464 555 1700 622 sorores;

504 629 578 683 Et
602 639 781 701 pater,
820 627 877 680 &
904 625 1131 696 conjux,
1172 626 1549 701 Astyanaxque
1571 647 1735 702 puer,

431 701 504 757 Et
530 701 787 772 longaeva
809 716 1012 772 parens
1052 710 1232 752 tamen
1257 699 1342 754 ille
1366 701 1639 757 redemtus
1664 702 1729 756 ad
1757 704 1905 775 ignes

504 773 779 845 Nullaque
809 789 904 843 per
929 771 1137 843 Stygias
1165 771 1353 826 umbra
1380 775 1584 829 renavit
1610 792 1782 846 aquas,

427 845 679 915 Contigit
703 846 807 898 hoc
832 843 992 897 etiam
1017 842 1263 898 Thetidi.
1302 847 1585 917 populator
1611 846 1845 901 Achilles
1904 890 1907 891 γ

500 917 653 971 lliaca
680 916 928 971 ambustis
955 914 1150 971 ollibus
1174 934 1298 971 arva
1320 918 1532 988 premit.

283 995 385 1060 1435
419 988 497 1045 Illi
519 989 824 1044 caeruleum
847 988 1064 1060 Panope
1090 1001 1372 1044 matertera
1407 990 1612 1045 crinem

497 1061 697 1125 Solvit,
736 1060 1090 1117 &immensas
1110 1059 1323 1116 fletibus
1347 1062 1494 1116 auxit
1517 1078 1692 1135 aquas,

420 1133 823 1207 Consortesque
845 1134 996 1189 Deae
1021 1145 1268 1195 centum,
1304 1134 1668 1206 longaevaque
1692 1131 1868 1203 magni

496 1207 703 1262 Oceani
727 1206 952 1277 conjux,
990 1205 1346 1278 Oceanusque
1368 1218 1550 1278 pater;

423 1278 495 1333 Et
519 1279 715 1334 Thetis
738 1291 860 1332 ante
884 1294 1097 1332 omnes:
1138 1278 1230 1332 sed
1258 1279 1376 1333 Nec
1402 1278 1597 1332 Thetis
1619 1276 1751 1349 ipsa,
1787 1293 1964 1348 neque
1996 1297 2180 1337 omnes

490 1350 776 1406 Mutarunt
802 1349 944 1404 avidi
968 1348 1129 1402 tristia
1148 1349 1265 1421 jura
1287 1350 1409 1404 Dei.

422 1422 599 1478 Prisca
623 1422 755 1494 quid
780 1422 884 1476 huc
911 1423 1136 1493 repeto?
1177 1422 1499 1492 Marcellum
1523 1423 1745 1479 octavia
1767 1423 1921 1478 flevit
1936 1462 1953 1487 >

490 1494 563 1550 Et
588 1494 738 1550 flevit
763 1496 966 1567 populo
988 1493 1179 1550 Caesar
1203 1508 1493 1570 utrumque
1516 1497 1699 1569 palam.

291 634 396 699 '430

274 1356 380 1422 7440

2160 1570 2267 1624 Sed

124 1698 184 1737 liic
195 1697 358 1737 observat
372 1695 522 1747 ,Lipfio
534 1697 725 1747 sublegerit
741 1696 787 1736 ad
806 1696 983 1737 Senecam
994 1697 1040 1736 de
1057 1698 1168 1737 Vitae
1275 1701 1322 1735 Et
1342 1695 1464 1736 melius
1473 1699 1598 1745 famae
1613 1697 1719 1735 verba
1745 1694 1864 1745 dedisse
1875 1697 1982 1743 feren

123 1749 301 1787 brevitate
330 1760 407 1797 cap.
437 1748 471 1786 8.
498 1749 563 1798 qui
589 1748 723 1786 eodem
753 1747 871 1786 modo
892 1749 988 1787 citat.
1014 1749 1075 1788 sed
1100 1757 1166 1794 tu,
1222 1746 1380 1786 Remed.
1402 1749 1485 1797 458.

122 1798 261 1844 lee'tor,
297 1799 452 1847 reperies
480 1799 577 1848 apud
600 1799 755 1837 Statium
775 1798 834 1836 lib.
853 1810 889 1836 v.
913 1798 999 1837 Silv.
1023 1812 1055 1837 1.
1085 1810 1166 1846 177.
1273 1799 1308 1836 Si
1330 1813 1397 1836 non
1418 1799 1558 1837 Oebalia
1572 1798 1689 1848 pellice
1704 1798 1792 1848 laefiz
1803 1800 1906 1846 fhret.

123 1848 163 1885 &
187 1849 296 1893 vide,
333 1860 428 1897 quae
455 1848 503 1886 ibi
533 1856 637 1886 notat
666 1848 841 1887 Barthius.
866 1848 948 1887 loca
967 1849 1068 1887 Statii
1087 1850 1165 1888 satis
1222 1851 1261 1888 δε
1282 1850 1421 1898 paffim.
1462 1850 1725 1888 BURMANNUS.

121 1898 288 1936 invenire
306 1898 370 1937 scit
392 1899 574 1943 Clericus,
591 1898 654 1937 ubi
674 1899 836 1937 indicem
856 1898 1081 1948 Stephanum
1100 1900 1165 1937 ha·
1268 1912 1354 1947 4¹9·
1384 1905 1507 1938 Fueras
1534 1900 1658 1936 vitalis
1687 1900 1724 1936 in
1753 1899 1864 1937 horas.
1887 1899 1902 1949 ]
1940 1899 2060 1937 Parvo
2090 1904 2260 1946 tempore

121 1947 206 1992 bet,
235 1958 275 1987 ut
303 1949 348 1987 ad
382 1961 474 1988 vers.
503 1950 587 1997 428.
613 1949 675 1987 ubi
704 1948 781 1987 duo
800 1961 844 1986 ex
866 1949 942 1998 ejus
971 1950 1165 1988 Thesauro
1218 1949 1474 2000 supervictura.
1529 1951 1663 1987 Nescio
1681 1958 1803 1988 autem
1825 1962 1882 1987 ‚an
1917 1950 2048 1986 rectius
2067 1948 2177 1992 fueris
2204 1949 2258 1985 le-

121 1998 297 2047 surripuit.
369 1999 439 2038 Sed
463 2001 537 2038 hoc
578 1999 671 2038 duce
707 1999 893 2038 destitutus
931 2002 969 2037 in
1011 2000 1165 2039 tenebris
1220 2009 1353 2050 gatur‚
1388 2008 1429 2038 ut
1457 2013 1503 2038 ex
1538 2000 1720 2049 superiore
1748 1999 2013 2048 conjuncstione
2048 1997 2264 2046 dependeat.

122 2049 246 2086 micat.
299 2049 563 2088 BURMANNUS.
1222 2052 1448 2089 chntus.
1476 2051 1575 2099 Qin
1593 2050 1698 2086 etiam
1721 2051 1950 2087 Combianus
1970 2049 2069 2086 liber.

168 2111 252 2147 415.
279 2104 461 2137 Eventura
473 2099 617 2149 precatu]
645 2104 692 2137 Et
708 2109 861 2138 ventura
882 2099 1062 2138 editiones
1081 2102 1167 2149 pris·
1272 2114 1356 2151 423.
1384 2100 1593 2148 servandi.]
1624 2100 1708 2137 Imo
1722 2127 1731 2143 ,
1752 2099 1970 2148 firvandae,
1985 2107 2022 2136 ut
2043 2110 2128 2136 vere
2140 2099 2261 2136 Com—

121 2159 206 2191 cae,
234 2150 379 2187 Pithoei
411 2162 564 2199 quoque
592 2152 630 2187 ὅτ
658 2152 838 2200 Scaligeri.
860 2149 977 2187 male:
998 2152 1036 2188 δε
1064 2151 1163 2189 reete
1219 2151 1345 2190 bianus
1375 2152 1414 2189 &
1442 2152 1580 2200 primae
1622 2150 1815 2188 editiones.
1851 2150 2064 2187 Hnmsius.
2108 2148 2183 2186 vid.
2217 2148 2264 2186 ad

43 2433 49 2438 .
118 2411 196 2448 cap.
214 2410 380 2436 cxxxvrr.
398 2398 568 2436 diximus.

119 2197 358 2237 Bersmannus
380 2201 453 2238 huc
471 2202 628 2239 advocat
647 2201 705 2238 illa
724 2200 866 2238 Tibulli
887 2213 932 2238 11.
949 2212 1049 2250 ως.

167 2254 352 2286 Eventura
364 2258 481 2298 precor
494 2279 503 2294 ‚
533 2250 650 2287 viden’
668 2261 709 2287 ut
721 2250 883 2298 felicibus
898 2250 987 2287 extis

220 2299 389 2347 significet
404 2300 555 2349 placidos
575 2302 704 2338 nuntia
715 2300 811 2348 fibra
823 2306 909 2337 Deos
922 2311 937 2338 ἑ·

117 2348 202 2386 vide
223 2350 268 2386 ad
280 2350 395 2386 Ovid.
416 2351 482 2397 Ep.
501 2363 573 2388 v11.
593 2361 654 2435 ιὶ.
675 2352 714 2388 &
733 2363 827 2401 quae
845 2362 912 2389 nos
931 2351 976 2390 ad
997 2350 1161 2392 Petronii

644 2412 738 2436 DEM.

166 2450 249 2495 416.
278 2454 315 2485 A
336 2448 484 2497 Druso]
514 2449 556 2486 Id
574 2448 643 2494 est,
670 2450 749 2496 post
769 2449 877 2487 Drusi
896 2454 1158 2494 mortemvid.

115 2498 161 2536 ad
182 2499 288 2547 Epist.
309 2510 345 2537 v.
375 2511 456 2546 252.

165 2560 249 2595 417.
278 2554 328 2585 Tu
360 2558 477 2585 tamen
507 2553 590 2597 ausa
606 2557 697 2597 potes
717 2558 815 2586 tanto
836 2549 1010 2599 indulgere
1026 2552 1156 2598 dolori,

115 2599 260 2646 Longius
288 2608 327 2635 ut
355 2599 460 2643 nolis,
500 2603 565 2635 heu
585 2599 819 2645 malefortis!
847 2601 906 2638 ali.
929 2601 945 2650 ]
976 2602 1087 2639 Redit
1110 2604 1156 2641 ad

115 2649 262 2686 Liviam
277 2677 286 2693 ,
315 2650 353 2686 ὃς
377 2652 483 2687 tacite
504 2650 676 2698 corripit,
710 2650 812 2699 quod
832 2659 972 2688 tantum
986 2651 1157 2690 dolorem

114 2697 165 2735 ob
194 2697 257 2735 filii
283 2708 442 2737 mortem
473 2701 606 2748 ceperit
632 2728 640 2742 ,
674 2708 715 2738 ut
747 2701 857 2737 etiam
888 2701 1009 2739 inedia
1040 2704 1157 2750 perire

114 2748 273 2785 statuerit
295 2762 304 2785 :
340 2749 507 2799 adeoque
535 2752 645 2788 etiam
678 2749 833 2798 periisset
859 2779 867 2791 .
905 2752 1046 2800 inquit,
1088 2752 1155 2790 nifi

114 2798 244 2835 Caesar
262 2798 313 2835 illi
331 2798 545 2837 subvenisset
558 2827 568 2843 ,
590 2801 662 2837 &c.
690 2806 734 2836 Ut
754 2801 840 2837 nolis
859 2800 910 2837 ali
931 2801 1080 2849 longius:
1101 2803 1157 2840 ul-

113 2849 222 2886 terius
240 2848 294 2885 uti
313 2848 394 2886 cibo
408 2849 490 2894 ,sed
508 2849 625 2886 inedia
645 2852 772 2897 perire.
792 2852 1018 2888 chnrus.
1045 2853 1151 2889 Haec

114 2900 242 2935 omnia
267 2899 525 2946 corruptissima
557 2900 646 2936 sunt.
701 2900 827 2937 Sensus
852 2910 1039 2950 utcunque
1061 2913 1152 2938 con-

114 2948 214 2986 stabit
225 2947 249 2984 s1
261 2974 271 2992 ‚
285 2949 387 2996 ufijue
395 2956 483 2997 potes
495 2977 505 2993 ,
514 2951 573 2987 vel
587 2978 595 2993 ,
607 2963 665 2986 ora
668 2959 774 2999 potes,
786 2950 1147 3000 refingatur.Hi-:1Ns.

114 2998 211 3036 forte
225 3026 235 3043 ,
1119 2997 1124 3003 ’

166 3054 218 3085 Tu
237 3058 355 3085 tamen
375 3051 457 3097 ausa
470 3050 560 3096 fores
581 3060 722 3087 tantum
741 3052 917 3101 indulgere
937 3052 1066 3099 dolori,

218 3100 362 3146 Longius
379 3110 417 3135 ut
438 3099 538 3136 nolles
564 3101 643 3147 fiexa
663 3102 864 3148 malefortis
878 3107 893 3139 !
915 3104 929 3151 )
955 3103 1017 3141 ali.

87 3157 90 3161 “
115 3149 184 3187 Pro
212 3148 330 3186 fuifl'es
359 3149 440 3187 ausa
465 3150 650 3198 indulgire
680 3152 799 3189 colori
819 3180 830 3197 ,
866 3154 976 3203 usque
998 3154 1043 3192 ad
1072 3155 1152 3192 ine-

113 3200 211 3237 diam
227 3226 237 3242 ,
276 3198 340 3254 nifi
369 3199 494 3237 Caesar
518 3199 735 3239 revocasset:
755 3201 847 3249 sores
866 3215 932 3251 pro
956 3199 1084 3245 fuiffes.
1112 3212 1152 3245 ut

115 3249 233 3295 Ovid.
252 3249 360 3298 Epist.
390 3262 486 3289 xvxi.
508 3261 590 3298 170.
958 3256 967 3258 ”

1219 2202 1329 2251 Epist.
1349 2214 1408 2239 xx.
1431 2212 1488 2247 74.

1269 2252 1354 2299 428.
1381 2251 1575 2297 Umbrifera
1593 2250 1736 2301 lintre]
1763 2249 1852 2288 Vid.
1869 2250 1915 2307 ad
1937 2262 1981 2305 1¹:
2005 2248 2093 2287 Fast.
2115 2248 2198 2296 884.
2228 2299 2235 2306 .

1216 2301 1848 2401 ferffiiioffssssississlzin3353?ssss
1869 2299 2260 2405 ἓιὲῗὲἓὲιῖἱῖῗῗξὲέζὲ

1216 2404 1364 2442 summo
1387 2403 1530 2453 judicio
1556 2404 1616 2440 hic
1643 2404 1749 2450 pon-it
1774 2403 1889 2439 Po'e'ta
1913 2414 1922 2438 2
1959 2401 2044 2438 ideo
2080 2411 2181 2436 emm
2220 2411 2260 2437 m

1213 2455 1426 2503 exemplum
1449 2453 1638 2491 adducitur
1664 2452 1846 2495 Achilles,
1873 2451 1957 2500 quia
1984 2451 2086 2487 fortis
2107 2449 2191 2494 ille,
2219 2450 2260 2486 δε

1213 2507 1341 2541 omnia
1371 2504 1506 2541 vastans
1528 2504 1566 2539 δε
1588 2503 1753 2550 superaus
1771 2529 1783 2546 ‚
1830 2501 1894 2538 vix
1923 2500 2111 2537 videbatur
2140 2499 2255 2537 alium

1211 2562 1438 2601 reperturus,
1465 2553 1529 2602 qui
1552 2564 1637 2590 eum
1656 2552 1811 2589 sternere
1829 2549 1945 2600 poffet
1959 2578 1969 2595 ‚
1987 2550 2098 2587 sed&
2119 2549 2178 2586 ille
2201 2550 2257 2587 vi-

1212 2602 1292 2640 &or
1317 2605 1487 2641 omnium
1505 2615 1525 2640 a
1545 2602 1648 2640 vietis
1674 2602 1792 2640 caesus
1822 2601 2018 2644 occubuit,
2046 2601 2084 2637 ὃ(
2103 2599 2257 2648 popula-

1210 2660 1270 2690 tor
1287 2653 1445 2691 Troadis
1465 2653 1572 2690 iliaca
1589 2663 1672 2690 arva
1693 2664 1791 2689 nunc
1809 2651 1938 2689 ostibus
1966 2650 2109 2698 premit.
2149 2649 2254 2696 Quid

1211 2704 1347 2742 mirum
1369 2715 1477 2752 ergo,
1506 2703 1531 2740 si
1551 2704 1588 2740 δε
1617 2702 1753 2740 Drusus
1776 2730 1787 2747 ‚
1827 2701 1986 2746 Achilles
2011 2699 2110 2749 quafi
2140 2699 2253 2741 alter,

1212 2754 1251 2790 ὅς
1270 2754 1465 2803 populator
1478 2753 1698 2791 Germaniae
1713 2779 1723 2797 ,
1751 2752 1893 2789 obierit.
1913 2750 1971 2788 sed
1992 2751 2076 2788 talia
2088 2760 2165 2786 non
2194 2760 2254 2786 ca·

1212 2804 1265 2851 pit
1283 2815 1386 2842 mens
1408 2803 1532 2841 obtusa
1553 2803 1704 2840 Goralli.
1760 2802 2023 2839 BURMANNus.

1259 2866 1343 2899 441.
1369 2855 1484 2900 Prista
1503 2853 1588 2903 quid
1607 2852 1712 2902 hum]
1749 2858 1842 2889 Haec
1867 2851 2072 2889 Mediceus.
2099 2849 2251 2886 Heius.

1206 2903 1280 2941 vicl.
1299 2904 1407 2952 Epist.
1428 2915 1506 2940 xiv.
1528 2916 1609 2950 109.
2224 2947 2231 2954 ι

1258 2966 1341 3000 442.
1367 2953 1490 3002 Populo
1502 2952 1660 3002 paleam]
1691 2953 1746 2990 Ita
1768 2953 1918 2991 Livium
1950 2950 2011 2988 lib.
2043 2962 2096 2986 VI.
2124 2947 2250 2985 Credz-

1207 3005 1273 3040 tori
1301 3017 1372 3040 rem
1401 3003 1517 3052 palam
1536 3002 1655 3053 populo
1668 3002 1778 3052 solvit
1808 3001 1932 3040 dixiffe
1954 3000 2116 3038 observat
2136 2999 2246 3054 ‘Gro-

1205 3055 1338 3141 psovius
1365 3055 1409 3092 ad
1440 3055 1516 3103 ejus
1553 3053 1729 3102 scriptoris
1766 3052 1828 3092 lib.
1866 3063 1950 3090 xxv,
1982 3049 2037 3087 18.
2065 3048 2180 3086 Ovid.
2210 3060 2246 3085 v.

1248 3105 1362 3142 rist.x.
1436 3133 1443 3140 .

1259 3117 1520 3203 Meque3p9alam
1540 3155 1580 3190 de
1602 3167 1655 3191 me
1676 3155 1751 3192 tuto
1772 3152 1861 3190 male
1872 3151 1969 3200 saepe
1993 3149 2196 3199 loquuntur.

1207 3204 1281 3244 vid.
1300 3205 1345 3243 ad
1368 3203 1546 3252 Quinetil.
1567 3205 1673 3242 Decl.
1693 3217 1737 3242 11.
1760 3214 1815 3252 13.
1834 3203 1871 3241 &
1893 3213 1948 3240 Ἦ.
1973 3211 2028 3247 14.
2055 3200 2187 3238 BURM.

1508 3304 1553 3341 M
1566 3315 1603 3342 m
1615 3314 1702 3341 mm
1713 3314 1751 3342 m
2058 3286 2137 3349 444-
2165 3307 2247 3340 Non
