2553 3676
806 185 1360 244 P.0V1D11

1430 183 1982 243 NASONIS·

580 281 698 337 Nec
724 282 901 337 minor
929 278 1003 333 est
1025 281 1196 334 virtus
1212 318 1230 342 ‚
1270 296 1432 355 quam
1454 295 1741 353 quaerere,
1766 291 1916 352 par-ta
1940 279 2097 336 tueri.

652 353 816 409 Casus
842 351 976 407 inest
997 352 1131 407 illic:
1171 351 1262 407 hic
1292 354 1393 408 erit
1417 353 1542 407 artis
1567 368 1717 424 opus,

473 445 536 497 15
573 427 733 483 Nunc
763 425 924 490 mihi,
951 425 989 480 fi
1011 425 1258 497 quandO,
1282 426 1424 480 Puer
1449 427 1501 478 &
1528 424 1829 497 Cytherea,
1864 423 2073 480 favete:
2097 430 2102 494 ss

659 500 820 555 Nune
843 497 1038 557 Erato:
1066 517 1189 554 nam
1213 510 1274 552 tu
1298 514 1499 551 nomen
1523 498 1719 552 amoris
1741 497 1917 553 habes

582 571 787 644 Magna
810 590 974 646 par03
1001 589 1131 644 quas
1155 568 1315 641 poffit
1339 570 1516 622 Amor
1539 585 1814 626 remanere
1840 589 1937 644 per
1964 583 2102 626 artes
2515 553 2551 725 ii

654 646 887 709 Dicere,
919 659 1029 699 tam
1053 643 1198 696 vasto
1223 657 1485 714 pervagus
1514 639 1646 694 orbe
1668 657 1819 712 puer.
2443 710 2473 715 „
2517 658 2521 713 ς
2549 711 2553 719 ¹

580 717 655 773 Et
679 720 808 773 levis
833 718 934 780 est,
975 716 1031 768 &
1056 715 1217 771 habet
1240 714 1507 786 geminaS,
1546 712 1740 786 quibus
1765 716 1974 781 evolet,
1997 716 2113 771 alaS.
2519 714 2553 771 Q·-

472 812 544 846 20

342 1015 446 1066 §Mae
467 1020 577 1053 Venus
600 1028 641 1053 ex
658 1026 765 1066 aequo
783 1023 939 1051 ventura
959 1013 1002 1062 est
1016 1021 1122 1062 grata
1139 1008 1293 1067 dnobus,

394 1066 526 1104 Altera
546 1080 605 1105 cur
624 1066 728 1105 illam
746 1066 893 1111 vendit,
921 1077 965 1106 ω’
985 1063 1076 1101 alter
1097 1071 1210 1100 emit?

293 1117 350 1157 El.
376 1131 430 1156 xx.

346 1175 445 1219 Saepe
464 1169 584 1207 venire
605 1168 694 1206 mihi
712 1167 934 1205 dubitantem
954 1165 1097 1203 hortata
1114 1163 1324 1202 Corinnam.

292 1221 349 1265 Ut
367 1221 440 1258 illic
452 1221 679 1259 scribendum
706 1219 861 1256 videtur.
882 1218 1040 1256 Martial.
1052 1217 1112 1255 lib.
1130 1216 1230 1265 1.Ep.
1245 1227 1350 1254 Lxxx.

345 1272 471 1309 Omnis
492 1271 536 1307 ab
555 1270 667 1318 insufh
689 1279 891 1306 numeretur
913 1269 1030 1305 amica
1052 1267 1194 1305 Falerno
1207 1281 1217 1310 ;

396 1328 444 1359 Et
463 1322 546 1372 quia
566 1321 667 1358 nulla
688 1320 788 1357 venit
802 1349 812 1367 ,
839 1331 881 1357 tu
900 1319 1010 1366 mihi,
1031 1320 1153 1370 fhmne
1168 1347 1178 1363 ,
1202 1317 1299 1358 veni.

294 1373 340 1413 In
364 1372 614 1422 Apophoretis
632 1384 711 1409 xxv.
732 1372 768 1410 6.

348 1429 444 1462 Titne
461 1423 607 1473 triplices
630 1422 752 1470 nostros
774 1436 843 1460 non
860 1422 954 1460 vilia
973 1421 1066 1459 dona
1080 1419 1244 1471 putabis,

401 1481 592 1511 Venturam
612 1486 692 1510 cum
704 1473 742 1522 se
755 1473 882 1523 scribet
904 1473 1022 1512 amica
1041 1473 1119 1512 tibi.

294 1526 504 1574 Propertius
521 1526 582 1563 lib.
606 1537 651 1562 11.
673 1525 728 1562 El.
747 1538 826 1563 xxv.

350 1578 403 1613 Sic
423 1576 540 1613 veniet
559 1576 658 1613 hodie
670 1604 682 1622 ,
701 1574 738 1626 fi
756 1589 827 1628 qua
845 1575 989 1626 negavit
1008 1575 1095 1615 heri.

297 1628 356 1667 El.
378 1641 446 1665 xvx
460 1641 472 1665 1
484 1640 514 1666 1.

351 1679 409 1715 Mi
423 1679 570 1727 formofiz
583 1680 643 1727 stit
662 1692 715 1723 es,
735 1677 770 1728 fi
790 1678 995 1729 modosaepe
1011 1677 1124 1715 venis.

298 1729 356 1769 Ita
376 1730 503 1767 scribo.
531 1730 607 1767 Ubi
618 1731 669 1766 To
689 1731 789 1767 venis
805 1742 997 1780 perperam
1009 1731 1357 1781 interpretaturma-

300 1792 393 1831 gnus
417 1780 582 1829 Scaliger.
603 1781 658 1818 El.
682 1795 743 1819 xx.

353 1832 510 1880 Speranti
521 1831 637 1879 subito
647 1830 680 1881 fi
703 1846 773 1883 qua
792 1832 912 1871 venire
936 1841 1050 1882 negat·

302 1881 438 1921 Noster
459 1883 551 1920 infra
575 1894 660 1932 553.

907 1934 1040 1972 Fortior
1067 1933 1124 1973 ille
1142 1934 1186 1984 est
1197 1964 1212 1982 ‚

356 1986 436 2032 Qo
459 1984 610 2020 veniunt
628 1983 693 2022 alii
712 1986 915 2023 conciliante
934 1987 1024 2024 viro.

302 2036 453 2072 Uxores
473 2036 662 2073 nimirum.
691 2037 739 2074 ita
758 2037 1030 2086 corrigendum.
1043 2037 1180 2076 Modus
1196 2038 1360 2088 loquen-

297 2086 341 2124 di
367 2087 557 2134 Propertio
574 2087 779 2126 admodum
799 2089 996 2126 familiaris.
1025 2090 1064 2126 &
1094 2091 1145 2127 ita
1178 2089 1360 2126 convenire

301 2138 467 2188 pueliam
490 2149 556 2185 pro
577 2150 654 2175 rem
682 2139 812 2176 habere
835 2152 921 2178 cum
943 2140 1062 2189 puella
1082 2169 1092 2185 ,
1120 2140 1165 2177 de
1195 2153 1273 2189 quo
1302 2141 1361 2177 lo-

300 2188 446 2233 quendi
476 2188 594 2226 modo
622 2191 793 2228 nonnihil
816 2191 907 2228 infra
945 2203 1108 2239 agemus.
1137 2192 1286 2239 Apulcj.
1306 2203 1360 2227 xv.

303 2236 426 2275 Miles.
482 2240 677 2277 convenire
705 2241 745 2277 in
785 2241 1002 2290 voluptatem
1037 2248 1220 2278 Veneream
1253 2241 1361 2278 dixit.

303 2289 343 2326 ἃ
357 2288 404 2325 ita
419 2289 552 2327 Graeci
563 2291 639 2328 fere
650 2292 879 2337 συνέρχεσθαι
901 2293 947 2330 de
966 2304 1003 2329 re
1013 2292 1184 2330 Venere-a
1202 2291 1359 2331 honesto

302 2340 493 2378 >vocabulo
516 2350 678 2379 utuntur.
708 2343 854 2380 Heius.
873 2343 946 2380 vid.
964 2343 1010 2381 ad
1025 2344 1085 2381 lib.
1109 2357 1140 2382 1.
1162 2355 1222 2391 79.
1312 2383 1314 2385 ,

362 2390 419 2430 16.
448 2392 634 2442 Amoris.]
663 2394 836 2431 Amanztis
858 2394 1034 2431 maluerat
1056 2394 1230 2432 Heinsius
1257 2393 1363 2432 olim.

363 2442 420 2480 18.
448 2442 537 2479 Orbe
551 2443 674 2493 paen]
706 2450 794 2481 Tam
817 2474 828 2489 ‚
855 2445 899 2483 ad
913 2454 1108 2497 pervagus,
1135 2457 1182 2483 an
1205 2445 1251 2484 ad
1270 2444 1367 2493 vasto

303 2492 384 2531 'orbe
410 2494 674 2533 referendum?
703 2495 862 2533 Douzi.

365 2557 422 2593 19.
450 2545 588 2593 Qibus
608 2545 741 2591 evolet,
763 2546 877 2597 alas.]
920 2546 1054 2585 Avolet
1078 2548 1216 2597 Regius
1250 2547 1288 2585 ὅ(
1308 2547 1368 2585 alii

312 2596 524 2645 complures
546 2609 631 2634 cum
656 2597 772 2646 prima
793 2599 970 2636 editione.
999 2600 1103 2648 quod
1135 2600 1280 2648 sequor.
1309 2598 1371 2636 sed

311 2647 351 2683 ὃς
381 2648 512 2693 multi,
533 2648 693 2687 advolat.
728 2652 902 2699 proxime
933 2662 1076 2689 verum.
1112 2651 1151 2689 iri
1172 2650 1374 2693 Halieutie.

312 2704 437 2735 tamen
458 2699 515 2741 3⁹75.
534 2700 568 2737 6.

367 2748 602 2800 Concuffisque
621 2750 708 2788 levis
728 2751 849 2802 pennis
860 2749 910 2802 fic
930 2751 1049 2791 evolat
1065 2752 1149 2793 ales.

316 2796 367 2837 Et
391 2799 510 2847 Epigr.
537 2804 631 2839 Pith.
654 2815 735 2852 pag.
757 2817 791 2841 2.

365 2854 440 2884 Cur
461 2851 513 2885 ita
532 2853 730 2900 complicitis
749 2855 840 2892 alis?
859 2868 1058 2906 numquam
1075 2855 1205 2894 evolat.
1224 2855 1374 2893 Heme.

314 2900 406 2938 Non
429 2902 656 2940 movendam
682 2915 772 2952 puto
795 2918 929 2943 vocem
945 2935 954 2951 ‚
983 2907 1122 2952 evolat,
1140 2919 1234 2957 quae
1265 2915 1372 2945 notat

315 2950 473 2988 evadere
495 2963 622 2990 manus
634 2955 809 3001 prendere
831 2959 1073 3004 cupientium.
1096 2959 1133 2995 ὅς
1163 2959 1201 2996 in
1230 2958 1344 2996 altum
1359 2985 1371 3003 ,

314 3002 376 3039 vel
407 3014 452 3040 ex
482 3003 679 3050 conspectu
717 3006 853 3043 vol-are.
888 3008 938 3044 ita
971 3008 1067 3055 apud
1091 3010 1243 3046 Sueton.
1273 3010 1372 3057 Aug.

317 3064 420 3090 xcxv.
460 3053 682 3091 Torrentius
714 3058 868 3093 notatin
891 3057 1002 3093 tribus
1029 3058 1123 3093 libris
1158 3058 1261 3094 fuill'e
1284 3086 1293 3100 ,
1324 3060 1371 3095 de

314 3104 436 3153 aquila
451 3132 461 3147 ‚
490 3117 568 3140 cum
589 3103 749 3152 alttffime
769 3106 938 3153 evolaffet.
967 3108 1004 3142 δε
1028 3107 1076 3143 ita
1098 3106 1211 3143 edidit
1242 3107 1373 3144 Aldus.

315 3156 452 3192 Cicero
489 3168 520 3192 1.
551 3156 595 3193 de
625 3157 732 3204 legib.
773 3169 803 3193 i.
840 3171 946 3206 quare
962 3157 1160 3206 glandifera
1187 3157 1251 3194 illa
1272 3171 1375 3208 quer-

316 3220 398 3249 cus,
436 3220 478 3242 ex
506 3220 576 3256 qua
603 3207 683 3243 olim
715 3207 873 3243 evolavit
901 3209 1028 3244 nuntia
1050 3208 1157 3252 fulva
1186 3209 1306 3254 Jovis.
1336 3211 1375 3247 &

315 3256 404 3294 hinc
425 3266 514 3305 puto
534 3259 628 3306 apud
653 3258 932 3307 Obsequentem
953 3272 1029 3309 cap.
1055 3261 1131 3297 126.
1151 3260 1350 3309 legendum
1365 3289 1375 3305 ,

320 3308 455 3357 aquilae
486 3312 581 3358 wsae
607 3310 645 3348 in
665 3309 818 3360 sublime
832 3310 969 3348 evolare
982 3339 992 3357 ,
1005 3323 1104 3350 nunc
1124 3314 1268 3350 avolare
1286 3312 1380 3363 legi·

654 789 898 848 Difficile
924 787 1000 844 est
1023 789 1122 844 illis
1147 785 1451 863 imposuisse
1474 786 1718 845 modum.

2332 858 2548 918 Hm:

1402 1016 1473 1048 tur.
1510 1009 1684 1059 scriptum
1725 1012 1843 1052 fuerat
1866 1011 2017 1062 sicblime
2045 1011 2166 1050 volare
2194 1040 2205 1058 ,
2245 1011 2450 1062 neglexerat

1405 1062 1506 1099 enim
1528 1062 1689 1101 librarius
1709 1078 1725 1100 e
1744 1065 2039 1114 repetere„hinc
2056 1065 2180 1114 postea
2200 1065 2343 1103 avolare
2361 1065 2454 1112 fece*

1404 1121 1500 1151 runt.
1530 1114 1662 1152 Manil.
1681 1127 1716 1152 v.
1739 1117 1821 1165 361.

1457 1163 1623 1202 Plumeus
1642 1165 1681 1202 in
1703 1166 1830 1204 coelum
1851 1167 1973 1206 nitidis
1989 1166 2060 1205 olor
2078 1165 2196 1205 evolat
2213 1166 2293 1206 alis.

1406 1214 1456 1253 Et
1476 1216 1610 1254 Noster
1630 1230 1657 1254 1.
1679 1218 1775 1257 Met.
1795 1219 1878 1264 264.

1458 1266 1621 1304 Madidis
1643 1279 1743 1306 notus
1761 1269 1878 1306 evolat
1896 1269 1976 1309 alis.

1406 1317 1455 1357 Et
1475 1319 1525 1356 ita
1547 1319 1673 1367 paffim
1693 1320 1755 1358 alii
1771 1321 1974 1370 scriptores.
2027 1320 2298 1360 Bmmmnus.

1459 1381 1518 1406 21.
1546 1370 1782 1420 Praecluserat
1801 1373 1920 1409 omnia
1939 1371 2087 1422 Minos]
2112 1374 2460 1421 Praestruxeratmei
2526 1375 2552 1415 '3¹‘

1405 1419 1517 1458 liores
1533 1420 1943 1472 librimagnonumero.
1967 1424 2111 1462 reetius.
2138 1436 2224 1462 narn
2236 1424 2457 1475 claufitrnox
2526 1438 2549 1496 ,ι

1404 1470 1578 1520 sequitur.
1630 1473 1814 1514 Daedalus
1844 1475 1919 1525 ipse
1942 1475 2007 1514 lib.
2030 1487 2143 1514 vx11.
2170 1477 2265 1515 Met.
2303 1476 2385 1527 185.
2415 1476 2460 1517 de
2527 1479 2553 1533 ρὲ

1405 1522 1649 1563 Minotauro:
2505 1567 2507 1569 ,
2528 1542 2532 1566 l

1467 1607 1474 1611 .
1640 1581 1761 1614 Terras
1780 1576 1878 1622 licet,
1907 1576 2047 1628 inquit,
2076 1587 2120 1617 φ’
2139 1577 2253 1615 undas
2533 1583 2535 1586 ⁴

1456 1624 1647 1673 obstruat:
1676 1638 1714 1664 at
1735 1628 1863 1665 coelum
1885 1640 1971 1665 certe
1990 1638 2100 1677 patet.
2128 1627 2256 1665 ibimus
2274 1628 2375 1668 illac:

1464 1677 1596 1714 Omnia
1612 1678 1794 1728 poffideat,
1823 1693 1892 1716 non
1902 1678 2039 1729 poffidet
2057 1682 2142 1716 a‘e‘ra
2163 1680 2293 1720 Minos.
2529 1685 2550 1730 3·

1412 1727 1505 1766 Fast.
1530 1742 1560 1766 1.
1579 1729 1625 1767 de
1647 1731 1748 1768 Caco
1775 1731 1858 1781 563.
2530 1734 2553 1789 ,Ἢ

1468 1779 1529 1817 Ille
1543 1780 1686 1818 aditum
1698 1782 1811 1829 fraeti
1824 1781 2084 1834 praestruxerat
2105 1781 2207 1832 objice
2231 1783 2371 1822 montis.
2546 1784 2553 1839 'i

1410 1831 1547 1873 §tatius
1569 1832 1769 1871 Achille'i'd.
1793 1845 1824 1872 1.
1845 1833 1930 1880 480.
2538 1835 2553 1867 '²

1468 1885 1631 1932 Qemve
1651 1884 1765 1922 alium
1783 1884 1831 1922 ad
1839 1884 1964 1934 stygios
1981 1884 2102 1923 tulerit
2116 1884 2248 1933 secreta
2254 1894 2314 1935 per
2323 1898 2441 1923 amnes
2530 1869 2547 1937 1

1465 1935 1612 1974 Nereis?
1640 1948 1684 1976 ω’
1694 1935 1857 1985 pulchros
1867 1938 1962 1983 ferro
1974 1936 2222 1985 praestruxerit
2239 1947 2338 1973 artus
2350 1947 2365 1975 ,²
2534 1934 2548 1961 ’-

1411 1986 1631 2035 Quomodo
1651 2000 1737 2025 vere
1758 1987 1887 2025 vetusti
1907 1989 2054 2024 codices
2075 1988 2244 2026 nonnulli
2279 2000 2298 2026 a
2328 2000 2389 2026 me
2411 1988 2464 2026 in·-

1414 2036 1549 2086 spe&i;
1583 2039 1679 2075 ferro
1708 2040 1810 2076 enim
1831 2039 2110 2086 impenetrabile
2144 2050 2275 2086 corpus
2306 2039 2467 2078 Achillis.

1415 2089 1454 2126 in
1477 2088 1631 2137 vulgatis
1646 2089 1932 2137 praestrinxerit3
1962 2093 2165 2138 perperam.
2205 2091 2418 2127 anusxus.

1466 2150 1526 2187 23.
1555 2140 1736 2178 Daedalus
1757 2151 1797 2177 ut
1820 2139 1939 2189 claufit
1961 2140 2060 2190 eya]
2093 2140 2204 2178 Hanc
2233 2153 2385 2191 quoque
2415 2141 2466 2177 fa-

1415 2188 1539 2226 bulam
1561 2200 1679 2228 narrat
1699 2190 1944 2240 copiosiffime
1961 2191 2021 2228 lib.
2046 2203 2113 2229 ux.
2133 2192 2294 2231 Metam„
2317 2193 2470 2229 Utrum-

1416 2252 1490 2289 que
1520 2241 1648 2278 locum
1681 2254 1794 2290 quam
1824 2241 2096 2291 diligentifflme
2124 2244 2229 2292 potui
2248 2243 2297 2280 ibi
2320 2242 2470 2281 contuli.

1418 2291 1549 2339 ltaque
1567 2292 1628 2328 hic
1647 2293 1739 2329 nihil
1759 2294 2001 2330 immorabor.
2058 2293 2230 2330 CxorAN.

1467 2341 1529 2379 28.
1557 2347 1615 2378 Da
1637 2342 1726 2379 mihi
1737 2343 1819 2393 posse
1840 2343 1958 2393 mari]
1988 2342 2040 2378 Sit
2060 2342 2272 2391 mihiJureti
2289 2351 2469 2394 excerpta:

1420 2392 1581 2441 eleganti
1600 2394 1815 2432 Graecismo
1838 2422 1848 2438 ,
1876 2397 2013 2439 γένοιτο
2034 2422 2042 2435 ,
2069 2393 2163 2438 ἕςω,
2200 2394 2393 2442 ἐνδέχοιτο.
2423 2393 2472 2431 fic

1423 2453 1573 2489 contra,
1603 2451 1684 2481 Non
1701 2445 1767 2491 est,
1795 2444 1854 2481 οὐκ
1879 2446 1946 2487 ἕςι.
1977 2451 2056 2482 Non
2067 2443 2141 2494 fit,
2170 2451 2223 2481 Ne
2236 2445 2306 2494 fit,
2343 2451 2391 2490 μῆ
2409 2446 2473 2490 γέ·-
2548 2453 2553 2459 ’

1424 2508 1534 2540 νοω-ο,
1566 2499 1614 2540 μῆ
1633 2491 1666 2531 δ’
1686 2496 1769 2538 ἕςω.
1799 2495 1860 2532 οὐκ
1882 2497 1939 2539 ’έςι
1956 2524 1966 2540 ,
1992 2507 2059 2544 pro
2080 2508 2157 2533 non
2179 2496 2287 2542 licet,
2315 2509 2392 2534 non
2413 2496 2476 2533 da·-

1423 2554 1493 2584 tur.
1522 2546 1721 2585 Arufianus
1739 2548 1892 2585 Meffius
1908 2546 2080 2586 ineditus.
2111 2547 2170 2595 Est
2181 2560 2310 2585 cernere
2323 2575 2334 2594 ‚
2353 2547 2476 2597 Virgi-

1426 2597 1494 2636 lius
1516 2610 1569 2637 vx.
1590 2598 1752 2636 Aene'i'd.
1778 2611 1861 2647 595.

1611 2655 1734 2687 Terrae
1756 2649 1994 2700 omnipotentis
2012 2649 2202 2687 alumnum

1484 2706 1630 2738 Cernere
1657 2711 1745 2738 erat.

1428 2752 1569 2802 Georg.
1607 2765 1661 2791 xv.
1693 2764 1778 2800 447.
1831 2758 1937 2789 Nunc
1966 2751 2009 2800 est
2051 2761 2084 2788 te
2114 2750 2243 2799 fallere
2283 2751 2478 2802 quicquam}

1429 2803 1560 2842 Bucol.
1586 2816 1621 2841 x.
1641 2804 1701 2851 46.
1757 2810 1828 2840 Nec
1838 2802 1888 2853 sit
1906 2804 1995 2841 milvi
2015 2803 2146 2839 credere
2168 2813 2324 2840 tantum.
2362 2805 2477 2841 imita-

1429 2863 1487 2894 tus
1505 2855 1606 2893 hunc
1630 2855 1787 2893 Nasonis
1809 2856 1937 2893 locum
1959 2855 2213 2892 Maximianus
2234 2855 2269 2891 in
2293 2855 2446 2904 Elegiis:

1480 2911 1587 2944 Nunc
1601 2935 1611 2951 ,
1640 2907 1723 2957 quia
1744 2906 1843 2955 longa
1861 2906 1953 2943 mihi
1969 2905 2092 2955 gravis
2104 2905 2148 2951 est
2167 2904 2357 2944 &inutilis
2367 2914 2478 2948 aetas,

1533 2958 1653 2995 Vivere
1671 2971 1750 2994 cum
1770 2971 1937 3006 nequeam
1952 2984 1972 3006 ,ι
1981 2955 2031 3005 fit
2049 2955 2139 2992 mihi
2152 2956 2233 3006 poffe
2251 2957 2349 2993 mori.

1430 3008 1542 3046 Libet
1562 3009 1711 3056 paulum
1736 3008 1950 3054 exspatiari,
1971 3016 2011 3044 ut
2032 3006 2191 3044 modum
2211 3007 2389 3057 loquendi
2410 3005 2478 3044 ele·

1428 3069 1581 3107 gamem
1601 3057 1829 3094 illustremus.
1885 3058 2054 3096 Tibullus
2071 3058 2133 3095 lib.
2160 3071 2189 3095 1.
2210 3058 2268 3096 El.
2293 3071 2349 3097 vx.

1481 3114 1577 3143 Tunc
1600 3107 1689 3143 mihi
1710 3121 1778 3143 non
1802 3107 1907 3144 omlis
1917 3108 1967 3158 sit
1984 3108 2133 3157 timuisse
2154 3109 2248 3146 meis.

1430 3159 1564 3196 Noster
1602 3159 1779 3208 superiori
1820 3161 1916 3198 libro
1959 3163 2046 3210 619.
2084 3160 2189 3210 quod
2217 3171 2296 3198 non
2328 3159 2376 3197 est
2403 3169 2484 3197 mu·

1430 3210 1607 3247 tandum:

1485 3260 1676 3298 Blanditiis
1695 3260 1860 3300 animum
1872 3263 2008 3312 furtim
2029 3260 2229 3313 deprendere
2251 3273 2341 3299 nunc
2352 3257 2410 3311 fit.

1437 3313 1520 3353 Lib.
1543 3325 1606 3353 xix.
1627 3313 1708 3352 Art.
1730 3325 1814 3364 151.

2425 3365 2494 3398 Nec
