2553 3676
244 221 304 289 58

714 209 775 266 P.
849 203 1266 264 OVIDII
1339 203 1875 261 NASONIS

529 301 724 357 Incisae
750 301 957 356 servant
983 301 1012 352 {1
1037 311 1090 353 te
1113 315 1231 352 mea
1254 298 1474 353 nomina
1498 296 1632 370 fagi:

607 374 678 429 Et
704 376 854 446 legor
883 372 1145 435 Oenone,
1181 369 1316 427 falce
1340 383 1550 434 notata,
1586 384 1702 425 tua:

526 448 600 505 Et
624 460 887 520 quantum
913 444 1122 506 trunci,
1161 455 1370 499 tantum
1393 461 1513 498 mea
1535 444 1753 498 nomina
1779 442 2054 498 crescunt:

617 519 889 581 Crescite,
929 516 983 572 &
1009 517 1063 571 in
1087 517 1274 571 titulos
1296 515 1496 587 surgite
1519 514 1660 570 reeta
1684 534 1850 570 meos,

424 615 454 647 2
463 615 491 663 ς
519 594 614 649 Po
655 592 771 646 ulus
797 591 871 645 est
898 590 1167 660 (memini)
1196 587 1396 643 fluviali
1422 587 1622 642 consita
1646 588 1786 660 ripa,

645 663 704 731 ’11
727 665 784 718 in
808 682 912 736 qua
935 662 1099 717 nostri
1122 662 1273 716 litera
1295 660 1489 732 scripta
1514 678 1739 715 memor.

537 737 774 808 popule,
809 737 935 790 vive
957 752 1180 806 precor,
1217 751 1353 805 quae
1379 732 1579 786 consita
1605 734 1843 804 margine
1869 735 2043 806 ripae,

616 809 749 866 Hoc
774 810 829 863 in
854 807 1050 880 rugoso
1076 806 1282 861 cortice
1308 823 1526 862 carmen
1550 805 1736 860 habes:

247 1012 443 1052 Claudian.
465 1010 706 1060 1.inEutrop.
721 1021 805 1060 300.
825 1022 863 1049 v.
876 1005 1295 1048 &GenaxaMartiaL

247 1077 321 1103 vix.
344 1065 438 1113 epig.
461 1062 518 1112 36.
537 1061 583 1099 de
601 1063 706 1100 villa:

300 1113 462 1152 Plurima
482 1126 570 1164 quae
582 1111 676 1162 poffit
687 1111 820 1162 subitos
836 1111 1012 1159 defendere
1031 1108 1175 1147 nimbos.
1264 1158 1271 1164 ·

249 1165 305 1204 Ita
333 1165 383 1203 ibi
411 1164 534 1202 nescio
561 1176 674 1212 quem
706 1163 828 1211 legere
847 1170 1004 1200 monent
1026 1162 1231 1204 Scriverus,
1261 1170 1300 1196 in

248 1217 426 1265 repetitae
459 1214 629 1252 1effionis
663 1213 761 1250 notis
784 1241 794 1258 ,
843 1214 882 1250 &
908 1213 1106 1257 Gruterus;
1137 1211 1300 1259 primum

250 1265 506 1316 quaerendum
524 1265 605 1313 quis
625 1264 684 1302 ille
706 1263 748 1301 sit
763 1291 773 1306 ,
793 1262 898 1312 quod
915 1262 941 1299 si
959 1262 1175 1301 auetoritate
1194 1261 1301 1299 MSS.

249 1318 289 1356 id
310 1317 448 1354 faenum
464 1345 475 1361 ,
503 1316 695 1353 immerito
718 1314 889 1363 profeeto
911 1313 979 1351 illis
1000 1312 1161 1362 vapulat.
1196 1312 1301 1350 locus

250 1376 379 1406 antem
407 1367 572 1416 apprime
600 1365 646 1403 ad
672 1366 773 1403 hunc
807 1365 937 1402 locum
970 1364 1057 1402 facit
1094 1363 1241 1412 Virgilii
1266 1375 1302 1400 x.

252 1417 412 1456 Aeneid.
427 1430 514 1467 905.
535 1423 638 1453 Hunc
657 1429 710 1453 oro
729 1415 868 1463 defende
881 1416 1061 1463 fluorem,
1090 1413 1128 1451 id
1149 1414 1197 1451 est
1216 1425 1303 1462 pro-

253 1469 364 1512 hibe,
385 1477 426 1506 ut
452 1468 609 1516 explicat
639 1467 761 1505 Schol.
787 1467 874 1504 Stat.
901 1465 1025 1504 Theb.
1049 1477 1081 1504 1.
1098 1477 1187 1514 409.
1215 1464 1304 1505 Stat.

252 1519 302 1558 de
325 1519 467 1568 Tydeo
488 1519 527 1556 &
546 1517 737 1567 Polynice.

304 1581 375 1620 Hic
389 1595 472 1618 vero
491 1580 657 1618 ambobus
673 1581 804 1618 rabiem
812 1582 962 1628 fortuna
981 1589 1167 1616 cruentans

305 1632 473 1668 Attulit:
502 1631 601 1668 haud
609 1630 802 1681 paffifhcits
823 1631 999 1679 defendere
1015 1632 1146 1667 nollem

309 1681 549 1718 Culminibus.

257 1740 378 1789 Quod
404 1740 479 1789 ipse
503 1740 626 1790 postea
652 1742 932 1790 interpretatur,
960 1752 1047 1779 cum
1075 1739 1234 1792 Tydeus
1263 1724 1311 1780 ad

259 1790 481 1830 Adrastum:

425 1891 432 1897 -
529 1842 614 1877 tee‘lo
629 1840 756 1878 coelum
766 1840 943 1891 prohibere
961 1841 1062 1892 (quis
1075 1841 1155 1890 iste)

357 1901 461 1929 rcutt.

261 1900 436 1992 ItaAlege.
464 1943 588 1992 inepte
616 1941 732 1992 vulgo
753 1942 881 1992 arguit.
909 1943 972 1981 ubi
992 1943 1119 1980 coelum
1137 1944 1219 1979 1εὲἳο
1236 1951 1313 1991 pro-

263 1993 398 2039 hibere,
428 1993 527 2032 idem
555 1993 659 2043 quod
683 1994 785 2043 supra
800 2023 811 2039 ‚
835 1997 966 2033 nostem
989 1994 1166 2041 defendere
1189 1992 1313 2031 culmi-

263 2044 376 2083 nibus.
402 2043 503 2082 idem
527 2045 649 2082 Theb.
675 2058 731 2082 1x.
756 2046 840 2093 316.

530 2122 590 2145 cur
609 2107 673 2157 ipfi’
692 2109 824 2145 excitus
841 2108 879 2146 in
896 2122 999 2146 arma

317 2158 486 2207 Ismenos,
514 2159 629 2196 declae
648 2159 730 2207 noffe
747 2159 920 2209 indulgere
928 2160 1057 2209 sorores
1070 2175 1081 2196 .-

321 2210 471 2257 Vestrum
489 2219 566 2260 opus
585 2210 634 2246 ire
654 2221 742 2246 retro
755 2222 819 2255 ,cf
831 2210 970 2258 senium
992 2210 1168 2258 defendere
1176 2211 1313 2258 famae.

266 2271 324 2311 Ita
343 2273 526 2311 veriffirne
543 2273 777 2311 vetustissima
797 2275 911 2318 editio
924 2276 985 2320 ‚&
1004 2274 1159 2317 Aldinus
1180 2274 1315 2318 codex,

269 2323 375 2373 quod
403 2324 573 2372 imperite
593 2351 606 2368 ,
644 2325 682 2362 in
710 2325 867 2375 depellere
885 2353 895 2370 ,
936 2327 993 2364 vel
1026 2325 1178 2375 repellere
1195 2335 1317 2364 muta-

269 2382 355 2412 runt
389 2373 625 2413 Correetores
650 2404 661 2421 ,
707 2388 802 2426 quae
839 2389 940 2414 mera
978 2375 1190 2426 glossemata
1225 2377 1317 2414 sunt.

269 2425 386 2463 Plaut.
405 2425 551 2464 Mostel.
579 2439 635 2464 1v.
659 2440 672 2464 1
686 2440 714 2464 1.
736 2439 793 2465 20.
823 2428 897 2475 Qu
922 2427 976 2463 his
996 2428 1167 2476 injuriam
1181 2427 1319 2474 foribus

272 2476 448 2523 defendat.
469 2476 533 2514 ubi
553 2477 627 2515 vid.
647 2478 858 2516 Taubman.
879 2478 976 2526 apud
995 2479 1167 2516 Ciceron.
1189 2478 1319 2527 Philip.

274 2538 386 2564 vr11.
415 2539 445 2565 c.
479 2539 535 2566 10.
566 2534 620 2564 At
650 2529 740 2576 istud
768 2529 884 2565 vetuit
906 2528 960 2565 lex
986 2530 1143 2579 Caesaris
1172 2541 1215 2569 (φ
1240 2539 1316 2566 tua.

274 2578 336 2614 ubi
365 2577 519 2624 defendit
552 2578 659 2616 MSS.
688 2579 838 2629 quidam
874 2581 1060 2618 veterrimi
1092 2580 1320 2629 Hieronymi

277 2627 557 2677 Ferrarii,quod
577 2628 636 2666 ille
659 2642 736 2668 non
755 2631 930 2679 percepit.
947 2631 1115 2678 defendit,
1126 2631 1320 2680 prohibet:

278 2677 424 2716 videtur
452 2688 577 2717 tamen
605 2680 656 2718 illi
673 2681 825 2719 leetioni
847 2681 984 2719 obstare
1005 2682 1107 2731 quod
1127 2682 1252 2720 denuo
1271 2682 1325 2719 se-

278 2729 427 2776 quitur:
455 2734 501 2765 Et
520 2743 560 2766 tu
579 2734 657 2768 affe
676 2732 834 2781 Caefizris
850 2733 1012 2780 defmdis.
1039 2734 1186 2770 Nonius
1207 2733 1245 2769 in
1266 2732 1324 2768 de-

272 2778 440 2825 fendere,
459 2790 503 2816 ex
530 2782 622 2818 Enn.
645 2783 767 2822 Achil.
786 2789 894 2820 Serva
913 2784 1002 2820 cives
1016 2813 1026 2828 ,
1052 2784 1192 2828 defende
1208 2782 1324 2831 hostes,

281 2842 362 2865 cum
384 2838 474 2878 potes
502 2831 688 2877 defendere.
713 2834 759 2870 sic
780 2835 941 2884 intellige
963 2834 1020 2873 iiia
1034 2862 1044 2879 ‚
1061 2846 1156 2884 quae
1178 2834 1324 2872 Nonius

283 2891 473 2929 perperam
499 2882 676 2920 intellexit
708 2885 781 2922 vid.
809 2886 960 2924 Colum.
986 2887 1024 2924 in
1052 2887 1148 2924 Enn.
1176 2898 1212 2934 p.
1242 2897 1326 2932 341.

282 2930 418 2970 Pallad.
448 2932 634 2980 Septemb.
663 2945 740 2982 cap.
776 2935 830 2972 18.
862 2937 1023 2974 Pluribus
1048 2936 1093 2974 de
1122 2936 1326 2984 defendendi

252 2986 254 2988 '
286 2982 400 3018 verbo
428 2981 497 3019 hac
527 2982 789 3032 fignificatione
811 2987 868 3033 egi
888 2987 934 3022 ad
953 2988 1129 3025 eumdem
1154 2987 1326 3024 Claudia-

286 3044 378 3070 num
404 3044 486 3069 111.
508 3034 615 3070 Cons.
649 3035 785 3072 Stilich.
814 3047 892 3073 171.
915 3037 1127 3074 Heinsxus.
1155 3034 1327 3085 Deprensa

287 3083 318 3131 J.
340 3083 473 3120 Douza
500 3082 600 3132 polle
620 3086 731 3133 recipi
760 3085 938 3124 credebat.
965 3087 1026 3124 sed
1045 3087 1151 3124 simul
1171 3096 1250 3124 111111
1271 3100 1327 3122 ca-

289 3146 375 3170 nam
396 3134 564 3183 pruinam
599 3136 799 3184 improbius
835 3137 996 3185 paullum
1018 3165 1028 3182 ,
1063 3149 1175 3186 quam
1211 3137 1328 3185 prima

288 3185 411 3221 fronte
441 3185 656 3230 videbatur,
696 3187 870 3235 capiebat.
907 3187 954 3227 fic
983 3189 1085 3236 saepe
1117 3187 1330 3236 interpretes

289 3234 370 3284 ipsis
387 3235 512 3274 Poetis
531 3236 734 3274 lasciviores
754 3237 1071 3286 deprehendimus.

340 3297 401 3325 20.
429 3292 493 3324 Per
501 3289 587 3338 juga
599 3288 786 3339 summm]
814 3289 913 3339 Juga
933 3288 1032 3340 longa
1057 3290 1262 3330 Puteaneus
1289 3291 1330 3330 &

2251 875 2397 935 Cum

1351 1004 1467 1053 Jureti
1486 1003 1667 1054 Excerpta
1694 1017 1780 1045 cum
1805 1005 1882 1049 aliis
1904 1005 2040 1045 multis.
2075 1005 2289 1056 Quomodo
2308 1005 2401 1052 Pro-g

1354 1057 1490 1105 pertius
1514 1068 1594 1094 111.
1616 1056 1719 1106 Eleg.
1745 1069 1800 1107 13.

1408 1109 1564 1142 secentur
1575 1108 1711 1156 patrios
1720 1117 1783 1159 per
1791 1109 1878 1159 juga
1895 1109 1996 1159 longa
2015 1121 2126 1148 canes.

1355 1157 1405 1200 Et
1426 1158 1557 1207 Virgil.
1575 1170 1635 1197 111.
1658 1171 1740 1208 544.

1697 1210 1798 1260 Juga
1817 1210 1915 1260 longa
1928 1211 2068 1262 petebat

1410 1259 1565 1298 Selorum
1583 1273 1762 1299 nemorum

1356 1310 1494 1349 Reete:
1523 1323 1610 1349 nam
1628 1313 1715 1362 juga
1732 1313 1923 1351 montium
1943 1312 2029 1351 inde
2048 1312 2143 1351 dista
2162 1311 2405 1351 Grammatici

1356 1362 1488 1400 volunt
1511 1390 1521 1407 ,
1559 1363 1662 1412 quod
1697 1364 1770 1413 ipsa
1807 1365 2088 1405 continuatione
2110 1365 2320 1415 jungantur.
2347 1365 2407 1402 Sic

1358 1412 1458 1462 longa
1480 1413 1544 1449 Ida
1564 1414 1711 1463 Epistol.
1731 1414 1887 1453 Paridis:

1411 1463 1682 1516 Innumerasque
1700 1466 1789 1503 mihi
1809 1465 1908 1514 longa
1927 1465 1992 1502 dat
2012 1465 2075 1502 Ida
2093 1465 2217 1505 trabes.

1359 1515 1495 1554 Noster
1515 1523 1643 1553 tamen
1663 1516 1823 1565 Epistola
1845 1517 2040 1565 superiori:

1413 1566 1558 1602 Hortari
1577 1566 1694 1604 celeres
1704 1576 1765 1617 per
1775 1568 1862 1617 juga
1873 1568 2019 1617 summa
2041 1580 2151 1605 canes.

1363 1616 1493 1654 Senec.
1516 1617 1750 1666 Hippolyto:

1416 1672 1629 1715 Summaque
1645 1667 1772 1703 montis
1786 1668 1872 1716 juga
1890 1668 2053 1718 Cecropii.

1365 1716 1428 1765 Egi
1455 1724 1582 1755 autem
1619 1717 1669 1755 est
1704 1719 1859 1756 verbum
1896 1720 2144 1757 venatorium.
2183 1719 2314 1770 Virgil.
2353 1729 2413 1760 1V'.

1365 1767 1526 1807 Aeneid.
1548 1778 1608 1810 71.
1634 1767 1752 1815 Pastor
1775 1782 1876 1816 agens
1891 1770 1980 1807 telis.
2009 1770 2219 1807 Hmnsxus.
2258 1773 2297 1807 &
2329 1783 2410 1808 111.

1368 1817 1508 1865 Georg.
1539 1829 1624 1861 411.
1661 1823 1772 1867 Apros
1804 1818 1941 1855 latratu
1975 1819 2132 1856 turbabis
2163 1833 2275 1868 agens.
2308 1820 2412 1856 Citas

1369 1880 1466 1903 canes
1486 1868 1641 1906 malebat
1663 1869 1859 1915 Francius,
1872 1871 1911 1907 ὅ(
1930 1869 2101 1916 16ἂ6,111
2118 1879 2225 1919 puto.
2259 1870 2345 1909 vide
2365 1870 2412 1908 ad

1373 1930 1387 1955 1
1400 1930 1413 1955 1
1425 1931 1454 1956 1.
1472 1919 1629 1957 Metam.
1650 1932 1731 1967 140.

1421 1982 1481 2016 25.
1508 1969 1633 2020 nipe]
1663 1971 1770 2009 MSS.
1797 1984 1922 2010 xxxin
1949 1971 2050 2018 rivo,
2067 1972 2170 2022 quod
2193 1974 2231 2011 &
2250 1969 2415 2022 agnoscit

1370 2021 1518 2058 Guulth.
1538 2021 1736 2059 Alexandr.
1757 2023 1818 2059 lib.
1841 2035 1873 2060 1.

1419 2077 1586 2121 Dumque
1603 2072 1785 2119 vetustatis
1791 2072 1921 2121 saltem
1939 2073 2080 2121 vestigia
2099 2073 2238 2124 quaerit

1422 2122 1566 2158 Sedulus
1579 2150 1589 2166 ‚
1617 2121 1777 2171 objicitur
1788 2122 1937 2173 fluviali
1957 2122 2081 2173 confita
2103 2124 2181 2161 rivo

1420 2172 1567 2222 Populus
1583 2179 1728 2210 Oenone.

1370 2223 1448 2261 Ubi
1478 2223 1523 2261 de
1551 2224 1751 2263 Alexandri
1780 2225 2018 2274 expeditione
2039 2226 2076 2263 in
2094 2226 2290 2276 Phrygiam
2317 2228 2416 2277 agit.

1370 2284 1411 2312 ut
1427 2274 1523 2314 forte
1533 2274 1700 2324 fluvialis
1709 2276 1810 2312 rivus
1822 2276 1863 2314 sit
1875 2276 1989 2314 dietus
2000 2288 2067 2325 pro
2078 2278 2231 2315 torrenti
2244 2279 2337 2316 rivo.
2356 2277 2417 2316 sed

1370 2334 1497 2363 tamen
1519 2326 1571 2364 nil
1587 2335 1729 2364 temere
1750 2335 1906 2364 mutem.
1930 2327 2016 2364 Stat.
2041 2340 2070 2364 1.
2095 2328 2167 2377 Syl.
2189 2330 2310 2377 Epith.
2331 2329 2418 2366 Stel.

1371 2389 1407 2414 v.
1440 2389 1522 2425 245.
1550 2377 1732 2414 fluminea
1759 2379 1843 2427 ripa.
1876 2379 2019 2415 Hiems.
2050 2379 2184 2428 Neque
2208 2392 2305 2428 ego,
2331 2381 2419 2429 quia

1374 2435 1516 2466 certum
1555 2429 1604 2466 est
1633 2429 1677 2468 ad
1712 2430 1804 2478 ripas
1838 2429 1995 2479 populos
2025 2430 2100 2468 fere
2141 2431 2294 2468 conseri.
2333 2431 2419 2469 Val.

1373 2478 1471 2517 Flac.
1495 2492 1529 2516 v.
1552 2479 1632 2517 186.

1425 2530 1584 2578 Populeos
1594 2530 1730 2580 flexus'‚
1757 2530 2007 2581 tumulumque
2028 2531 2183 2569 virentia
2199 2532 2309 2582 supra

1428 2580 1594 2618 Flumina
1616 2583 1748 2631 cognati
1768 2583 1878 2619 medio
1897 2582 1996 2618 videt
2013 2596 2128 2633 aggere
2148 2582 2286 2621 Phrixi.

1375 2632 1538 2681 Populos
1567 2645 1657 2670 vero
1688 2634 1725 2671 in
1755 2633 1907 2671 Troade
1936 2631 2040 2670 fuiffe
2061 2634 2270 2682 frequentes
2292 2633 2421 2671 docuit

1379 2683 1476 2720 Sam.
1496 2683 1633 2721 Petitus
1654 2684 1714 2722 lib.
1735 2696 1797 2722 VI.
1827 2684 1969 2721 Miscel.
1989 2696 2020 2721 c.
2044 2696 2100 2722 10.
2121 2686 2159 2720 Sc
2180 2695 2264 2720 cum
2285 2684 2345 2721 ista
2364 2697 2421 2721 :ir-

1359 2733 1445 2771 1101
1467 2736 1629 2773 maxime
1648 2735 1753 2773 undis
1771 2736 1809 2773 ὃς
1829 2734 1989 2773 humidis
2012 2735 2103 2772 locis
2128 2733 2305 2782 gaudeat,
2333 2735 2425 2772 teste

1379 2784 1538 2834 Virgilio
1568 2786 1695 2835 Eclog.
1721 2799 1793 2824 νη.
1815 2797 1850 2823 v.
1872 2785 1930 2821 66.
1959 2786 1998 2821 &
2019 2786 2112 2822 circa
2134 2784 2236 2821 Idam
2260 2786 2298 2822 111
2316 2785 2424 2823 valli-

1379 2835 1444 2872 bus
1463 2833 1576 2874 effent
1593 2837 1738 2885 plurimi
1760 2838 1879 2874 fontes
1904 2864 1914 2880 ‚
1949 2835 2048 2872 unde
2072 2834 2285 2872 celeberrima
2307 2836 2424 2884 sonti-

1381 2885 1443 2922 bus
1461 2886 1539 2931 Ide,
1560 2888 1695 2925 Nostro
1725 2887 1856 2925 dicitur
1881 2899 1934 2924 11.
1954 2886 2111 2923 Metam.
2134 2887 2216 2923 218.
2241 2888 2278 2924 &
2297 2887 2424 2937 aquosa

1383 2949 1443 2974 vx.
1463 2937 1552 2974 Fast.
1575 2950 1628 2987 15.
1647 2940 1686 2975 &
1705 2939 1786 2975 alibi
1807 2966 1817 2981 ,
1854 2938 1998 2985 optime
2027 2937 2114 2974 111116
2142 2937 2260 2975 arbori
2279 2949 2424 2975 amores

1381 2987 1461 3025 suos
1488 2987 1692 3036 inscripsisse
1722 2988 1906 3025 inducitur
1934 2988 2108 3024 Oenone.
2136 2988 2301 3036 sequenti
2333 3000 2423 3025 vero

1382 3038 1535 3075 disticho
1558 3039 1704 3076 mallem
1717 3067 1727 3083 ‚
1749 3051 1835 3088 quae
1853 3038 2008 3085 margine
2025 3035 2149 3087 consita
2167 3038 2250 3075 rivi.
2271 3040 2309 3076 &
2329 3038 2426 3076 mul-

1382 3089 1410 3124 ti
1442 3088 1586 3125 codices
1610 3117 1621 3132 ,
1666 3089 1816 3137 sequens
1848 3088 2026 3126 distichon
2060 3098 2291 3138 praeponunt
2327 3089 2427 3126 huic.

1383 3137 1643 3176 BuRMAnnus

1435 3189 1495 3225 28.
1523 3189 1684 3239 Rugoso]
1721 3190 1839 3239 Quod
1865 3190 2002 3229 indicat
2027 3190 2243 3235 vetustatem
2271 3190 2432 3237 arboris,

1386 3239 1544 3276 Metam.
1566 3252 1636 3277 vix.
1659 3242 1744 3287 627.

1435 3290 1626 3342 Rugosoque
1636 3294 1742 3341 suum
1757 3292 1941 3342 servantes
1961 3292 2082 3332 cortice
2097 3290 2230 3332 callem.
2321 3342 2403 3382 MUJ
2423 3342 2432 3351 .

2405 3350 2434 3382 t}
