2553 3676
328 211 426 264 542
815 185 876 242 Ρ..
951 182 1364 242 ovinti

1436 181 1970 241 NASONIS

618 274 735 332 Nos
756 272 1035 331 Venerem
1059 287 1257 338 tutam,
1295 272 1646 348 concess‘aque
1674 274 1841 339 furta,
1879 289 2159 333 canemust

693 349 860 423 Inque
887 365 1012 402 meo
1036 348 1241 402 nullum
1264 348 1498 403 carmine
1524 348 1730 403 crimen
1758 350 1875 404 erit,

516 438 579 489 35
617 422 921 494 Principi0‚
958 420 1107 496 quod
1131 439 1306 476 amare
1333 421 1490 483 veliS‚
1528 422 1764 492 reperire
1791 423 1995 488 labora,

697 496 809 568 Qui
833 513 972 550 nova
998 512 1139 549 nunc
1165 496 1400 566 primum
1425 493 1575 546 miles
1602 494 1658 546 in
1682 513 1824 550 arma
1849 499 2013 552 venis,

621 568 908 624 Proximus
933 568 1058 623 huic
1083 568 1229 622 labor
1254 566 1357 628 est,
1394 564 1644 636 placitam
1668 584 1891 625 exorare
1915 569 2161 644 puellam.

697 642 948 706 TertiUS,
986 656 1045 695 ut
1069 642 1233 709 longo
1261 651 1510 710 tempore
1535 637 1696 691 duret
1715 657 1885 696 amor.

622 714 738 771 Hic
764 716 987 774 modus3
1030 712 1161 765 haec
1189 709 1370 765 nostro
1397 710 1686 783 fignabitur
1711 729 1832 768 area
1856 732 2044 770 curru:

513 806 584 857 40

698 786 856 842 Haec
884 786 984 840 erit
1008 783 1231 838 admissa
1256 799 1401 838 meta
1425 783 1651 839 terenda
1675 786 1811 840 rota.

621 861 772 916 Dum
796 861 921 913 licet
938 898 953 922 ‚
990 861 1045 911 δε
1070 858 1195 912 loris
1218 856 1404 929 paffim
1430 871 1585 929 potes
1608 858 1687 912 ire
1711 858 1923 922 soluti53

695 932 881 1004 Elige,
919 932 1006 987 cui
1035 931 1208 994 dicas,
1243 931 1340 985 Tu
1363 931 1495 986 mihi
1521 931 1629 985 sola
1651 932 1841 1004 places,

623 1004 781 1061 Haec
810 1005 907 1061 tibi
931 1024 1043 1060 non
1069 1019 1256 1060 tenues
1283 1004 1464 1059 veniet
1490 1005 1697 1076 delapsa
1723 1023 1822 1078 per
1844 1022 2007 1062 auras,

700 1079 1027 1151 Quaerenda
1053 1079 1128 1133 est
1152 1078 1321 1132 oculis
1345 1090 1465 1150 apta
1489 1079 1664 1152 puella
1688 1079 1807 1134 tuiS.

516 1171 581 1222 45
621 1151 732 1206 Scit
758 1152 895 1206 bene
920 1165 1171 1215 venator,
1210 1151 1381 1205 cervis
1411 1150 1502 1206 ubi
1531 1152 1664 1207 retia
1689 1152 1905 1207 tendat:

695 1224 809 1279 Scit
834 1225 973 1281 bene
989 1265 1005 1290 ,
1042 1227 1149 1299 qua
1174 1224 1429 1280 frendens
1454 1226 1587 1281 valle
1610 1239 1854 1282 moretur
1879 1244 2022 1299 aper.

329 1413 429 1451 Vitta
459 1421 607 1464 tegmen
627 1414 755 1463 capitis
775 1423 851 1453 erat
868 1415 1045 1454 muliebre
1058 1445 1069 1461 ‚
1096 1427 1172 1466 quo
1193 1414 1357 1453 Vestales
1370 1443 1380 1459 ,

329 1467 368 1503 ὃ(
388 1467 476 1503 item
500 1476 691 1504 matronae
715 1467 923 1505 utebantur.
952 1470 1009 1505 Ac
1028 1467 1073 1506 de
1093 1467 1295 1505 Vestalibus
1315 1467 1383 1504 du-

328 1516 431 1554 bium
457 1530 533 1555 non
558 1518 617 1556 est.
648 1518 708 1555 De
728 1520 905 1556 matronis
926 1527 1051 1557 autem
1070 1519 1150 1557 sunt
1170 1519 1233 1567 qui
1258 1518 1380 1555 diver-

325 1567 403 1605 sum
428 1568 631 1616 disputant:
661 1581 823 1619 quorum
853 1578 980 1607 tamen
1003 1573 1134 1619 opinio
1161 1570 1268 1607 facile
1291 1581 1383 1606 con-

327 1619 490 1657 vincitur
511 1621 657 1670 Virgilii
677 1623 884 1659 autoritate.
912 1633 999 1659 nani
1022 1623 1080 1660 ille
1102 1635 1172 1659 vn.
1194 1620 1383 1658 Aeneidos

328 1680 412 1719 351.
432 1671 591 1709 Amatae
611 1674 781 1721 reginae,
795 1673 919 1710 Latini
941 1674 1048 1711 uxori
1063 1673 1219 1719 ,vittam
1238 1672 1382 1709 tribuit:

331 1733 380 1758 eo
407 1722 495 1760 loco
516 1723 651 1761 scilicet
671 1752 681 1768 ‚
709 1724 771 1761 ubi
799 1723 903 1773 fingit
927 1725 1058 1762 furiam
1083 1724 1219 1762 Alesto
1242 1723 1386 1772 serpen-

326 1779 405 1809 tem
435 1775 473 1810 in
501 1774 600 1812 illam
637 1776 823 1824 conjicere
845 1803 854 1819 ‚
894 1777 957 1825 qui
989 1788 1120 1813 omnes
1148 1776 1242 1813 illius
1266 1774 1386 1819 finus,

326 1833 565 1875 >omnemque
586 1826 756 1864 vestitum
776 1835 987 1875 pererraret.
1018 1827 1141 1876 lnquit
1161 1826 1261 1863 enim
1278 1839 1287 1863 z

906 1878 962 1914 Fit
982 1879 1097 1915 tortile
1115 1877 1195 1914 collo

380 1929 553 1971 Aurum,
574 1926 691 1975 ingens
713 1928 867 1972 colaber,
882 1928 929 1975 fit
949 1929 1065 1978 longae
1085 1930 1202 1966 taenia
1218 1927 1360 1965 vittae:

382 1978 598 2027 Inneci‘itque
617 1992 728 2015 comas
741 2007 751 2023 ‚
779 1991 823 2018 (Τ
844 1979 1007 2016 membris
1026 1980 1176 2017 lubricus
1192 1990 1300 2017 errat.

328 2026 632 2078 Haudquaquam
654 2031 761 2078 igitur
779 2031 968 2079 rejiciendi
988 2032 1039 2069 illi
1067 2032 1146 2070 sunt
1160 2060 1170 2076 ‚
1200 2032 1265 2081 qui
1285 2031 1384 2069 hunc

329 2078 458 2134 locum
487 2080 532 2117 de
562 2082 738 2119 matronis
768 2091 971 2129 exponunt.
999 2095 1084 2120 nam
1107 2083 1170 2120 etsi
1189 2082 1235 2120 de
1255 2082 1385 2119 Vesta-

326 2127 420 2184 libus
442 2133 580 2179 exponi
604 2133 719 2180 potest
736 2162 746 2177 ,
775 2134 873 2170 idem
897 2142 1022 2170 tamen
1043 2136 1155 2172 etiarn
1175 2134 1221 2171 de
1245 2142 1385 2170 matro-

328 2191 384 2236 nis
406 2180 510 2235 'reete
538 2184 740 2231 accipitur:
779 2185 985 2232 praesertim
1016 2185 1166 2233 quando
1192 2185 1310 2222 statim
1339 2183 1385 2220 de

328 2243 369 2266 m
385 2241 452 2267 ma
488 2235 631 2271 mentio
667 2234 706 2272 fit
731 2263 740 2279 ,
781 2247 875 2284 quae
912 2236 1025 2273 veluti
1058 2236 1190 2273 limbus
1223 2235 1383 2272 ambibat

329 2281 460 2319 stolam
486 2311 495 2326 ‚
529 2285 634 2333 quod
662 2286 923 2323 vestimentum
955 2286 1101 2335 proprie
1133 2295 1384 2324 matronarum

330 2342 420 2370 erat.
448 2333 495 2371 Et
524 2335 622 2374 idem
650 2337 767 2374 Po'e‘ta
791 2350 832 2374 11.
856 2338 965 2374 Trist.
989 2351 1069 2383 241.
1093 2339 1224 2375 vittam
1250 2349 1291 2374 ac
1315 2338 1387 2373 sto-

328 2383 406 2421 lam
437 2384 574 2423 eodem
606 2388 708 2424 versu
737 2389 963 2437 conjunxit,
1000 2398 1086 2437 puta
1115 2388 1219 2439 quoii
1253 2387 1384 2426 iisdem

331 2442 529 2484 utramque
552 2439 774 2476 attribueret.
802 2449 840 2477 ut
864 2451 947 2476 cuin
971 2441 1041 2477 ait:

384 2487 520 2537 Ecquid
542 2487 586 2524 ab
607 2488 672 2525 hac
695 2503 808 2526 omnes
826 2491 939 2538 rigida
953 2490 1214 2537 summovimus
1234 2500 1309 2526 arte
1323 2518 1334 2534 ,

440 2541 541 2585 {Quas
555 2539 643 2588 stola
664 2541 814 2589 contingi
833 2569 841 2584 ‚
861 2540 1072 2590 sumptaque
1093 2542 1190 2577 vitta
1209 2551 1337 2579 vetat?

333 2589 563 2627 chrttus.
585 2592 672 2628 Hoc
689 2592 779 2641 quid
801 2591 956 2636 fit‚dicit
977 2593 1048 2641 ipse
1067 2593 1129 2630 sub
1146 2592 1260 2630 finem
1280 2592 1339 2630 lib.
1357 2605 1386 2630 x.

335 2638 400 2676 De
422 2642 591 2679 remedio
612 2643 666 2680 his
687 2644 825 2680 verbis:

390 2690 496 2727 Thais
513 2693 551 2728 in
573 2704 649 2729 arte
664 2708 740 2730 mea
759 2694 822 2739 est,
851 2693 997 2744 lascivia
1015 2694 1121 2731 libera
1141 2695 1253 2743 nostra
1273 2694 1338 2741 est:

413 2791 419 2796 ἡ
442 2742 506 2777 Nil
530 2744 618 2780 mihi
637 2759 715 2781 cam
733 2747 852 2782 vitta:
887 2745 991 2782 Thais
1007 2746 1045 2782 in
1065 2759 1140 2782 arte
1161 2760 1236 2783 mea
1259 2746 1312 2792 est.

337 2789 458 2838 Artigi
491 2794 527 2829 ἃ
558 2795 656 2832 hunc
681 2797 808 2834 locum
830 2799 868 2835 in
889 2797 1042 2835 Scholiis
1065 2798 1101 2834 in
1119 2798 1181 2834 lib.
1202 2798 1389 2834 Fauorum

337 2842 600 2930 &Aci'friiliunn
628 2847 844 2885 Cmrmvus.
881 2848 969 2886 Vid.
1000 2849 1167 2887 Tur-neb.
1201 2848 1260 2886 lib.
1288 2861 1390 2887 xxix.

383 2904 444 2929 tv.
476 2904 533 2940 31.

394 2953 454 2991 33.
484 2950 555 2979 Nos
583 2950 742 2982 Venerem
777 2949 941 2998 tutam.]
986 2951 1102 2989 Libro
1133 2950 1310 2989 Tristium
1340 2951 1393 2988 se-

338 2994 572 3083 cundostz49.
599 2997 659 3033 ubi
685 3007 844 3047 quatuor
867 3001 905 3036 hi
928 3002 1048 3038 versus
1069 3011 1312 3049 repetuntur,
1341 3003 1392 3039 le-

339 3056 428 3093 gere
451 3057 470 3082 e
514 3059 522 3082 τ

341 3145 381 3183 H
395 3095 462 3131 Nil
481 3095 545 3145 nist
560 3096 754 3146 legitimam
775 3100 981 3151 conceffaque
990 3101 1097 3148 ficrta
1116 3113 1289 3139 canemus.

387 3159 557 3185 Einsms.

392 3200 450 3246 36.
481 3200 682 3250 Primam]
708 3201 848 3238 Primas
866 3201 1067 3240 Bartholini
1093 3202 1224 3240 codex.
1253 3203 1325 3241 vid.
1346 3203 1390 3241 ad

338 3248 450 3296 Epist.
486 3264 557 3287 vri.
592 3252 670 3300 189.
707 3253 755 3288 ad
791 3267 894 3291 arma
926 3255 1036 3293 etiarn
1068 3254 1256 3294 Ber-neniis
1287 3268 1391 3295 unus.

339 3301 413 3340 vid,
436 3302 482 3341 ati
502 3316 567 3341 111.
588 3303 697 3353 Epist.
727 3307 807 3354 136.

2304 1299 2488 1354 Aucu-

1489 1425 1548 1463 37.
1576 1414 1764 1452 Proximus
1796 1414 1878 1452 huic
1905 1415 2004 1453 labor
2033 1415 2076 1463 est
2095 1442 2105 1460 ,
2140 1412 2362 1465 placidam.]
2391 1413 2490 1462 Jose-
2534 1403 2536 1475 Ξ

1435 1466 1528 1514 phus
1556 1467 1713 1516 Scaliger
1741 1479 1785 1504 ex
1815 1469 1932 1505 veteri
1964 1466 2116 1512 codice,
2142 1466 2333 1516 placitam,
2363 1465 2491 1503 scribe·
2534 1476 2536 1511 ῑ

1436 1518 1507 1555 bat.
1535 1518 1583 1555 Et
1614 1518 1766 1568 quidem
1794 1518 1904 1556 recte.
1930 1519 2033 1556 DAN.
2061 1519 2274 1556 HEINSIUS.
2312 1515 2492 1554 placitam
2534 1512 2537 1556 l

1439 1581 1485 1606 ex
1515 1569 1727 1607 melioribus
1760 1569 1856 1607 libris
1887 1571 2047 1608 omnino
2077 1570 2125 1607 est
2157 1567 2419 1618 castigandum.
2453 1568 2493 1606 &
2514 1562 2536 1622 ξ

1441 1632 1534 1658 mox
1560 1633 1619 1670 ςς.
2534 1628 2536 1661 k

1494 1677 1556 1708 Tot
1577 1670 1641 1708 tibi
1657 1680 1800 1721 tamque
1818 1671 1918 1708 dabit
1926 1669 2099 1720 formosas
2118 1676 2226 1708 Roma
2244 1668 2392 1721 puellas.

1442 1724 1533 1761 Non
1547 1751 1556 1767 ‚
1581 1736 1733 1772 namque
1752 1722 1864 1760 dabit.
1885 1722 2046 1770 Epistola
2069 1734 2131 1759 xx.
2154 1734 2214 1769 37.

1495 1781 1561 1811 Per
1578 1774 1711 1823 gladios
1733 1773 1798 1810 alii
1810 1774 1961 1825 placitas
1978 1774 2119 1824 rapuc're
2130 1772 2281 1824 puellas.

1443 1825 1580 1864 Amor.
1603 1839 1632 1863 1.
1656 1827 1757 1875 Eleg.
1777 1838 1812 1863 x.
2087 1825 2092 1831 '

1498 1884 1578 1914 Non
1596 1877 1686 1914 aries
1700 1877 1868 1927 placitam
1889 1889 2030 1914 munere
2052 1884 2169 1927 captat
2188 1888 2303 1914 ovem.

1443 1928 1531 1967 Lib.
1552 1942 1596 1966 11.
1619 1929 1721 1977 Eleg‚
1742 1940 1796 1965 1v.

1492 1981 1573 2017 Sive
1590 1980 1710 2024 rudis,
1731 1978 1866 2029 placita
1883 1993 1915 2017 es
1925 1977 2150 2029 simplicitate
2170 1988 2246 2016 tua.

1442 2031 1524 2070 Art.
1550 2043 1612 2068 111.
1636 2031 1719 2080 386.

1493 2089 1566 2119 Nec
1587 2082 1734 2131 Thascas
1749 2079 1888 2131 placitis
1905 2080 2046 2118 devehit
2068 2080 2185 2117 amnis
2206 2078 2323 2130 aquis.

1441 2134 1490 2172 Et
1510 2146 1600 2171 mox
1624 2145 1705 2182 535.

1495 2191 1566 2220 Nos
1575 2185 1734 2231 facimus
1748 2183 1897 2233 placitae
1919 2182 1990 2219 late
2003 2181 2186 2232 praeconia
2197 2183 2347 2229 fhrmae.

1441 2236 1496 2274 Ut
1518 2235 1584 2272 illis
1605 2236 1695 2272 locis
1716 2235 1992 2272 restituendum.
2019 2235 2068 2272 ita
2088 2234 2219 2283 Virgil.
2238 2233 2299 2271 lib.
2320 2245 2374 2273 1v.
2399 2233 2460 2284 38.'
2530 2239 2533 2262 ³

1495 2286 1670 2322 placitone
1690 2287 1798 2322 etiam
1816 2284 1987 2334 pugnabis
2006 2284 2132 2321 amori.
2531 2324 2533 2334 A

1443 2338 1496 2375 Ita
1519 2339 1616 2374 enim
1641 2337 1748 2374 MSS.
1770 2338 1984 2373 vetustiores
2001 2336 2133 2378 Pierii,
2161 2347 2231 2372 nec
2249 2335 2352 2373 aliter
2370 2336 2405 2373 in
2426 2339 2489 2373 ani

1441 2389 1643 2437 tiquiffnno
1665 2387 1864 2436 exemplari
1889 2385 2085 2428 Leidenfi;
2106 2386 2165 2423 ubi
2190 2386 2332 2424 Servius
2354 2387 2492 2436 integer
2530 2403 2531 2406 ¹
2551 2402 2553 2409 ¹

1442 2452 1597 2490 quoque
1615 2439 1779 2476 habetur.
1798 2438 1885 2475 Stat.
1903 2438 1963 2475 lib.
1985 2449 2057 2474 vn.
2077 2437 2201 2473 Theb.
2230 2449 2313 2485 190.

1495 2491 1718 2540 Placitusque
1737 2502 1846 2537 vagae
1867 2487 2050 2537 Nyc'ieidos
2067 2487 2182 2525 ardor.

1443 2542 1497 2580 ita
1527 2543 1607 2591 lege
1634 2553 1681 2578 ex
1705 2541 1810 2578 MSS.
1834 2540 1946 2589 vulgo
1965 2567 1974 2582 ‚
1998 2537 2168 2586 placidas.
2197 2539 2246 2576 ita
2264 2537 2396 2587 placita
2415 2545 2493 2575 Pax
2528 2543 2530 2559 ³

1445 2594 1536 2630 Silio
1567 2593 1628 2630 lib.
1662 2606 1692 2629 1.
1715 2592 1768 2634 ybs.
1802 2603 1853 2628 11.
1882 2603 1926 2628 ex
1952 2589 2059 2626 MSS.
2082 2590 2141 2627 ubi
2161 2588 2258 2625 vide.
2285 2589 2388 2627 Plura
2406 2590 2492 2626 vide

1448 2645 1558 2682 Notis
1576 2644 1621 2682 ad
1644 2643 1843 2691 Epistolam
1864 2655 1940 2679 xxx.
1959 2641 2011 2683 fis.
2036 2640 2119 2678 208.
2141 2641 2353 2678 Hnmsrus.
2380 2639 2494 2677 Placi-

1446 2706 1524 2732 tam
1547 2696 1659 2733 etiam
1681 2695 1817 2731 Douza
1837 2693 1989 2741 legebat.
2357 2711 2363 2716 -

1502 2758 1561 2795 30.
1591 2754 1680 2783 Haec
1698 2743 1842 2794 nostro.]
1873 2743 1938 2780 Hic
1962 2740 2056 2779 nobis
2077 2740 2278 2780 Bernenfis.
2305 2741 2371 2780 Hic
2391 2739 2491 2789 nostro

1447 2798 1505 2835 alii
1531 2797 1696 2847 quidam.

1499 2861 1558 2895 40.
1589 2856 1688 2885 Meta
1717 2846 1859 2884 terenda
1890 2844 2007 2895 rota]
2036 2844 2201 2882 Memini
2231 2844 2381 2883 illorum
2407 2842 2492 2887 Pro-3

1449 2901 1557 2949 pertii
1575 2900 1634 2937 lib.
1658 2912 1703 2936 11.
1727 2898 1827 2947 Eleg.
1847 2910 1923 2935 xxx.
1944 2898 2004 2933 66.
2072 2945 2079 2951 ⁶

1501 2951 1650 3000 Septima
1671 2963 1779 3000 qaam
1802 2960 1932 2985 metam
1953 2947 2096 2983 trivertt
2120 2954 2202 2981 ante
2228 2955 2315 2983 rota.

1450 3003 1612 3040 Memini
1632 3003 1669 3038 δὲ
1691 3000 1711 3036 a
1733 3001 1867 3036 Nostro
1888 2999 1946 3034 lib.
1971 3009 2016 3033 11.
2036 2997 2118 3043 426.
2141 3008 2234 3034 mox
2253 2996 2348 3034 dici:

1503 3053 1647 3087 Infert-07¹
1667 3063 1771 3086 curru
1793 3060 1885 3084 Ῡῖἰθῖίῖ
1908 3048 2050 3084 ΐίὟέιᾮᾸλ
2069 3061 2140 3085 meo
2162 3047 2215 3095 (st.

1450 3102 1552 3139 Libri
1576 3111 1700 3138 tamen
1726 3101 1896 3137 meliores
1923 3101 1997 3137 hoc
2025 3101 2112 3137 loco
2135 3128 2145 3143 ‚
2184 3108 2276 3135 meta
2299 3095 2491 3147 premenda.

1448 3164 1518 3189 nec
1546 3153 1652 3189 male.
1681 3164 1772 3189 unus
1802 3153 2003 3189 Vaticanus
2033 3162 2118 3188 cum
2151 3149 2414 3192 Ambrofiano‚
2442 3157 2490 3183 te-

1450 3204 1575 3240 nenda.
1599 3203 1797 3252 quomodo
1817 3202 1927 3240 Trist.
1944 3203 2004 3240 libi
2027 3214 2081 3239 1v.
2099 3201 2200 3249 Eleg.
2218 3213 2306 3237 viix.
2331 3211 2390 3247 35.

1504 3261 1572 3290 Nec
1586 3254 1703 3303 procul
1724 3254 1747 3290 ιὶ
1768 3255 1868 3290 metis
1880 3282 1891 3299 ‚
1920 3267 2005 3304 quas
2016 3263 2100 3304 pene
2117 3263 2228 3290 tenere
2246 3249 2401 3288 videbar.

1449 3306 1623 3356 Virgilius
1645 3306 1706 3346 lib.
1732 3319 1766 3344 V.
1792 3317 1876 3355 159.

2333 3347 2490 3396 Jamque
