2553 3676
650 201 1288 264 HEROIDES
1362 225 1475 261 ΕΡ.

1548 224 1710 266 xvn.
2103 227 2200 279 251

360 300 466 360 Sed
488 298 617 353 nihil
643 296 882 349 infirmo:
918 293 1075 350 faveo
1099 312 1320 368 quoque
1343 295 1585 351 laudibus
1607 296 1736 351 istis:

430 372 566 426 Nam
591 384 708 421 mea
733 385 844 422 vox
869 384 1060 440 quare,
1097 368 1249 441 quod
1276 370 1453 441 cupit,
1491 368 1595 424 effe
1620 370 1816 441 neget?

359 445 474 500 Nec
499 454 558 494 tu
580 440 855 504 succense,
890 441 1118 505 nimium
1143 441 1275 496 mihi
1299 442 1535 495 creditus
1560 460 1734 514 aegre.

222 536 319 583 130

426 512 608 568 Tarda
629 512 760 566 solet
786 513 987 594 magnis
1013 513 1170 569 rebus
1196 512 1358 569 ineffe
1384 513 1532 569 fides.

357 586 533 641 Prima
558 602 673 639 mea
696 585 772 640 est
794 586 957 657 igitur
982 586 1188 643 Veneri
1211 585 1458 660 placuisse
1480 585 1749 658 voluptas:

431 657 709 721 Proxima,
748 677 834 714 me
859 659 1019 714 visam
1043 660 1275 732 praemia
1297 660 1497 714 summa
1519 658 1643 713 tibi:

356 730 474 786 Nec
500 743 554 785 te
579 731 866 795 Palladios,
902 749 1003 786 nec
1027 744 1081 786 te
1101 733 1324 803 Junonis
1348 732 1582 788 honores

428 804 645 858 Auditis
670 804 915 859 Helenae
938 805 1288 876 praeposuisse
1313 805 1480 860 bonis.

217 893 312 943 135
351 874 500 948 Ergo
527 894 630 948 ego
654 877 767 931 sum
789 878 986 932 virtus?
1021 895 1131 948 ego
1155 878 1269 933 sum
1292 878 1390 933 tibi
1411 877 1591 933 nobile
1615 876 1872 949 regnum?

433 949 627 1004 Ferrea
654 949 774 1013 fini,
812 950 848 1005 s1
870 968 983 1005 non
1006 949 1110 1005 1106
1137 969 1240 1023 ego
1261 949 1443 1024 pedtus
1468 968 1658 1004 amem.

357 1020 579 1087 Ferrea,
616 1023 779 1077 crede
804 1023 962 1087 mihi,
995 1040 1108 1078 non
1129 1024 1269 1078 sum:
1307 1023 1399 1079 sed
1424 1041 1598 1078 amare
1623 1038 1868 1095 repugno

432 1095 612 1159 Illum,
648 1113 813 1169 quem
836 1096 954 1151 fieri
977 1095 1070 1151 vix
1091 1110 1225 1169 puto
1248 1096 1393 1169 posse
1418 1113 1616 1151 meum.
1692 1158 1695 1160 ,

363 1167 514 1240 Quid
537 1168 777 1224 bibulum
802 1187 969 1224 curvo
990 1169 1334 1241 proscindere
1359 1170 1480 1225 litus
1503 1180 1707 1231 aratr0‚

216 1259 315 1311 140
425 1240 693 1315 Spemque
717 1243 864 1316 sequi
887 1259 1083 1307 coner,
1117 1262 1278 1317 quam
1300 1244 1448 1298 locus
1471 1242 1579 1314 ipse
1602 1240 1797 1312 neget?

364 1312 493 1368 Sum
517 1316 662 1370 rudis
685 1315 753 1369 ad
777 1315 1008 1371 Veneris
1035 1315 1265 1370 furtum:
1306 1316 1556 1388 nullaque
1579 1314 1799 1375 fidelem

437 1386 544 1458 (Di
568 1388 698 1445 mihi
722 1387 820 1444 sint
843 1387 1033 1457 testes)
1060 1389 1271 1445 lusimus
1295 1403 1406 1445 arte
1430 1390 1620 1443 virum.

122 1585 223 1597 ···““·
236 1580 305 1613 Nec
319 1583 436 1624 parva
458 1574 547 1612 mihi
558 1575 691 1624 fiducia
706 1576 828 1626 gentis.

72 1625 283 1664 HnrNs1u8.
308 1627 479 1664 Francius
499 1628 655 1666 malebat
669 1656 680 1673 ‚
711 1634 791 1664 Non
812 1625 902 1664 mihi
920 1636 1026 1664 tanta
1043 1627 1112 1664 mei

69 1675 204 1724 fiducia
222 1677 370 1726 corporis.

129 1727 209 1765 126.
239 1727 450 1778 Invidiosa]
481 1726 641 1777 Insidiofit
667 1729 705 1766 in
733 1740 811 1766 uno
839 1728 1045 1771 Vaticano,
1074 1729 1113 1765 &

73 1775 112 1813 in
135 1788 198 1814 ora
226 1778 378 1815 alterius.
401 1779 529 1826 placet.
558 1779 779 1816 CIOFANUS.
814 1779 928 1817 Multi
952 1778 1112 1823 codices,

74 1823 244 1874 infidiosa.
271 1828 308 1863 &
325 1829 373 1864 ita
395 1830 480 1866 citat
495 1828 704 1867 Passeratius
724 1830 768 1867 ad
784 1830 966 1878 Propertii
986 1830 1046 1866 lib.
1068 1842 1114 1867 11.

72 1886 153 1926 pag.
174 1877 254 1926 362.
285 1875 450 1926 Infidiata
473 1879 639 1915 Bernens.
659 1891 764 1916 unus.
791 1880 1051 1917 BuRMANNus.

129 1939 209 1972 127.
236 1927 298 1964 Sed
323 1927 414 1965 nihil
437 1927 612 1978 infirma]
642 1929 685 1966 111
714 1930 827 1967 altero
846 1929 1051 1967 eorundem
1069 1929 1114 1968 li-

73 1975 223 2016 brorum
240 2006 250 2023 ‚
268 1977 446 2023 infirmem
476 1981 514 2017 in
537 1980 700 2029 margine
720 1992 832 2023 vero,
860 1981 899 2017 &
929 1981 966 2017 in
999 1980 1112 2018 altero

75 2029 124 2066 est
138 2056 149 2073 ‚
168 2029 308 2076 inficior.
329 2030 521 2078 perplacet.
550 2031 648 2068 C101=
657 2043 767 2069 Anus.
795 2029 918 2068 Gloffa
938 2031 1116 2068 Puteanei

74 2078 176 2122 libri,
194 2079 231 2116 id
246 2079 288 2127 est
302 2108 310 2123 ‚
329 2081 494 2129 vitupero.
519 2081 599 2118 libri
617 2082 724 2119 multi
737 2081 924 2128 ‚infirmem
951 2093 1116 2130 quomo-

75 2129 126 2167 do
149 2131 186 2167 &
207 2130 322 2176 Jureti
348 2131 538 2180 Excerpta.
569 2130 702 2180 Infinuo
729 2133 921 2172 Palatinus.
948 2144 1019 2177 an,
1035 2130 1117 2182 infi-

16 2195 17 2198 ’
77 2179 171 2218 mulo
190 2180 414 2219 scribendum
431 2181 445 2219 ?
473 2191 513 2220 ut
533 2183 641 2231 Epist,
661 2195 713 2220 vr.

129 2231 344 2281 Criminibus
352 2231 453 2282 falsis
472 2232 671 2283 infimulare
687 2232 821 2272 virum.

16 2324 17 2327 ,
77 2281 126 2321 Et
147 2283 279 2320 Amor.
299 2282 359 2320 lib.
381 2297 424 2321 11.
443 2284 498 2322 El.
518 2297 590 2321 vri.

132 2338 235 2370 Nunc
253 2343 376 2370 temere
395 2333 587 2383 infimulas.

18 2391 19 2434 ᾗ
79 2382 169 2421 Duo
199 2384 280 2429 alii,
298 2384 436 2433 offendo.
464 2387 558 2424 forte
583 2398 649 2435 pro
672 2386 829 2436 offendor.
853 2387 961 2425 Unus
990 2387 1118 2426 Lova-

18 2439 19 2443 ’
78 2433 209 2472 nienfis
229 2436 267 2473 &
290 2436 489 2474 Vaticanus
513 2450 597 2475 cum
615 2437 987 2485 Hafnienfi‚inflcior.
1005 2440 1116 2476 etiam

82 2486 276 2523 concinne.
304 2487 446 2524 Heme.
475 2488 538 2524 Sed
566 2502 633 2525 non
658 2488 783 2537 irascor
806 2490 965 2526 Douzae
987 2490 1118 2526 codex.

82 2535 154 2574 Sed
170 2537 260 2574 nihil
276 2538 463 2576 immutari
475 2539 695 2585 praestiterit.
708 2540 825 2577 Cicer.
836 2540 965 2577 Divin.
978 2552 1054 2588 cap.
1066 2552 1119 2577 rx.

85 2590 156 2622 Nec
167 2600 204 2623 ea
216 2587 302 2632 dico,
315 2587 439 2639 quaest
454 2589 713 2634 dicam‚tamen
733 2588 911 2636 infirmare
930 2603 997 2626 non
1010 2588 1117 2640 poffi's.

82 2635 178 2675 Vell.
198 2639 336 2676 Patere.
353 2640 413 2677 lib.
439 2653 481 2676 11.
505 2653 581 2689 cap.
605 2654 649 2676 11.
675 2639 827 2678 Tiberius
846 2641 1021 2677 Gracchus
1037 2654 1119 2689 gra-

84 2687 177 2724 viter
186 2690 301 2735 ferens
319 2689 456 2740 aliquid
477 2704 498 2726 a
518 2691 555 2740 se
573 2691 714 2737 fastum
741 2691 917 2740 infirmari
935 2706 947 2736 ς
974 2693 1049 2729 hoc
1071 2691 1120 2729 est

86 2740 267 2783 convelli,
295 2741 454 2790 infringi.
482 2743 744 2779 Rumpimus.

105 2837 110 2843 ·
141 2800 220 2836 134.
248 2791 602 2841 Helenes.]'Helenae
623 2821 633 2837 ‚
666 2792 784 2840 scripti
812 2794 850 2831 &
877 2802 1018 2832 veteres
1047 2793 1125 2831 edi-

86 2844 217 2876 tiones.
242 2841 454 2880 HEiNSXUS.

147 2889 224 2936 136.
252 2896 369 2928 Ferrea
386 2891 493 2943 fim]
524 2899 606 2931 Sum
629 2922 640 2939 ‚
676 2893 782 2931 multi
809 2894 928 2943 scripti
957 2897 995 2932 ὃς
1019 2894 1119 2932 editi.

86 2937 148 2977 sed
169 2940 274 2976 male.
301 2953 345 2976 ex
366 2943 547 2982 Cicerone
569 2943 770 2993 expressum
788 2945 955 2989 videtur,
981 2947 1045 2994 qui
1061 2946 1122 2982 lib.

82 3001 152 3027 xv.
185 2989 230 3025 ad
261 2989 385 3028 Famil.
418 2995 524 3041 Epist.
555 2996 620 3032 ult.
648 3002 786 3032 Ferreus
807 2995 972 3046 effem‚fi
998 3007 1030 3032 te
1056 3009 1124 3032 non

89 3052 258 3077 amarem.
289 3040 424 3078 Tibull.
446 3057 476 3079 1.
501 3057 529 3080 1.
551 3046 611 3090 6.7.

140 3097 281 3127 ,Ferreus
299 3090 357 3126 ille
365 3093 441 3136 fuit
455 3121 463 3131 ,
492 3094 552 3142 qui
569 3106 601 3130 te
624 3108 700 3133 cum
718 3096 811 3146 poffit
831 3096 974 3142 hahere,

195 3140 364 3177 Alaluerit
385 3143 529 3190 praedas
541 3143 666 3189 stultus
688 3160 730 3185 <5
747 3162 849 3184 arma
864 3148 976 3200 sequi.

86 3190 185 3231 [Amo
203 3192 311 3229 habet
332 3191 529 3229 Bernenfis.
556 3193 813 3236 ssuammnus.
1019 3227 1024 3231 -

147 3254 226 3290 137.
265 3242 325 3277 Sed
355 3255 473 3278 amare
505 3243 658 3296 recufh.]
695 3247 896 3286 Puteaneus
935 3250 973 3286 &
998 3249 1128 3298 reliqui

41 3301 46 3309 ·
94 3293 227 3342 majori
249 3304 294 3331 ex
319 3302 443 3343 parte,
464 3302 616 3343 repugno.
643 3295 846 3342 Spartianus
866 3299 906 3335 in
925 3299 1128 3337 Caracalla:
1148 3299 1150 3302 '

2045 1454 2207 1512 Nunc

1164 1582 1306 1614 Severus
1323 1574 1452 1613 dicitur
1471 1574 1588 1612 animo
1609 1570 1774 1622 volutaffie
1792 1578 1831 1608 ut
1855 1571 1899 1626 &j
1917 1567 2008 1626 (vanc
2027 1569 2212 1626 occiderem¹

1165 1626 1231 1676 nisi
1256 1627 1485 1676 repugnassent
1505 1625 1670 1676 praesceti
1696 1624 1766 1672 ejus
1791 1633 1835 1662 (φ
1852 1634 1925 1659 vm
1940 1633 2077 1670 graves.
2098 1619 2210 1669 prst..

1168 1691 1229 1715 xx.
1261 1690 1343 1715 121.

1220 1727 1374 1775 Hostibus
1393 1728 1410 1764 ἓ
1419 1726 1453 1777 fi
1469 1726 1544 1777 quis
1556 1754 1568 1771 ‚
1596 1739 1637 1763 ne
1648 1723 1717 1773 fias
1739 1722 1851 1771 nostra
1866 1750 1876 1767 ,
1905 1729 2083 1771 repugnat.

1170 1779 1302 1818 Similis
1320 1778 1503 1816 diversitas
1521 1776 1695 1815 codicum
1716 1774 1774 1811 est.
1793 1774 1889 1830 Met.
1910 1784 1973 1809 111.
1998 1771 2081 1822 376.

1220 1836 1363 1866 Natura
1382 1838 1545 1879 repugnat
1559 1855 1569 1872 ‚
1598 1833 1668 1863 Nec
1678 1823 1767 1874 finit
1787 1833 1942 1872 mctpzat.
2146 1870 2153 1877 ·
2205 1871 2214 1880 Ἴ

1170 1879 1229 1918 Sic
1264 1887 1389 1919 contra
1412 1908 1422 1924 ‚
1462 1879 1583 1916 Vivere
1606 1886 1747 1926 pugna,
1776 1874 1938 1923 Epistola
1969 1870 2214 1919 Laodamia.

1169 1931 1259 1970 Fast.
1280 1944 1323 1970 11.
1343 1931 1432 1978 648.

1220 1981 1391 2031 Etsblida
1411 1993 1525 2019 ramos
1536 1978 1639 2030 figere
1647 1986 1782 2029 pugnat
1799 1975 1917 2016 hume.

1171 2032 1215 2069 In
1236 2032 1339 2070 Ibide
1354 2061 1364 2078 ‚
1396 2033 1450 2070 18.

1224 2083 1411 2132 Naufragii
1428 2081 1567 2119 tabulas
1581 2089 1713 2131 pugnat
1734 2079 1855 2117 habere
1873 2075 1953 2116 mei.

1171 2134 1281 2171 Rem.
1303 2136 1390 2171 Am.
1414 2146 1494 2172 122.
1968 2179 1975 2184 „

1223 2191 1361 2233 Pugnat
1377 2186 1416 2222 in
1438 2182 1602 2232 adversas
1620 2182 1668 2220 ire
1689 2190 1831 2218 natator
1849 2190 1974 2230 aquas.

1172 2236 1266 2273 Met.
1292 2248 1325 2272 v.
1350 2248 1431 2284 349.
2143 2279 2148 2283 ἱ

1223 2286 1364 2324 Nititur
1384 2287 1442 2323 ille
1461 2284 1620 2336 quidem,
1643 2293 1841 2333 pugnatque
1861 2280 2025 2330 resurgere
2038 2277 2145 2336 saepe.

1173 2337 1366 2387 Quicquid
1384 2338 1528 2375 turbant
1547 2344 1688 2373 veteres
1707 2335 1788 2372 libri
1810 2335 1851 2372 iis
1868 2334 1970 2371 locis.
1999 2331 2072 2369 Adi
2096 2330 2214 2367 Notae

1172 2388 1261 2426 Fast.
1283 2401 1345 2426 111.
1362 2388 1417 2432 Μ.
1441 2399 1525 2438 307.
1552 2387 1765 2424 Haustus.

1228 2451 1308 2489 139.
1336 2437 1597 2487 Proscindere.]
1637 2437 1745 2474 MSS.
1775 2432 1997 2473 Oxonienfis
2030 2431 2068 2468 &
2095 2428 2214 2477 plures

1173 2489 1458 2539 alii,pr0findere
1477 2519 1486 2535 ‚
1512 2488 1633 2526 rcftc:
1664 2487 1712 2524 fic
1736 2487 1821 2524 Stat.
1844 2484 1965 2522 Theb.
1991 2494 2025 2520 x,
2058 2491 2140 2529 507.
2168 2491 2216 2521 ex

1175 2541 1284 2578 MSS.
1306 2541 1476 2584 Behotii,
1504 2540 1565 2588 qui
1584 2536 1974 2590 profundunthabent:
2011 2582 2018 2588 ·

1223 2591 1431 2638 Profindunt
1452 2590 1595 2626 inarata
1616 2587 1677 2622 diu
1698 2592 1857 2633 Pangaea
1874 2596 2030 2633 Juvenct.
2085 2631 2092 2638 .

1174 2642 1250 2679 Ubi
1281 2642 1388 2679 MSS.
1423 2641 1580 2678 Tiliobr.
1595 2636 1806 2686 perfindunt.
1832 2635 1969 2684 vulgo,
1984 2633 2217 2688 perfrmgunt.

1177 2694 1215 2730 &
1238 2693 1287 2730 ita
1307 2694 1403 2730 forte
1429 2690 1527 2740 apud
1549 2688 1654 2727 Prisc.
1677 2688 1814 2736 l'erieg.
1837 2698 1873 2735 p.
1897 2685 1980 2735 368.
2005 2682 2103 2721 Edit.
2121 2683 2216 2722 Pitli.

1173 2743 1397 2792 legendum:
1950 2785 1956 2792 ¹

1228 2794 1360 2831 Scilicet
1380 2794 1514 2842 ignaros
1534 2802 1641 2828 terras
1653 2786 1840 2838 profiadere
1855 2786 1984 2834 rastrts.

1177 2844 1252 2882 Ubi
1276 2846 1384 2882 MSS.
1402 2842 1586 2893 perfimdere
1600 2869 1610 2885 ,
1636 2838 2000 2888 vulgo‚proftindere.
2027 2835 2074 2873 sic
2086 2833 2219 2883 findere

1175 2909 1259 2932 rura
1278 2908 1436 2937 vomere,
1455 2893 1645 2930 Claudi-an.
1666 2892 1703 2928 in
1727 2890 1829 2927 Eutr.
1859 2901 1889 2926 1.
1915 2901 1996 2926 112.
2023 2898 2143 2936 neque
2164 2895 2218 2922 ta-

1177 2958 1264 2984 men
1284 2946 1427 2994 vulgata
1455 2942 1662 2982 damnanda
1679 2951 1841 2979 temere:
1869 2941 1918 2978 ita
1940 2939 2041 2977 enim
2061 2938 2217 2974 Metam..

1179 3009 1251 3035 vu.
1275 3009 1312 3034 11
1348 3025 1355 3033 .

1321 3010 1513 3096 9Insuetum
1525 3046 1619 3092 ferro
1631 3043 1841 3095 proscindere
1865 3050 2034 3091 campum.

1181 3098 1228 3137 Et
1249 3097 1353 3135 Silius
1376 3110 1441 3134 xvi
1477 3109 1559 3145 551.
2027 3137 2033 3144 ι

1236 3147 1395 3197 Impreffis
1412 3148 1532 3184 dociles
1550 3157 1679 3183 terram
1693 3144 1902 3195 proscindere
1922 3149 2060 3176 aratrts.

1184 3200 1303 3247 Quod
1321 3211 1365 3236 ex
1391 3198 1566 3236 Lucretio
1586 3196 1702 3234 hausit
1722 3196 1781 3232 lib.
1805 3206 1836 3229 v.
1860 3203 1942 3245 zro.

1234 3255 1279 3285 Et
1299 3260 1430 3287 terram
1444 3247 1554 3299 preffis
1566 3246 1775 3298 proscindere
1794 3252 1934 3278 aratrts.

1184 3301 1233 3339 Et
1257 3312 1361 3348 1294.

1678 3342 1783 3380 Iiz
2181 3342 2228 3375 Et
