2553 3676
671 193 1325 257 HEROIDES.

1401 214 1431 251 E
1469 215 1512 251 Ρ.
1586 216 1663 253 VI.

389 291 618 351 Medeae
641 285 843 340 Medea
865 283 1054 338 forem.
1094 283 1244 355 quod
1267 284 1303 339 s1
1328 285 1459 358 quid
1485 284 1548 340 ab
1573 287 1680 340 alto

452 361 622 432 Justus
646 358 771 412 ades
794 357 960 420 votiS‚
991 355 1265 427 juppiter,
1301 358 1408 429 ipse
1431 358 1591 420 meis;

388 433 551 507 Quod
577 431 742 503 gemit
765 429 1087 502 Hypsipyle,
1120 427 1240 482 lecii
1265 447 1485 502 quoque
1506 430 1739 485 subnuba
1765 430 1925 486 nostri

453 505 730 567 Moereat,
771 503 826 557 &
849 503 990 573 leges
1014 501 1206 555 sanciat
1230 502 1336 573 ipsa
1358 504 1484 557 suaS.

247 601 338 652 155
373 578 556 651 thue
580 594 684 647 ego
711 576 969 630 destituor
991 573 1216 653 conqu‚
1251 577 1529 648 materqiie
1552 574 1813 638 duorum3

451 653 507 704 A
530 649 761 704 totidem
785 648 917 703 natis
941 647 1070 702 orba
1092 650 1180 710 lit,
1218 665 1354 720 aque
1377 649 1510 704 vii-0.

91 872 246 927 pluribus
264 872 439 921 exemplis
463 872 564 910 hunc
587 867 766 919 loquendi
797 866 954 905 modum
979 866 1126 907 illustra-

93 928 233 970 vimus,
261 936 353 973 quae
380 924 441 960 liic
470 922 544 960 loci
569 922 698 958 iterare
721 931 820 958 nunc
840 919 950 968 piget.
979 920 1121 957 Hfixus.

93 978 190 1015 Cum
219 987 308 1012 vero
335 974 515 1022 Autolyci
534 971 721 1021 cujusdam
741 971 879 1018 piceata
899 981 1025 1007 manus
1047 970 1122 1008 illas

89 1029 127 1067 in
160 1025 355 1075 Virgilium
389 1031 493 1063 notas
527 1024 673 1061 summo
701 1021 755 1059 rei
779 1021 955 1059 literariae
983 1020 1121 1058 damno

70 1077 316 1126 surripuerit,
345 1075 605 1114 detrimentum
636 1075 710 1111 hoc
736 1073 914 1121 reparavit
947 1072 1119 1120 Egregius

87 1127 330 1167 Broukhufius
359 1126 405 1165 ad
434 1125 576 1164 Tibulli
609 1136 639 1162 1.
669 1124 771 1171 Eleg.
789 1135 841 1160 IV.
867 1135 921 1171 19.
949 1122 1119 1160 Francius

86 1179 287 1227 corrigebat
301 1206 311 1222 ,
333 1175 364 1227 fi
380 1176 464 1228 quid
490 1175 534 1213 ab
562 1174 638 1211 alta
662 1174 788 1221 Juflus
806 1173 885 1209 ades
904 1173 995 1209 votis
1013 1173 1122 1222 Jupi-

87 1239 139 1267 ter
157 1242 232 1265 arce
249 1229 341 1265 meis.
368 1227 536 1266 Offendit
555 1228 649 1264 forte
669 1224 800 1262 vOcula
820 1224 905 1273 ipse,
929 1235 1023 1272 quae
1038 1224 1118 1272 jam

86 1279 140 1318 bis
158 1277 409 1328 praecelsemt,
431 1281 468 1316 ὃ(
500 1290 592 1316 mox
609 1276 779 1326 sequitur.
804 1274 865 1312 sed
881 1274 972 1311 nihil
993 1282 1118 1311 muta:

85 1330 131 1368 ab
148 1329 220 1366 alto
233 1358 243 1374 ‚
272 1329 320 1367 est
337 1343 379 1366 ex
398 1329 469 1365 alto
482 1356 492 1373 ‚
520 1328 654 1366 scilicet
671 1326 793 1364 coelo.
812 1326 893 1363 Art.
912 1325 1095 1375 Am.633.

135 1398 296 1449 Juppiter
313 1411 354 1435 ex
372 1397 443 1434 alto
454 1395 609 1447 perjuria
627 1394 717 1431 ridet
735 1403 936 1432 amantum.

83 1460 182 1500 'Ades
200 1459 353 1509 precibus
387 1459 534 1497 Colinei
562 1459 601 1496 ὅ(
620 1456 831 1496 Berlinanni
851 1455 1042 1494 editiones.
1069 1457 1123 1495 nil

84 1519 209 1551 muta:
236 1524 302 1550 111.
319 1510 428 1549 Trist.
455 1522 485 1548 1.
507 1509 567 1557 78.

133 1576 231 1614 Ades
248 1585 326 1612 voto
339 1603 349 1620 ,
376 1573 529 1612 maxime
547 1573 628 1610 dive
641 1602 652 1618 ‚
680 1587 762 1611 meo.
828 1572 1094 1610 BURMANNUS.

138 1653 223 1690 153.
250 1639 341 1675 Lecti
360 1650 490 1688 quoque
500 1635 650 1684 succuba
673 1633 815 1683 nostri.]
846 1635 963 1671 Vetus
990 1634 1123 1677 leffio,

80 1690 244 1739 subnuba
286 1688 397 1736 nostri.
434 1689 688 1724 NAUGERIUS.
734 1682 881 1722 Gloffae
911 1685 962 1722 H.
1001 1684 1124 1732 steph.

87 1740 279 1780 Παλλκκῆ
299 1768 310 1784 ,
348 1737 549 1774 concubina
569 1764 580 1780 ‚
606 1734 759 1783 succuba
779 1762 790 1778 ,
811 1734 933 1783 pellex.
960 1734 1124 1771 Eaedem

84 1790 234 1827 unicuba
251 1788 457 1833 μσνολεχνῖς.
475 1795 580 1823 vetus
597 1787 747 1834 scriptor
768 1785 813 1822 de
830 1784 1014 1832 Baptismo
1034 1784 1125 1821 Bae-

84 1839 179 1879 biani
193 1869 203 1885 ,
226 1841 318 1878 inter
335 1838 466 1875 Po'e‘tas
487 1836 707 1874 Christianos
726 1847 747 1872 a
770 1836 937 1884 Georgio
957 1835 1123 1873 Fabricio

65 1890 201 1929 ‘editus
219 1904 228 1928 ι

136 1955 234 1993 Felix
254 1959 351 2004 Apra
364 1981 374 1998 ‚
392 1952 446 1989 cui
463 1951 560 1989 licuit
578 1961 737 2000 terraque
751 1949 892 2000 poloque

191 2005 350 2054 Conjugis
365 2002 531 2040 unicubae
542 2003 621 2051 juge
641 2012 751 2038 tenere
768 2000 907 2038 bonum·

89 2068 214 2117 Papias
235 2093 246 2112 ,
275 2063 422 2114 succuba
442 2091 452 2107 ‚
481 2062 591 2111 pellex
611 2091 621 2107 ‚
657 2062 772 2098 amica
800 2075 823 2097 a
843 2060 1094 2111 succumbendo
1112 2091 1123 2107 ‚

95 2119 239 2154 latenter
255 2115 417 2165 jacendo.'
445 2115 591 2151 Tamen
626 2113 813 2150 Puteaneo
847 2114 886 2150 ὅ(
911 2113 1122 2151 melioribus

92 2169 224 2217 scriptis
253 2165 386 2204 accedo
405 2192 414 2209 ,
452 2165 490 2201 in
519 2164 649 2213 quibus
666 2161 841 2211 subnuba.
869 2162 1055 2207 subnuba,
1082 2172 1123 2201 ut

85 2217 240 2268 pronuba
252 2214 399 2260 ,innuba
412 2243 422 2259 ‚
435 2215 473 2251 ὃ(
491 2214 630 2251 similia.
657 2214 709 2250 At
729 2213 943 2251 Prudentius
961 2214 1123 2263 Hymno

87 2271 127 2308 iri
156 2269 361 2305 Romanum
390 2273 589 2314 martyrem
617 2264 662 2302 de
687 2264 841 2303 Phoebo
864 2265 1123 2314 Hyacinthum

92 2320 259 2368 lugente:

139 2388 226 2419 Mox
236 2380 340 2432 flevit
356 2380 550 2430 impuratus
568 2380 710 2430 occisum
727 2382 834 2429 gravi

139 2432 240 2481 Disco
254 2460 262 2476 ‚
290 2443 333 2472 &³
349 2432 483 2468 dicavit
494 2430 723 2481 florulentum
737 2430 942 2479 succubam.

85 2495 159 2535 Pro
167 2495 399 2544 succubo-aem.
419 2493 545 2531 contr-Ii
565 2495 710 2531 Nonius
728 2495 923 2532 Marcellus
941 2484 1071 2532 monet
1087 2494 1126 2531 &

90 2546 275 2584 Titinium
301 2543 424 2583 dixiffe
445 2544 669 2592 fieccubonem
704 2555 769 2592 pro
801 2543 958 2592 succubo.
996 2544 1143 2581 Venus·

90 2596 185 2645 apud
204 2597 404 2645 Apulejum
422 2596 514 2631 Met.
539 2607 572 2631 v.
594 2594 759 2642 Psychen
772 2622 782 2638 ,
801 2595 939 2640 formae
950 2593 1035 2641 suae
1044 2594 1125 2642 suc-

92 2646 234 2690 cubam,
261 2646 424 2694 appellat.
452 2645 548 2693 apud
575 2646 657 2681 Stat.
688 2657 722 2681 x.
752 2644 810 2690 78.
837 2644 1034 2681 Succubitus
1056 2657 1123 2692 pro

94 2696 284 2733 concubitus
305 2698 342 2733 in
359 2695 727 2743 hiSSTssiobi-ogae.
742 2695 829 2731 hinc
849 2696 888 2732 ὃ(
906 2696 943 2732 in
962 2695 1124 2733 vetustis-

95 2744 186 2783 fimo
211 2747 481 2796 Epigrammate
509 2746 663 2782 Luxurii
699 2745 804 2781 MSS.
840 2744 944 2793 Epig.
974 2759 1029 2794 54
1070 2751 1123 2781 De

98 2793 266 2842 cauffidico
284 2797 371 2845 turpi
385 2824 394 2838 ‚
424 2796 483 2846 qui
502 2795 685 2832 concubam
698 2796 803 2844 suam
821 2796 1004 2831 Charitem
1021 2809 1125 2832 voca·

94 2844 167 2881 bat.
196 2847 231 2881 ὃ(
261 2847 324 2893 Ep.
353 2858 406 2894 57.
434 2854 474 2882 ln
501 2860 599 2889 eum,
621 2846 679 2895 qui
705 2856 745 2881 ut
762 2845 877 2891 senior
904 2846 970 2881 dici
997 2846 1123 2891 nollet,

98 2894 229 2931 multas
245 2893 309 2942 fibi
343 2896 500 2932 concubas
534 2897 681 2937 faciebat
704 2925 713 2939 ‚
754 2907 796 2934 ω’
828 2896 984 2932 horrebat
1011 2897 1125 2944 senior

99 2945 228 2980 vocari.
258 2945 459 2984 Hfimsms.
485 2947 583 2984 Vide
604 2946 779 2984 Munlzeri
796 2954 899 2983 notas
917 2946 962 2984 ad
983 2947 1123 2997 Hygin.

99 2994 183 3032 Fab.
205 3007 373 3031 cxxxvii.

153 3058 230 3093 154.
260 3050 353 3091 Leges
365 3045 492 3092 sentiat
510 3046 570 3094 ipse
586 3047 707 3096 suan]
738 3047 878 3083 sanciat
897 3047 1123 3085 scribendum

100 3096 242 3133 censeo.
269 3104 376 3147 atquc
407 3095 453 3130 iti
477 3095 563 3131 liber
590 3097 781 3134 Vossianus
810 3099 849 3134 ὅ(
869 3098 957 3135 alter
976 3100 1127 3135 Mente-

95 3146 224 3184 lianus.
252 3150 387 3179 sam-tre
408 3143 487 3191 leges
505 3145 655 3183 obvium
674 3147 769 3195 apud
789 3156 928 3188 veteres
949 3152 1127 3188 auctores.

103 3196 272 3234 Lucanus
294 3207 363 3231 vux.
383 3206 467 3242 351.

147 3264 319 3298 Romanas
329 3257 465 3309 fimcire
484 3257 600 3296 velent
620 3257 678 3294 hoc
690 3258 855 3309 sanguine
872 3262 965 3310 leges.

2102 719 2217 775 Nec

1181 868 1312 905 Livius
1331 868 1390 906 lib.
1410 881 1524 907 xxxxi.
1543 868 1637 914 Jam
1655 879 1707 916 ego
1722 894 1732 911 ‚
1745 864 1863 916 inquit
1876 864 2061 913 ,sanguine
2084 867 2221 903 Hanni-

1180 918 1267 955 balis
1295 919 1456 968 sanciam
1490 926 1687 956 Romanum
1709 917 1842 965 fhedus.
1878 916 1982 952 Nihil
2010 917 2122 964 magis
2154 918 2220 953 ob-

1178 970 1296 1007 vium.
1318 970 1508 1007 Adeantur
1522 968 1780 1013 jurisconsulti.
1807 966 1940 1005 Noster
1959 966 2118 1014 Epistola
2134 967 2223 1013 Me-⁴

1177 1019 1267 1058 deae
1288 1033 1334 1058 ex
1354 1021 1489 1058 eodem
1511 1021 1713 1058 Voffiano:

1228 1085 1358 1131 Flebit,
1388 1098 1432 1126 (φ
1449 1085 1586 1122 ardores
1596 1083 1732 1133 sauciet
1747 1081 1822 1130 usta
1839 1095 1938 1119 meos.

1176 1149 1388 1240 Ausosslusb
1410 1157 1533 1187 Pareto
1562 1148 1625 1198 legi
1653 1147 1795 1198 quisque
1821 1146 1925 1195 legem
1942 1145 2115 1195 sanxerit.
2135 1145 2223 1185 Stat.

1177 1213 1249 1239 xxx.
1345 1214 1363 1239 e
1392 1231 1399 1239 .

1227 1270 1391 1320 Parvane
1402 1264 1601 1316 prostratis,
1627 1261 1767 1312 inquit,
1795 1269 2023 1300 monumenta
2040 1259 2196 1310 Mycenis

1225 1321 1425 1354 Sanximus.

1179 1378 1262 1417 Lib.
1279 1391 1330 1417 xx.
1353 1391 1397 1417 ex
1418 1379 1526 1417 MSS.

1229 1446 1311 1477 Non
1329 1455 1387 1498 ego·
1402 1452 1434 1479 te
1452 1451 1570 1480 contra
1587 1438 1712 1490 Stygiis
1724 1436 1856 1489 feralia
1870 1437 1981 1487 stinxi

1230 1496 1315 1528 Vota
1337 1493 1430 1531 Dn's.

1180 1556 1261 1594 Cic.
1290 1569 1332 1593 11.
1363 1557 1474 1596 Tusc.
1503 1556 1652 1606 Quaest.
1678 1561 1777 1605 Leges
1798 1583 1810 1600 ‚
1848 1568 1935 1606 quas
1954 1551 2031 1603 five
2057 1551 2225 1601 Jupiter,

1172 1605 1250 1655 five
1272 1607 1389 1643 Minos
1406 1607 1542 1656 sanxit.
1569 1606 1693 1644 Valer.
1714 1609 1818 1644 Max.
1840 1618 1896 1642 vx.
1918 1616 1949 1641 c.
1969 1616 2005 1640 v.
2024 1603 2086 1640 sub
2108 1603 2170 1639 fin.
2187 1616 2225 1641 v.

1181 1657 1330 1694 Hei-ald.
1349 1658 1394 1695 ad
1417 1658 1559 1696 Arnob.
1583 1668 1662 1703 124.
1684 1657 1785 1694 Serv.
1803 1655 1850 1693 ad
1869 1653 2027 1693 Aeneid.
2045 1665 2117 1691 xxx.
2137 1665 2226 1692 200.

1180 1707 1353 1745 Cataleec.
1373 1709 1468 1747 Pith.
1486 1721 1522 1757 p.
1544 1708 1604 1745 62.

1229 1771 1292 1806 Sed
1314 1771 1442 1821 Caesar
1460 1772 1523 1820 legi
1536 1769 1659 1821 paruit
1681 1769 1746 1819 ipse
1757 1769 1856 1819 suae.

1179 1833 1312 1873 Amor.
1339 1847 1368 1873 r.
1398 1848 1490 1874 v1xx.
1517 1836 1576 1883 46.
1605 1841 1730 1884 Captos
1749 1833 1875 1882 legibus
1896 1845 1956 1870 ure
1964 1831 2051 1881 suis.
2077 1833 2225 1871 Heius.

1180 1885 1239 1922 Sic
1266 1886 1363 1935 apud
1394 1887 1524 1925 Catull.
1552 1886 1675 1935 Epith.
1706 1884 1820 1924 Thes.
1841 1895 1878 1922 v.
1899 1896 1958 1921 21.
1980 1884 2128 1929 sanxit,
2154 1896 2223 1933 pro

1171 1933 1277 1986 senstt
1295 1937 1489 1987 reposuere
1510 1938 1579 1975 viri
1598 1935 1711 1974 docti.

1232 2008 1312 2044 155.
1338 1995 1537 2045 Duorum]
1567 1995 1689 2032 Eunei
1716 1994 1756 2032 ὅ(
1788 1994 2036 2043 Nebrophoni
2066 1993 2225 2042 Apono-

1176 2044 1256 2082 dor.
1283 2047 1342 2083 lib.
1373 2060 1403 2084 Ι.
1431 2046 1604 2084 Biblioth.
1634 2046 1849 2083 ConANus.

1232 2098 1312 2144 156.
1339 2101 1377 2132 A
1396 2097 1539 2134 totidem
1554 2124 1564 2140 ‚
1593 2095 1707 2145 &c.].
1725 2094 1944 2133 Felicissime
1966 2096 2066 2133 hunc
2094 2095 2223 2132 locum

1178 2147 1381 2198 considerat
1411 2149 1525 2194 Julius
1549 2146 1678 2184 Caesar
1706 2147 1860 2195 Scaliger
1890 2148 1929 2184 in
1960 2147 2099 2184 Critico
2121 2174 2131 2189 ‚
2160 2158 2224 2182 cu-

1171 2197 1232 2246 jus
1261 2198 1352 2235 haec
1379 2197 1459 2236 sunt
1483 2212 1491 2236 :
1537 2197 1736 2234 Ovidianae
1763 2194 1954 2246 Hypfipyles
1982 2197 2077 2233 clara
2103 2196 2223 2231 admo-

1178 2248 1265 2285 dum
1286 2248 1482 2298 imprecatio
1501 2248 1543 2296 est
1554 2263 1565 2292 ;
1595 2261 1683 2296 quae
1702 2261 1808 2298 neque
1827 2247 1966 2284 tumida
1978 2275 1989 2290 ,
2017 2260 2123 2297 neque
2139 2245 2222 2281 vul-

1173 2300 1294 2348 garis,
1322 2312 1362 2336 ac
1391 2310 1467 2337 tam
1498 2299 1648 2335 rotunda
1673 2327 1683 2343 ‚
1720 2309 1760 2334 ut
1789 2308 1867 2334 tam
1896 2296 1994 2334 brevi
2014 2311 2115 2344 gyro,
2143 2305 2220 2330 tam

1178 2349 1352 2400 compofita
1374 2349 1466 2398 apud
1484 2348 1610 2385 multos
1630 2350 1737 2385 etiam
1759 2348 1954 2385 excellentes
1964 2346 2119 2396 poffimus
2137 2343 2223 2394 desi-

1178 2400 1308 2437 derare.
1336 2400 1434 2437 Vide
1462 2401 1501 2437 &
1522 2399 1666 2436 Scholia
1689 2400 1726 2436 in
1753 2399 1812 2436 lib.
1835 2398 2024 2435 Tristium.
2051 2396 2222 2434 CJOFAN.

1231 2456 1268 2487 A
1288 2451 1431 2487 totidem
1451 2450 1544 2486 natis
1562 2449 1642 2485 orba
1653 2447 1699 2498 fit
1719 2459 1823 2499 atque
1842 2447 1948 2496 virm]
1969 2446 2061 2482 Orba
2081 2447 2106 2481 a
2126 2446 2222 2483 natis

1181 2502 1401 2550 infrequens.
1447 2500 1618 2537 usitatum
1664 2499 1745 2534 orba
1789 2499 1882 2534 natis
1903 2525 1912 2540 ‚
1948 2506 2009 2533 aut
2045 2506 2221 2534 natorum.

1182 2552 1328 2589 Deinde
1358 2552 1421 2587 illa
1451 2551 1528 2586 viro
1563 2550 1767 2586 Putezmeus
1803 2550 1840 2585 ὃ(
1879 2547 2008 2596 reliqui
2044 2546 2221 2596 plerique.

1182 2603 1394 2650 Legebam:

1231 2673 1290 2703 Da
1309 2667 1451 2703 totidem
1472 2665 1565 2702 natis
1584 2663 1663 2701 orba
1677 2663 1724 2713 fit
1739 2691 1749 2707 ‚
1776 2661 1857 2699 orba
1876 2661 1964 2699 viro.

1179 2735 1267 2772 Vid.
1295 2734 1386 2781 supr.
1410 2733 1456 2771 ad
1487 2744 1520 2769 v.
1547 2744 1604 2777 29.
1633 2737 1728 2766 Dure
1755 2741 1800 2766 ex
1829 2728 1946 2766 veteri
1971 2726 2140 2764 formula.
2166 2725 2221 2762 Di

1179 2786 1284 2829 date,
1315 2786 1352 2820 ὅ(
1382 2784 1433 2820 Di
1459 2784 1540 2818 deut
1557 2810 1566 2826 ‚
1595 2793 1754 2829 quorum
1787 2780 1883 2827 pleni
1909 2779 2096 2826 scriptores
2125 2778 2219 2814 anti-

1179 2837 1254 2885 qui.
1284 2834 1415 2872 Noster
1434 2835 1525 2871 libro
1547 2844 1634 2870 xxxx.
1654 2832 1812 2868 Metam.
1827 2829 1886 2875 48.
1907 2829 1971 2878 qui
1988 2829 2090 2866 locus
2104 2827 2218 2875 vulgo

1178 2886 1328 2934 pessime
1344 2885 1485 2921 habitus
1498 2897 1505 2920 ε

1688 2943 1958 2992 Laertiadaeque
1969 2941 2117 2991 precaris

1233 3000 1334 3047 Qcae
1355 2997 1502 3035 meruit.-
1523 3010 1609 3047 quae
1629 2995 1680 3031 Di
1703 2995 1785 3031 dent
1808 2996 1823 3030 o
1844 3008 1910 3030 non
1931 3005 2028 3029 vana
2037 2990 2192 3040 preceris.

1181 3064 1233 3098 Tb
1264 3061 1343 3097 orba
1376 3062 1551 3098 nimirum
1584 3061 1770 3109 geminare
1800 3059 1959 3096 librarius
1988 3056 2193 3102 neglexerat
2205 3054 2220 3095 ,’

1181 3122 1221 3150 ut
1246 3113 1361 3160 saepe.
1391 3123 1461 3160 qua
1490 3111 1590 3148 dere
1614 3112 1724 3158 supra.
1751 3110 1889 3158 alloqui
1924 3115 2046 3143 nutem
2078 3106 2216 3150 Jovem

1183 3164 1462 3211 videtur,quare
1483 3163 1520 3198 &
1538 3161 1617 3197 ades
1632 3161 1733 3209 supra
1755 3173 1820 3209 pro
1840 3158 1930 3204 adest
1948 3153 2216 3209 reponendum,

1182 3222 1223 3250 ut
1239 3214 1317 3262 jam
1339 3213 1509 3251 diximus.
1534 3212 1601 3252 nisi
1620 3212 1759 3258 mavis,
1786 3209 1890 3260 quod
1908 3217 2037 3248 verum
2056 3215 2217 3243 ommno

1184 3264 1350 3303 videtur:
2192 3282 2201 3289 .-
