2553 3676
354 216 726 275 ARTIS
798 211 1567 272 AMATORIAE
1641 237 1817 277 L1n.

1893 221 1999 295 ΠΙ.
2149 227 2247 291 655

397 308 505 380 Ipsa
531 322 748 380 quoque
773 304 829 357 δε
852 303 1000 357 cultu
1025 301 1099 356 est
1124 301 1179 356 ὅτ
1204 307 1422 360 nomine
1446 305 1644 361 femina
1670 305 1722 363 V
1727 307 1875 365 irtus2

467 381 594 436 Non
618 378 842 438 mirum,
883 375 1084 447 populo
1108 373 1146 428 s1
1169 375 1313 429 favet
1335 377 1419 430 illa
1443 378 1551 432 suo,

283 470 352 522 25
389 453 505 508 Nee
533 463 712 503 tamen
735 449 833 502 hae
858 461 1063 502 mentes
1085 447 1262 502 nostra
1285 448 1576 520 poscuntur
1599 453 1663 506 ab
1692 465 1820 509 arte³

462 521 811 577 Conveniunt
834 520 1056 593 cymbae
1082 522 1197 575 vela
1225 522 1432 575 minora
1454 538 1620 577 meae.

389 595 508 657 Nil,
545 592 640 648 nifi
666 594 840 649 lascivi
862 612 957 666 per
982 612 1069 648 me
1094 593 1370 650 discuntur
1394 611 1628 649 amores:

463 666 682 721 Femina
707 667 1029 740 praecipiam
1054 685 1164 740 quo
1190 667 1251 722 fit
1275 667 1497 722 amanda
1520 668 1707 724 modo,

388 738 608 794 Femina
632 757 733 795 nec
758 740 994 795 flammas
1010 786 1022 803 ‚
1049 758 1146 794 nec
1169 741 1350 795 saevos
1376 741 1591 795 discutit
1617 760 1786 799 arcus,

279 831 347 878 30

456 813 672 867 Parcius
696 814 827 868 haec
851 813 1013 869 video
1037 814 1139 868 tela
1167 831 1367 868 nocere
1403 814 1542 868 viriS.

389 886 557 958 Saepe
584 886 683 942 viri
706 886 921 950 fallunt;
953 899 1167 941 tenerae
1193 904 1303 941 non
1326 886 1478 958 saepe
1502 887 1734 956 puellae:

462 958 775 1032 Paucaque,
796 959 833 1014 fi
855 976 1103 1033 quaera8‚
1125 960 1346 1013 crimina
1370 959 1569 1014 fraudis
1596 959 1818 1016 habenti

388 1031 640 1096 Phasma,
660 1032 768 1103 jam
788 1046 1041 1095 matrem,
1066 1032 1221 1086 fallax
1245 1031 1440 1086 dimisit
1465 1031 1648 1086 Iason:

459 1104 629 1160 Venit
653 1107 709 1160 in
734 1106 996 1160 Aesonios
1021 1105 1182 1159 altera
1211 1117 1376 1177 nupta
1400 1105 1552 1159 finus,

279 1192 342 1249 35
384 1176 664 1250 Quantum
686 1178 741 1232 in
765 1192 818 1232 te
846 1177 1094 1242 Theseu,
1130 1178 1377 1232 volucres
1402 1177 1638 1233 Ariadna
1662 1179 1896 1234 marinae

460 1251 640 1317 pavit,
679 1251 736 1306 in
757 1252 951 1323 ignoto
979 1251 1084 1307 sola
1107 1249 1286 1306 reli&a
1309 1252 1449 1306 loco.

11 1434 13 1448 ¹
87 1437 166 1476 ‘Ubi
187 1437 351 1477 Barthius
370 1439 409 1477 &
431 1439 566 1478 Vlitius
582 1440 764 1490 pascentur
774 1440 994 1488 praeferunt.
1020 1449 1139 1488 nuper

88 1490 145 1527 vir
167 1490 318 1540 quidam
338 1490 467 1529 doctus
489 1491 738 1529 Bibliothecae
762 1492 940 1541 Anglicae
962 1490 1081 1527 Tom.
1108 1502 1137 1528 1.

87 1550 179 1588 part.
205 1553 234 1578 1.
254 1553 330 1589 cap.
353 1553 386 1588 7.
407 1542 530 1580 multis
550 1554 704 1592 quoque
725 1542 869 1579 efficere
891 1551 1042 1580 conatus
1065 1540 1135 1586 est,

91 1592 130 1628 in
150 1592 254 1629 versu
275 1593 338 1629 illo
360 1593 502 1641 Virgilii
526 1605 572 1630 ex
594 1594 722 1642 Eclog.
745 1607 802 1630 1v.
820 1606 878 1639 42.

142 1648 261 1691 Sponte
269 1643 338 1691 sua
349 1643 482 1690 sandix
498 1644 668 1693 pascentes
688 1644 804 1691 vestiet
823 1657 937 1692 agnos.

88 1693 312 1741 Legendum
336 1693 429 1739 effe,
457 1695 629 1743 nascentes
646 1708 759 1744 agnos.
785 1696 944 1732 rationes
956 1701 997 1732 ut
1009 1705 1141 1733 omnes

87 1746 243 1781 referam
258 1773 268 1787 ‚
295 1757 372 1782 non
394 1746 462 1783 fert
490 1747 618 1784 haruin
641 1754 814 1783 notarum
832 1747 936 1784 ratio.
965 1746 1024 1784 sed
1048 1747 1140 1783 mihi

87 1795 177 1833 nihil
198 1795 417 1833 mutandum
449 1797 616 1834 videtur:
640 1809 726 1834 cum
757 1797 843 1846 quia
862 1797 997 1834 Plinius
1017 1824 1027 1841 ‚
1063 1806 1139 1834 tam

87 1857 217 1894 parum
241 1854 407 1884 remotus
424 1847 467 1884 ab
497 1855 614 1885 aetate
643 1848 837 1892 Maronis,
866 1847 986 1885 firmat
1013 1847 1140 1896 vulga-

87 1905 164 1934 tam
182 1896 385 1934 lectionem
399 1926 408 1942 ‚
437 1906 516 1935 tum
540 1899 627 1947 quia
645 1897 762 1936 sensus
783 1899 942 1936 omnino
962 1898 995 1936 id
1017 1899 1141 1947 postu-

86 1947 148 1986 lat.
174 1959 251 1985 non
276 1960 379 1996 agam
405 1948 451 1986 de
470 1949 647 1998 sandyce,
677 1962 721 1987 an
751 1950 860 1987 herba
885 1978 894 1994 ‚
934 1961 979 1987 an
1011 1950 1141 1987 metal—

84 1999 162 2037 lum
195 1999 327 2037 fuerit:
354 2011 483 2048 parum
506 2002 606 2038 enim
625 2001 755 2045 refert,
785 2013 871 2039 cum
893 2000 1032 2038 conflet
1044 2000 1141 2049 apud

87 2051 289 2088 Maronem
313 2049 358 2087 de
377 2050 484 2088 succo
505 2051 669 2101 quodam
699 2052 803 2099 capi,
831 2064 907 2101 quo
936 2052 1028 2100 tingi
1058 2051 1139 2100 pos-

86 2100 167 2139 sunt
187 2100 332 2138 vellera,
353 2101 432 2149 jam
456 2113 547 2139 vero
572 2103 662 2140 mira
681 2133 690 2148 ‚
715 2113 810 2151 quae
837 2102 1006 2140 nascente
1039 2102 1142 2140 Salo-

18 2201 19 2208 *
85 2153 179 2190 nino
200 2153 437 2200 contingent,
465 2153 673 2198 recensens,
703 2165 786 2191 curn
808 2161 914 2191 antea
932 2151 1072 2191 dixisset
1083 2166 1100 2190 :⁷

137 2203 206 2252 Ipse
218 2203 281 2251 sed
302 2203 339 2240 in
351 2203 465 2252 pratis
483 2204 572 2241 aries
587 2205 667 2253 jam
685 2207 796 2251 [trave
819 2204 964 2241 rabenti·

137 2255 296 2298 Alarice,
317 2255 396 2302 jam
418 2268 523 2291 croceo
545 2255 699 2292 mutabit
718 2255 850 2291 vellera
869 2255 952 2293 luto.

87 2304 353 2349 Ostendit‚illa
377 2306 547 2343 miracula
571 2319 648 2344 non
669 2306 800 2343 debere
813 2306 890 2344 fieri
908 2305 1135 2345 nascentibus

86 2357 327 2400 animalibus,
363 2364 453 2393 tunc
481 2357 581 2395 enim
609 2370 653 2395 ex
677 2357 801 2395 caussis
834 2358 1053 2396 naturalibus
1076 2359 1135 2396 illa

87 2406 246 2444 eveniffe
269 2405 465 2455 potuiss‘ent
487 2408 625 2453 videri,
653 2417 693 2446 ut
712 2408 816 2457 saepe
837 2409 918 2447 casu
932 2437 941 2452 ‚
970 2410 1132 2448 &etiam

86 2466 163 2495 arte
186 2458 274 2494 varii
296 2458 466 2494 animalia
485 2459 617 2495 coloris
635 2459 830 2496 nascuntur
843 2473 861 2496 :⁷
880 2459 940 2497 sed
959 2471 1043 2496 cum
1067 2472 1133 2497 na-

22 2536 23 2557 }
85 2503 253 2546 ta'effent
274 2507 325 2545 sui
345 2508 498 2551 coloris,
514 2509 551 2545 in
573 2511 677 2557 pratis
698 2511 792 2546 inter
813 2509 1032 2557 pascendum
1056 2511 1135 2548 vel-

88 2556 236 2596 Lemma
263 2559 312 2596 ita
343 2559 458 2596 subito
486 2561 690 2608 apparitura
717 2559 821 2608 fingit
857 2561 970 2597 tincta
999 2573 1136 2609 purpu-

24 2639 25 2648 ,
92 2618 158 2644 reo
171 2635 188 2651 ‚.
207 2612 244 2647 &
269 2610 372 2647 luteo
402 2611 552 2655 colore,
587 2619 626 2648 ut
658 2611 781 2659 postea
813 2623 891 2647 non
910 2623 1001 2660 opus
1024 2611 1135 2650 fuerit

24 2649 26 2692 ³:
91 2657 189 2695 lanas
220 2660 291 2697 illas
319 2661 392 2699 alio
412 2661 521 2699 succo
550 2663 693 2711 tingere
728 2662 773 2700 ad
799 2662 913 2700 vestes
941 2662 1136 2702 faciendas,

25 2729 26 2765 ᾗ
92 2708 226 2746 deinde
247 2709 367 2749 addit:

143 2765 261 2808 Sponte
270 2759 336 2807 sua
349 2764 481 2811 fhndix
496 2763 667 2813 pascentes
689 2764 807 2812 vestiet
827 2778 941 2814 agnon

91 2810 225 2848 Succus
239 2810 394 2850 Sandicis
417 2814 514 2861 (five
533 2816 664 2859 herba,
693 2815 767 2853 five
793 2817 978 2854 metallum
1001 2816 1137 2864 fuerit)

87 2862 166 2910 jam
195 2861 327 2905 etiam,
363 2865 539 2902 nascente
562 2867 736 2903 Pollionis
765 2867 866 2910 filio,
895 2867 992 2904 lanas
1021 2880 1145 2916 agno—⁷

92 2924 174 2967 runi
193 2911 414 2959 pascentium
433 2916 593 2961 inficiet,
616 2918 655 2953 &
669 2917 804 2954 efficiet
822 2924 861 2954 ut
883 2920 993 2955 etiam
1015 2947 1024 2961 ,
1045 2919 1134 2955 dum

92 2966 284 3011 pascuntur
301 2990 308 3003 ‚
323 2963 638 3004 vestitivideantur
656 2968 824 3017 sandyce.
844 2969 1035 3017 respondet
1047 2981 1135 3017 ergo

94 3017 137 3049 ’τὸ
162 3015 350 3061 pascentes,
384 3016 678 3061 praecedentibus
710 3020 747 3055 in
769 3019 883 3068 pratis
901 3048 910 3063 ‚
952 3021 1012 3057 ubi
1040 3020 1143 3057 nulla.

30 3093 31 3099 ,
92 3064 229 3102 fraudis
250 3064 399 3111 suspicio
414 3064 531 3107 ‚nulla
551 3069 716 3106 naturalis
730 3069 846 3108 caussa
859 3071 919 3120 huj
928 3083 965 3107 us
980 3072 1139 3108 miracu-

92 3114 117 3154 ii
141 3115 257 3163 potest
282 3116 453 3162 praetexi.
481 3116 583 3163 quod
605 3118 827 3158 nascentibus
850 3123 885 3158 in
915 3122 1056 3159 stabulis
1072 3121 1137 3159 fie=

89 3167 123 3203 vri
146 3164 271 3213 posset.
310 3165 453 3202 Praeter
474 3167 564 3203 haec
584 3166 703 3204 firmat
721 3171 901 3218 vulgatam
932 3174 1136 3212 lectionem

93 3216 290 3261 Claudiani
307 3226 428 3264 aperta
449 3217 606 3255 imitatio
624 3217 684 3255 lib.
711 3232 738 3254 1.
756 3220 792 3255 in
803 3221 924 3259 Rufin.
940 3224 1026 3270 38⁴¹>ss

691 3272 897 3316 stagnantia
917 3274 1039 3321 paffim

146 3317 235 3370 Vina
247 3317 384 3368 flami,
413 3318 539 3369 oleique
557 3319 661 3359 lacus.
690 3333 747 3357 nec
767 3322 894 3360 murice
914 3324 1034 3362 tinc‘lis

1996 1324 2212 1398 Quaere
2227 1364 2249 1391 2-

1245 1438 1431 1477 Velleribus
1444 1449 1628 1490 quaeretur
1648 1439 1773 1480 honos:
1804 1440 1997 1492 ftd'sponte
2014 1440 2190 1479 rubebunt

1244 1492 1409 1527 Attonito
1422 1492 1550 1540 pastore
1563 1506 1684 1541 greges.

1192 1541 1269 1580 Ubi
1286 1556 1396 1590 greges
1417 1542 1497 1580 sunt
1517 1544 1700 1591 pascentes
1719 1555 1809 1582 oves
1830 1545 1866 1581 8<
1887 1545 1969 1593 agni
1991 1572 2001 1588 ‚
2029 1544 2160 1592 quibus
2184 1555 2249 1582 ru«

1196 1593 1364 1631 bentibus
1382 1593 1499 1631 subito
1520 1595 1558 1630 &
1583 1594 1714 1643 sponte
1742 1595 1859 1643 pastor
1878 1595 2115 1643 obstupescet.
2152 1595 2245 1632 haee

1195 1644 1300 1682 latius
1333 1644 1481 1693 exsequi
1508 1648 1608 1682 nunc
1636 1658 1713 1683 non
1748 1654 1863 1683 vacat.
1892 1645 2117 1683 credideram
2150 1645 2244 1683 olim

1196 1694 1304 1733 simili
1331 1695 1471 1732 mendo
1499 1695 1688 1744 inquinata
1716 1696 1775 1734 illa
1803 1696 1914 1734 verba
1946 1696 2106 1733 Senecae
2133 1695 2246 1744 Epist.

1198 1758 1323 1783 Lxxix.
1355 1752 1397 1782 In
1420 1746 1524 1794 Lycia
1543 1746 1628 1795 regio
1643 1746 1812 1794 nottffima
1830 1746 1892 1793 est,
1921 1746 2096 1796 Ephestion
2115 1745 2246 1783 incolae

1195 1807 1347 1841 vocant,
1370 1802 1587 1846 perforatum
1605 1797 1763 1846 pluribus
1783 1797 1861 1834 locis
1873 1796 1989 1846 filum
2009 1825 2019 1842 ,
2060 1796 2150 1846 quod
2168 1795 2246 1845 stne

1194 1847 1265 1884 ullo
1292 1848 1507 1896 nascentium
1537 1848 1667 1885 damno
1697 1847 1784 1897 ignis
1813 1847 1976 1884 innoxius
2007 1847 2139 1884 circuit.
2181 1847 2244 1885 ubi

1190 1899 1404 1948 pascentium
1422 1899 1609 1937 tentabam
1624 1928 1634 1944 ,
1661 1898 1722 1937 sed
1739 1898 1839 1936 recle
1860 1911 1904 1936 ex
1925 1898 2158 1948 sequentibus
2178 1898 2248 1936 do·

1197 1951 1305 1988 cebat
1329 1951 1383 1988 vir
1411 1950 1539 2000 Ampl.
1566 1951 1732 1999 Cuperus
1755 1951 1792 1988 in
1812 1949 1961 1999 epistola
1989 1950 2035 1988 ad
2054 1961 2116 1987 me
2137 1948 2246 1994 data„

1196 2002 1372 2048 nascentia
1385 2030 1396 2047 ‚
1417 2002 1478 2039 hic
1497 2001 1623 2039 herbas
1644 2002 1680 2039 ὃ(
1695 2001 1831 2050 plantas
1852 1999 1952 2049 posse
1974 2009 2116 2039 notare.
2148 2000 2246 2048 apud

1195 2053 1388 2091 Avienurn
1417 2064 1569 2103 quoque
1598 2053 1708 2091 Orbis
1730 2052 1989 2102 Descriptione
2024 2063 2106 2091 vers
2137 2063 2247 2091 10200

1218 2115 1280 2141 ro:

1190 2114 1214 2152 p
1244 2160 1352 2192 Saevo
1365 2154 1557 2204 pascuntur
1569 2156 1703 2204 peffera
1725 2153 1820 2192 bello.

1192 2203 1236 2243 In
1264 2207 1375 2243 MSS.
1404 2207 1597 2255 nascantur
1626 2205 1912 2254 deprehenditur
1937 2233 1947 2250 ‚
1984 2204 2087 2254 quod
2116 2212 2249 2242 tamen<

1192 2257 1348 2294 minime
1375 2256 1423 2294 ibi
1452 2256 1705 2305 recipiendum
1727 2265 1819 2305 puto
1843 2285 1852 2302 ,
1892 2265 2044 2306 propter
2071 2267 2112 2292 ea
2147 2267 2242 2304 quae

1192 2307 1366 2345 Heinsius
1401 2307 1553 2346 adnotat
1593 2307 1639 2346 ad
1673 2307 1734 2345 lib.
1770 2320 1835 2345 ιιι.
1871 2310 2009 2346 Amor.
2057 2317 2146 2344 vm.
2185 2317 2245 2346 10,

1193 2358 1460 2397 BURMANNUS.

1243 2412 1301 2447 26.
1331 2409 1599 2460 conveniam]
1630 2411 1794 2458 Propert.
1816 2422 1877 2446 111.
1901 2420 1973 2445 vn.
1992 2420 2026 2455 4.

1242 2467 1323 2498 Non
1335 2466 1423 2509 sant
1441 2470 1524 2510 apta
1548 2474 1643 2497 meae
1656 2461 1808 2509 grandia
1826 2459 1906 2496 vela
1918 2458 2001 2496 rati,
2055 2458 2218 2497 Dovzin

1241 2512 1300 2549 28.
1329 2513 1472 2549 Femina
1486 2512 1688 2561 praecipio]
1718 2510 1932 2559 praecipiam
1965 2509 2131 2557 potiores
2159 2508 2244 2547 scri-

1191 2563 1256 2610 pti.
1309 2564 1521 2600 Hemsms.

1243 2625 1302 2661 29.
1332 2613 1476 2650 Excutit
1503 2611 1652 2661 arcun]
1683 2610 1837 2660 Distulit
1865 2611 1982 2659 prima
2011 2610 2126 2648 editio
2155 2621 2240 2648 cum

1191 2663 1367 2714 plerisque
1390 2664 1622 2701 membranis.
1649 2665 1759 2700 etiam
1783 2663 1925 2710 Regio;
1956 2660 2022 2698 nifi
2046 2660 2148 2710 quod
2181 2662 2243 2698 ille

1193 2726 1259 2762 pro
1282 2715 1419 2753 diversa
1436 2715 1596 2752 lectione
1616 2713 1753 2762 effugit,
1781 2713 1884 2763 quod
1904 2713 1990 2750 &in
2016 2712 2141 2750 multis
2164 2712 2242 2751 aliie

1191 2765 1326 2804 inveni.
1356 2767 1566 2803 Hfimsms.
1594 2765 1737 2812 Defugit
1761 2763 1918 2812 Aprofii.

1246 2828 1305 2866 30.
1335 2825 1424 2854 Haec
1446 2815 1582 2865 videa]
1614 2816 1770 2859 Malim,
1798 2815 1931 2852 videas.
1984 2814 2198 2852 Hfimsm&

1245 2879 1301 2915 32.
1331 2874 1514 2919 Paucaque
1525 2896 1534 2911 ‚
1537 2866 1571 2916 fi
1587 2865 1913 2917 quaeras,crimina
1916 2865 2061 2913 fraudis
2081 2862 2247 2913 habena]

1194 2924 1373 2968 Parcaque
1394 2919 1636 2956 Sari-avianus.
1665 2918 1793 2966 Lego:

1243 2976 1426 3020 Raraque,
1447 2968 1482 3019 si
1501 2982 1672 3019 quaeras,
1700 2967 1848 3005 crimina
1860 2967 2004 3015 fraudis
2023 2966 2138 3003 hahet„

1194 3019 1236 3057 In
1257 3021 1365 3058 Nuce
1394 3033 1450 3067 24.

1245 3077 1405 3122 Raraque
1424 3073 1462 3108 in
1479 3071 1539 3108 hoc
1555 3084 1641 3107 aevo
1663 3070 1727 3118 est,
1757 3083 1844 3119 qnae
1864 3069 1952 3106 velit
1974 3067 2030 3116 effi’
2043 3075 2180 3115 parem.

1195 3122 1308 3160 Certe
1331 3135 1424 3160 unus
1447 3123 1649 3166 Palatinus,
1677 3121 1792 3159 habet.
1846 3121 2056 3157 Ηεικεωε.

1248 3183 1305 3222 33.
1333 3172 1537 3222 Phafiadem
1561 3172 1742 3222 matrem]
1774 3169 1975 3219 Phaficlenm
2000 3167 2134 3222 Regius
2156 3174 2250 3222 cuiff

1193 3224 1317 3261 multis
1336 3225 1421 3261 aliis,
1483 3225 1552 3262 Sed
1577 3237 1706 3261 verum
1732 3223 1779 3260 est
1799 3250 1809 3265 ‚
1847 3219 1947 3267 quod
1976 3228 2092 3264 prima
2126 3216 2256 3254 editio*

1195 3276 1234 3311 δε
1264 3281 1333 3310 tres
1364 3275 1483 3321 scripti
1511 3275 1745 3324 agnoscunt,
1793 3268 1942 3320 lefida
1967 3269 2046 3317 jam
2078 3278 2257 3305 matrem,-

1195 3325 1263 3375 ᾖς,
1285 3335 1363 3362 xvi.
1389 3335 1470 3374 32³5·
2097 3366 2262 3421 plmfida
