2553 3676
642 189 1293 252 HEROIDES.

1369 211 1400 246 E
1438 212 1480 246 P.
1557 211 1689 250 X1x.
2099 198 2200 265 28?

366 291 471 349 Vel
493 286 668 361 pudor
690 284 778 337 hic
802 283 1033 348 utinam,
1071 284 1162 356 qui
1188 301 1284 338 nos
1311 284 1446 338 clam
1471 285 1619 355 cogit
1644 301 1845 350 amare,

435 360 538 416 Vel
577 355 794 410 timidus
831 355 1000 410 famae
1039 355 1235 409 cedere
1271 357 1430 410 vellet
1469 359 1645 411 amor!

360 433 515 488 Nunc
537 430 674 483 male
699 446 783 482 res
807 428 1045 499 junctae,
1084 429 1228 482 calor
1254 427 1308 481 δε
1335 430 1661 492 reverentia,
1698 444 1949 501 pugnant,

431 502 581 573 Quid
605 501 792 573 sequar
819 503 875 555 in
901 501 1066 555 dubio
1090 501 1178 555 est.
1218 501 1348 555 haec
1374 500 1563 562 decet;
1605 502 1690 554 ille
1715 503 1876 572 juvat.

221 594 315 644 175
351 573 426 627 Ut
463 575 621 628 semel
660 574 874 628 intravit
913 573 1150 628 Colchos
1186 574 1471 645 Pagasaeus
1508 573 1690 635 I'asom

429 644 731 718 Impofitam
769 647 930 701 celeri
968 646 1188 700 Phafida
1226 664 1404 718 puppe
1443 647 1578 699 tulit.

359 716 436 771 Ut
460 718 622 772 semel.
644 718 828 772 Idaeus
852 719 1262 772 Lacedaemona
1284 718 1430 772 venit
1454 718 1691 779 adulter;

427 789 571 845 Cum
596 791 792 863 praeda
815 791 973 844 rediit
998 792 1239 863 protinus
1263 791 1347 844 ille
1372 791 1474 844 sua.

357 862 484 926 Tu,
521 881 681 936 quam
707 863 857 935 saepe
882 863 1016 935 petis
1043 864 1191 936 quod
1220 881 1385 926 amaS,
1424 877 1533 916 tam
1556 863 1705 934 saepe
1729 862 2010 936 relinquist

215 933 332 987 180v

424 934 496 989 Et
522 936 732 1008 quoties
757 954 916 1007 grave
938 937 998 990 fit
1023 935 1286 1007 puppibus
1310 937 1415 997 ire,
1453 949 1613 988 natas.

360 1006 445 1061 Sic
471 1022 674 1071 tamen,
714 1010 748 1061 ὀ
768 1009 999 1079 juveni8‚
1037 1009 1363 1063 tumidarum
1384 1007 1554 1061 victor
1578 1001 1862 1081 aquarum,

433 1080 518 1134 Sic
544 1080 707 1134 facito
730 1081 964 1153 spernaS‚
999 1093 1059 1134 ut
1082 1098 1325 1144 vereare,
1363 1081 1577 1134 fretum.

358 1153 495 1206 Arte
520 1153 783 1207 laboratae
806 1155 1091 1207 vincuntur
1116 1154 1180 1207 ab
1203 1170 1434 1226 aequore
1457 1169 1687 1225 puppes:

431 1225 526 1280 Tu
550 1238 638 1280 tua
663 1227 777 1298 plus
801 1226 960 1280 remis
986 1225 1196 1282 brachia
1218 1225 1363 1298 polle
1385 1227 1569 1298 putes?

123 1445 201 1487 167.
227 1450 283 1482 At
310 1459 368 1482 nos
393 1445 563 1497 diverfi.]
593 1451 674 1485 Aut
702 1445 913 1484 Bersmanni
937 1444 1036 1483 Edit.
1065 1445 1106 1482 &

71 1494 120 1534 ita
140 1497 324 1534 Gronovii
347 1497 475 1534 codex.

7 1580 9 1594 J
126 1548 207 1594 169.
233 1551 354 1597 Atque
382 1547 433 1583 ita
458 1547 598 1597 quisque
616 1548 696 1593 fuas
714 1548 842 1583 iterum
864 1547 1043 1583 redeamus
1060 1544 1108 1581 ad

7 1598 11 1660 l
71 1596 206 1647 urben]
237 1597 451 1634 Notandum
471 1599 529 1634 hic
551 1599 703 1634 verbum
722 1598 860 1646 quisque
873 1625 882 1640 ,
903 1597 949 1634 de
967 1596 1108 1633 duobus

75 1646 159 1683 dici.
180 1654 189 1681 <
214 1660 274 1683 101:
284 1660 393 1683 ANUS.
422 1648 474 1684 Ita
495 1649 531 1684 &
555 1648 704 1684 Sueton.
724 1649 818 1696 Aug.
839 1648 896 1683 26.
916 1652 961 1682 Ut
978 1647 1111 1694 Cajam

7 1675 11 1722 Ι
74 1708 118 1735 <9¹
147 1698 291 1733 Lucium
312 1697 426 1743 filios,
446 1699 509 1745 sno
542 1711 709 1748 quemque
736 1697 911 1745 Tyroct'nio
937 1695 1111 1732 deduceret

9 1747 12 1770 ³
71 1746 111 1782 in
131 1747 263 1792 fhrum.
294 1747 469 1795 Quinctil.
492 1761 555 1785 111.
578 1748 687 1785 Instit.
710 1748 814 1785 Orat.
842 1750 876 1784 6.
905 1747 966 1783 Sed
989 1747 1026 1783 in
1049 1747 1109 1783 hoc

10 1786 13 1844 1
63 1797 200 1845 propria
228 1797 365 1845 quisque
393 1811 507 1833 eorum
545 1798 732 1847 quaestione
766 1799 907 1834 nitetur.
945 1804 985 1833 In
1014 1797 1112 1833 urbes

11 1846 15 1907 j
73 1847 181 1883 etiarn
211 1848 281 1883 alii.
329 1847 377 1882 ad
402 1860 494 1883 arces
529 1848 616 1885 duo.
653 1848 701 1883 ad
727 1861 800 1884 oras
828 1848 1112 1885 Barberinianus.

70 1895 327 1934 BuRMANNus.

12 1908 15 1988 1
126 1960 204 1989 171.
241 1947 346 1984 Clam
374 1946 506 1996 cogite]
554 1948 612 1985 Sic
646 1947 857 1997 legendum.
890 1949 1108 1985 emmaus.

74 1997 180 2035 Aliae
200 1997 378 2035 editiones
392 2025 402 2041 ,
430 2009 506 2034 tam
528 1999 622 2046 cogit.

131 2059 209 2094 172.
237 2047 294 2084 Vel
313 2048 456 2084 timidus
474 2050 598 2098 famae
619 2048 728 2084 cedere
747 2048 851 2084 vellet
869 2048 1004 2098 amor.]
1037 2049 1111 2085 Vel-

74 2096 143 2142 let,
172 2110 236 2146 pro
256 2098 343 2134 velit
361 2097 517 2146 politum
539 2099 725 2137 existimo:
755 2108 795 2136 ut
813 2098 853 2136 fit
876 2101 1033 2148 optantis
1052 2101 1110 2137 lo-

17 2186 19 2191 ,
74 2150 185 2186 cutIO.
217 2150 438 2186 Micrrtus.

17 2213 25 2496 s
130 2211 209 2246 172.
237 2199 393 2235 Timidus
416 2199 588 2250 famae]
629 2201 685 2238 En
715 2201 903 2238 corculum
936 2202 1111 2250 interpre-

75 2256 178 2294 tum,
205 2253 269 2298 qui
299 2261 382 2287 cum
410 2253 506 2288 notis
537 2251 721 2288 variorum
752 2252 855 2289 nobis
876 2253 1112 2290 concinnavit

77 2300 351 2349 Nasonem‚qui
372 2301 536 2338 timidum
549 2303 673 2348 famae
699 2314 743 2339 cx
765 2303 913 2339 corculo
936 2304 1114 2340 Latinita-

76 2351 119 2388 tls
148 2349 217 2388 effe
243 2352 355 2399 jactat
378 2379 387 2394 ‚
415 2361 454 2389 ut
481 2352 627 2389 timidas
658 2353 722 2388 Dei
746 2380 755 2396 ‚
784 2363 972 2402 temperans
991 2355 1115 2398 famae

76 2411 146 2440 σε.
172 2413 255 2439 cum
267 2404 413 2448 famae,
442 2403 607 2439 dativum
631 2403 750 2440 casum
772 2401 841 2440 effe
856 2431 866 2446 ,
895 2406 932 2440 &
955 2415 1038 2440 cum
1065 2407 1113 2451 τῷ

78 2451 185 2488 cedere
216 2453 392 2501 conjungi
421 2452 552 2489 debere
582 2454 641 2489 vel
670 2465 760 2502 puer
788 2453 923 2491 videat?
958 2454 1111 2491 Volscus

79 2510 174 2539 certe
203 2503 240 2539 &
268 2503 493 2540 Hubertinus
512 2501 709 2550 potuifi'ent
728 2503 984 2552 paedagogum
1004 2505 1110 2542 illurn

23 2518 26 2594 1
77 2552 228 2590 meliora
247 2552 392 2590 docere.
420 2553 542 2589 Cedere
550 2556 693 2599 famae,
721 2562 761 2590 ut
781 2555 940 2590 invidiae
962 2555 1111 2593 Phaedr.

26 2633 27 2638 ,
79 2614 143 2640 111.
172 2615 207 2651 9.
235 2609 414 2643 Fortunae.
442 2603 620 2652 Quintftil.
655 2618 709 2642 vx.
740 2617 795 2651 17.
822 2606 883 2643 ubi
909 2605 994 2642 vide
1017 2618 1111 2655 quae

79 2661 261 2694 notamus.
289 2654 550 2691 Romaanus.

28 2706 29 2710 ’
133 2715 212 2752 173.
239 2704 343 2740 Calor
370 2717 422 2744 (φ.
445 2706 458 2754 ]
496 2706 678 2754 Excerpta
706 2705 863 2743 Douzae
884 2734 893 2748 ,
934 2713 1043 2743 Venas
1070 2718 1114 2746 (ς’

82 2765 153 2789 rev.
181 2755 362 2792 Gronovii
383 2756 500 2793 codex
514 2784 523 2799 ‚
546 2756 658 2805 pudor
675 2768 717 2795 ω’
737 2757 940 2793 reverentia.

138 2814 215 2847 171.
244 2810 283 2839 ln
312 2805 412 2842 dubio
441 2806 530 2856 est]
570 2807 674 2854 Qod
696 2805 862 2855 sequitur
890 2807 1036 2844 dubium
1074 2808 1117 2855 est

81 2852 296 2891 Puteaneus.
314 2866 359 2891 an
374 2885 383 2899 ‚
411 2857 502 2904 quod
521 2858 648 2908 sequar
670 2858 707 2893 in
729 2857 873 2893 dubium
901 2858 952 2905 est.
981 2858 1054 2895 vid.
1073 2859 1118 2895 ad

81 2902 192 2952 Epist.
213 2914 305 2939 xv11.
330 2905 407 2952 138.
431 2913 469 2942 ln
483 2917 596 2956 pugna
615 2906 667 2954 est.
689 2909 835 2956 Regius.

106 3003 114 3010 -
141 2966 221 3000 175.
235 2955 406 3008 *leoga-[eas
428 2956 560 3006 kastra]
590 2958 788 2995 Fece-arunt
807 2967 950 3007 patrum
971 2970 1119 2996 memo-

84 3014 137 3042 na
149 3032 159 3048 ‚
181 3015 243 3051 qui
261 3015 297 3039 m
314 3003 438 3059 litteris
455 3016 595 3043 nomen
612 3009 792 3046 habebant
806 3038 815 3053 ‚
836 3010 1026 3058 opinantes
1049 3015 1119 3045 Pa-

83 3055 200 3103 gaseas
220 3065 280 3101 per
301 3066 320 3089 a
343 3054 440 3090 lei-ibi
463 3055 593 3092 debere
615 3072 625 3100 3
663 3059 746 3096 cum
772 3072 834 3108 per
855 3074 870 3096 e
890 3060 1119 3098 scribendum

2036 1290 2205 1368 Quod

1215 1453 1296 1491 177.
1324 1446 1423 1483 Venit
1445 1444 1621 1494 adadun]
1651 1445 1749 1483 Vidit
1776 1444 2078 1493 Gottorphianus.
2101 1443 2214 1481 Periit

1163 1496 1417 1534 Lacedaemona
1438 1498 1577 1534 adulter
1597 1496 1795 1534 Beruenfis.

1219 1547 1299 1584 180.
1327 1552 1445 1584 Grave
1458 1547 1545 1597 fia]
1574 1552 1692 1584 Grave
1714 1547 1761 1595 fit
1788 1557 1832 1583 ex
1859 1545 1992 1595 scriptis
2021 1545 2138 1583 multi.
2166 1551 2208 1584 ut

1164 1596 1223 1633 lib.
1248 1610 1277 1634 1.
1298 1600 1427 1636 Amor.
1449 1610 1481 1634 2.

1218 1653 1309 1683 Leve
1318 1648 1385 1694 fit,
1414 1649 1504 1697 quod
1522 1648 1601 1685 bene
1611 1649 1752 1695 fertur,
1779 1660 1874 1683 onus.

1168 1698 1377 1735 Heinsius.
1400 1699 1568 1737 Francius
1588 1699 1734 1735 volebat
1750 1726 1759 1742 ‚
1781 1702 1827 1732 Et
1844 1697 2010 1747 quamvis
2025 1708 2133 1744 grave
2149 1695 2209 1742 fit.

1219 1749 1299 1798 183.
1330 1754 1419 1785 Arte
1435 1749 1610 1786 laboratae
1627 1749 1823 1785 vincuntur
1839 1747 1883 1783 ab
1903 1760 2043 1796 aequore
2058 1746 2207 1795 puppes]

1165 1800 1303 1836 Melior
1329 1799 1442 1836 leffio
1472 1801 1510 1837 in
1537 1801 1614 1837 aliis
1638 1826 1648 1842 ,
1683 1803 1774 1834 Arte
1804 1796 1980 1832 laboratae
2006 1806 2219 1842 mergantur·

1165 1850 1210 1886 ab
1237 1863 1379 1900 aequore
1407 1858 1536 1900 puppes.
1572 1849 1620 1886 est
1657 1857 1782 1885 autem
1818 1846 1982 1884 diffuafio
2013 1845 2033 1884 a
2066 1848 2212 1895 majori.

1167 1902 1386 1938 emamus.
1415 1906 1625 1950 Merguntar
1638 1899 1865 1941 Puteaneus,
1895 1909 1978 1934 cum
2006 1898 2080 1934 aliis
2100 1898 2212 1945 pluri-

1167 1952 1246 1989 mis.
1273 1952 1477 1988 HfiiNsms,
1507 1951 1577 1988 Sed
1595 1962 1665 1999 ego
1686 1949 1798 1993 illud,
1827 1958 2030 1996 merguntur
2056 1946 2208 1996 gloffam

1166 2000 1236 2038 effe
1268 2003 1400 2039 librarii
1434 2001 1625 2038 adfirmare
1661 1999 1786 2037 aufim.
1825 2008 1866 2036 ut
1899 2001 1937 2036 δε
1967 2000 2209 2046 franguntur,

1165 2052 1267 2100 quod
1298 2054 1335 2089 in
1364 2053 1595 2089 Menteliano
1622 2059 1719 2088 erat:
1747 2050 1946 2097 elegantius
1971 2050 2097 2092 enim,
2126 2050 2163 2086 ὅ(
2187 2060 2207 2086 a

1165 2102 1266 2151 vulgi
1287 2103 1347 2139 usu
1368 2104 1544 2139 remotius
1563 2102 1766 2137 vincantur.
1786 2100 1915 2147 virgil.
1937 2112 1988 2135 1x.
2007 2111 2068 2146 9¹·

1217 2159 1269 2188 Ne
1288 2152 1385 2201 cursa
1405 2152 1577 2202 quassatae
1595 2151 1665 2188 ullo
1678 2179 1690 2196 ,
1717 2164 1783 2187 neu
1799 2150 1935 2187 turbine
1957 2150 2056 2186 venti

1218 2204 1423 2242 Vincuntur,

1171 2254 1255 2291 Lib.
1280 2267 1308 2291 1.
1332 2265 1410 2291 121.

1220 2305 1312 2349 Jam
1332 2304 1496 2340 validam
1516 2303 1632 2341 Ilionei
1657 2316 1811 2349 navem,
1831 2304 1910 2353 jam
1924 2302 2030 2350 fortis
2046 2298 2209 2337 Achatae

1223 2355 1309 2390 Vicit
1332 2354 1450 2392 hiems.
1996 2353 2000 2357 ’

1170 2405 1303 2442 Noller
1330 2418 1359 2441 1.
1380 2405 1488 2442 Trist.
1508 2417 1572 2442 111.
1597 2418 1676 2452 114.

1220 2456 1311 2500 Jam
1327 2455 1487 2505 sequitur
1507 2457 1640 2492 vic‘lam
1657 2484 1664 2498 ‚
1688 2468 1758 2492 nem
1776 2454 1859 2502 regit
1877 2463 1951 2489 arte
1973 2461 2094 2488 ratem.

1167 2506 1264 2543 Vide
1288 2506 1412 2543 Heins.
1431 2506 1475 2542 ad
1499 2518 1528 2542 1.
1552 2506 1660 2542 Trist.
1681 2517 1731 2541 rx.
1753 2505 1786 2539 8.
1811 2506 1848 2540 oc
1867 2505 1913 2539 ita
1937 2502 2058 2549 paffim
2075 2500 2217 2550 proelia-

1168 2558 1206 2593 &
1229 2565 1360 2604 pugnas
1386 2564 1583 2593 ventorum
1615 2556 1652 2591 &
1690 2555 1797 2590 maris
1825 2556 1959 2589 foetae
1980 2552 2150 2601 fingunt‚-
2170 2553 2210 2589 in

1166 2608 1294 2655 quibus
1335 2607 1391 2643 vel
1420 2607 1520 2643 navis
1556 2605 1615 2642 vel
1649 2615 1747 2642 mare
1774 2604 1898 2640 vincit.
1939 2602 2010 2639 vid.
2038 2603 2129 2650 supr.
2154 2602 2219 2644 2&ss-

1171 2670 1249 2706 155.
1287 2658 1345 2694 hic
1377 2669 1465 2694 vero
1495 2657 1566 2693 tale
1603 2664 1786 2692 cert-amen
1818 2653 1905 2702 fingi
1927 2681 1938 2696 ‚
1981 2661 2137 2701 apparet*
2161 2662 2208 2689 ex

1169 2720 1263 2745 voce
1282 2708 1461 2757 sequentis
1479 2707 1597 2744 versus
1614 2706 1715 2754 poffe:
1745 2703 1843 2753 quafi
1866 2702 2032 2741 Leander
2052 2704 2111 2740 sua
2132 2703 2220 2740 bra-⁷

1171 2760 1251 2796 chia
1271 2769 1397 2796 contra
1417 2759 1523 2795 maris
1543 2760 1632 2794 iram
1654 2754 1752 2804 poffe
1768 2784 1777 2799 ,
1798 2754 1872 2791 five
1893 2754 2034 2797 valere,
2062 2753 2123 2790 sibi
2146 2753 2214 2789 fin·

1172 2819 1272 2858 geret
1287 2839 1297 2853 ‚
1321 2816 1358 2847 o<
1378 2809 1571 2845 validiores
1587 2809 1761 2849 lacertos,
1787 2816 1898 2853 quam
1918 2805 2069 2842 navium
2091 2814 2213 2840 remos

1175 2860 1348 2897 crederer.
1377 2860 1551 2896 Ceterum
1579 2859 1617 2894 in
1648 2856 1813 2893 Scriverii
1843 2854 1970 2892 codice
2000 2864 2074 2891 erat
2097 2882 2105 2895 ,
2147 2863 2212 2900 pro

1168 2919 1287 2959 puppes
1313 2939 1321 2953 ,
1360 2910 1471 2959 pisces.
1515 2909 1612 2946 unde
1654 2905 1827 2944 Heinfius
1872 2906 1963 2943 olim
2007 2904 2213 2953 conjecerat

1171 2961 1285 3010 pristes
1299 2989 1308 3004 ,
1331 2973 1374 2997 ex
1395 2960 1539 3007 Virgilii
1558 2971 1592 2995 v.
1616 2959 1696 2995 116.
1715 2957 1882 2994 firmans:

1228 3011 1375 3047 Velocem
1396 3009 1589 3057 Mnestheus
1607 3009 1679 3057 agit
1699 3008 1772 3045 acri
1792 3008 1912 3055 remige
1924 3005 2085 3058 pristimo·

1177 3063 1232 3098 Ut
1261 3063 1309 3098 ita
1335 3069 1476 3098 certum
1507 3061 1738 3108 navigiorum
1768 3070 1882 3107 genus
1910 3057 2046 3093 dietum
2077 3058 2214 3089 innuat.

89 3105 128 3141 &
148 3103 417 3159 enunciandam
446 3103 486 3140 fit
508 3120 517 3146 ;
552 3110 865 3155 quemadmodum
891 3111 995 3148 estin
1020 3121 1122 3148 vete-
1176 3112 1236 3150 sed
1262 3112 1348 3161 quia
1376 3112 1470 3148 inter
1503 3122 1601 3148 curas
1628 3109 1798 3147 secundas
1825 3120 1901 3144 non
1919 3106 2058 3146 retulit,
2085 3102 2225 3139 dubito*

91 3154 186 3192 ribus
211 3154 316 3191 libris.
344 3155 559 3190 (horarius.
594 3161 755 3204 Pagareos
780 3161 993 3199 Puteaneus.
1021 3161 1124 3211 quod
1179 3175 1225 3199 an
1255 3163 1326 3210 ipse
1355 3163 1565 3209 probaverit
1591 3160 1723 3209 postea.
1752 3159 1893 3197 Servius
1915 3167 2022 3190 vero.
2053 3154 2126 3189 hoc
2152 3163 2217 3188 na-

93 3203 141 3240 est
176 3208 334 3253 Pagaseos
363 3205 502 3241 Graeca
532 3208 796 3246 enuntiatione.
829 3220 870 3250 ut
896 3212 1002 3262 saepe
1029 3213 1124 3252 alibi,

94 3252 301 3296 heinsius.
327 3254 415 3296 Vid.
433 3254 478 3294 ad
493 3255 601 3305 Epist.
621 3267 699 3295 xvx.
720 3268 800 3307 345,

1182 3214 1322 3260 vigium
1351 3212 1555 3260 explicam,
1584 3212 1695 3259 vulgo
1714 3207 1904 3246 mendosus
1927 3204 1973 3240 est
1989 3231 1998 3246 ‚
2028 3203 2065 3239 δέ
2085 3213 2128 3238 ex
2152 3213 2216 3238 ve·

1183 3263 1256 3301 terr
1287 3262 1417 3301 codice
1449 3261 1648 3310 legendum
1685 3260 1734 3296 ibi
1755 3282 1775 3303 ,-
1806 3254 1944 3301 Pristim
1970 3252 2029 3291 vel
2059 3251 2230 3353 2233?ss
