2553 3676
22 2539 27 2598 Ι

7 2603 27 2737 l

564 215 1215 284 HEROIDES.

1290 235 1322 271 E
1360 237 1404 271 P.
1479 234 1674 275 xv111‚
2112 228 2207 287 253

375 311 482 369 His
507 328 610 381 ego
635 308 671 361 fi
697 304 807 361 vidi
830 305 1157 379 mulcentem
1181 303 1396 374 pectora
1420 302 1668 362 somnum

447 379 701 436 Noctibus
719 417 734 441 ‚
772 377 934 430 insani
958 375 1017 430 fit
1040 392 1190 429 mora
1215 376 1374 447 longa
1396 377 1535 432 freti.

374 454 533 523 Rupe
554 450 739 504 sedens
762 450 933 522 aliqua
958 447 1136 520 specio
1161 460 1250 501 tua
1274 448 1429 502 litora
1455 451 1636 505 tristis:

270 545 337 592 30

446 524 527 603 Et·
543 540 652 595 quo
675 540 785 575 non
809 521 1015 594 poss'um
1039 538 1297 593 corpore,
1334 534 1516 575 mente
1540 522 1699 579 feror.

367 596 598 650 Lumina
625 595 755 668 quin
783 595 943 648 etiam
969 594 1170 648 summa
1193 593 1460 665 vigilantia
1485 608 1660 658 turre,

439 669 553 720 Aut
577 668 754 731 videt,
794 681 881 720 aut
907 667 1043 720 acies
1068 665 1240 720 nostra
1266 666 1449 721 videre
1472 680 1641 738 putat.

363 740 481 794 Ter
504 739 635 794 mihi
659 740 894 812 depofita
918 739 993 793 est
1017 739 1071 792 in
1095 738 1229 792 sicca
1255 738 1409 793 vestis
1434 742 1606 793 arena.

432 812 551 866 Ter
575 830 733 883 grave
761 812 960 866 tentavi
982 828 1200 882 carpere
1227 812 1400 864 nudus
1424 812 1541 866 iter.

259 900 322 952 35
362 884 578 939 Obstitit
602 886 828 957 inceptis
852 883 1119 938 tumidum
1140 882 1457 953 juvenilibus
1483 901 1712 958 aequor:

437 955 627 1011 Merfit
653 958 708 1011 &
733 957 958 1012 adversis
983 974 1074 1009 ora
1099 956 1323 1009 natantis
1349 955 1511 1028 aquiS.

364 1030 442 1084 At
467 1043 526 1083 tu
553 1029 622 1084 de
645 1031 866 1102 rapidis,
903 1027 1386 1083 immansuetiffime
1402 1067 1417 1091 ‚
1454 1028 1657 1091 ventis,

437 1102 587 1175 Quid
616 1121 829 1157 mecum
855 1105 1002 1158 certa
1023 1101 1224 1173 proelia
1250 1112 1432 1154 mente
1459 1100 1629 1172 geris?

358 1173 419 1228 In
443 1192 558 1239 me,
595 1176 630 1229 fi
655 1175 850 1239 nescis,
888 1175 1086 1237 Borea,
1124 1191 1235 1227 non
1260 1191 1518 1246 aequora,
1555 1172 1733 1227 saevis,

254 1265 324 1315 40

429 1247 580 1319 Quid
605 1248 833 1311 faceres,
869 1246 995 1301 effet
1019 1246 1074 1300 ni
1098 1245 1194 1299 tibi
1221 1259 1379 1300 notus
1404 1246 1586 1300 amor?

362 1319 505 1374 Tam
532 1321 736 1391 gelidus
759 1338 884 1374 cum
910 1319 997 1382 fis,
1032 1336 1142 1372 non
1165 1331 1218 1372 te
1243 1331 1446 1382 tamen,
1484 1318 1757 1392 improbe,
1794 1316 2069 1390 quondam

436 1392 648 1463 Ignibus
672 1392 884 1446 Actaeis
912 1390 1176 1446 incaluiffe
1199 1408 1373 1461 negas.

360 1463 573 1519 Gaudia
595 1478 814 1538 rapturo
838 1464 874 1519 fi
901 1465 1017 1538 quis
1043 1463 1139 1517 tibi
1164 1463 1411 1517 claudere
1436 1464 1597 1518 vellet

436 1538 632 1591 Aerios
657 1538 830 1592 aditus
851 1578 866 1602 ‚
903 1555 1013 1610 quo
1037 1548 1279 1608 paterere
1305 1535 1505 1590 modo?

255 1627 318 1676 45
356 1607 552 1672 Parce,
587 1627 810 1680 precor;
852 1610 1062 1662 facilem
1102 1626 1170 1661 116
1196 1626 1355 1662 move
1378 1608 1705 1665 moderatius
1730 1626 1926 1664 auram.

437 1679 667 1753 Imperet
692 1680 1037 1754 Hippotades
1082 1680 1252 1735 ic'tibi
1276 1680 1420 1736 triste
1443 1680 1590 1736 nihil.

76 1873 256 1916 Ausonius
274 1874 435 1923 Epistola
458 1887 509 1912 vx.
529 1874 574 1912 ad
595 1875 819 1913 Theonem:

125 1926 239 1963 Tertia
250 1925 407 1976 fiffipedes
429 1925 617 1962 renovavit
637 1931 739 1961 Luna
757 1927 945 1974 juvencosj

173 1982 216 2012 Ut
226 1978 360 2025 fugitas
381 1976 527 2024 nostram
541 2004 550 2019 ,
578 1975 686 2012 dulcis
703 1976 834 2019 amice,
864 1976 1017 2013 domum.

74 2025 133 2064 Sic
149 2030 363 2064 veterrimus
391 2027 508 2064 codex
527 2026 733 2064 Voffianus.
760 2027 899 2076 vulgo,
926 2033 1026 2063 Dum
1049 2028 1108 2072 fu-

72 2077 176 2125 gitas,
203 2078 412 2114 Hssmsxus.

122 2138 181 2173 27.
202 2127 411 2164 Mulcentem
419 2127 581 2178 perizoma]
594 2128 765 2165 Francius
775 2127 1109 2177 malebat‚tempora.

124 2187 186 2226 33.
213 2178 304 2214 Sicca
321 2178 464 2228 arena.]
487 2179 668 2217 Barberin.
686 2177 795 2215 nuda.
816 2188 856 2216 ut
877 2179 1035 2217 Metam.
1055 2191 1110 2217 iv.

75 2235 156 2274 741.
183 2239 228 2265 ex
252 2229 358 2266 MSS.
1012 2250 1013 2253 =

125 2279 423 2329 Anguiferumque
442 2289 541 2330 caput
558 2280 653 2316 nuda
674 2293 715 2315 ne
736 2279 853 2315 laedat
870 2292 988 2317 arena.

77 2327 146 2366 Sed
163 2329 245 2378 quia
257 2330 370 2366 nudus
384 2330 743 2380 sequitur,vulgatam
763 2330 993 2368 retinendam
1006 2338 1110 2379 puto.

75 2377 246 2429 JVirgilius
272 2394 301 2418 1.
324 2381 460 2430 Georg.
486 2382 570 2430 389.

152 2434 198 2466 Et
210 2429 327 2478 secum
347 2432 383 2467 in
393 2430 483 2480 ficca
495 2432 776 2482 fhlusspatiatur
794 2445 914 2468 arena.
943 2432 1088 2469 HHNS.

129 2490 186 2528 39.
214 2486 300 2527 Non,
310 2495 455 2531 aequora
468 2482 621 2531 Jacvis.]
646 2484 762 2520 Vetus
783 2483 895 2519 166110
915 2481 1030 2519 deleta
1048 2494 1112 2530 pe-

77 2529 171 2567 nitus
192 2531 228 2567 in
250 2533 446 2569 Pure-aneo.
476 2533 623 2580 Opinor
637 2561 646 2576 ‚
669 2546 726 2568 nec
748 2533 786 2569 in
810 2545 956 2583 aequora
984 2530 1085 2570 fuiffe
1096 2547 1109 2576 ς

80 2581 272 2628 quomodo
291 2583 454 2630 quinque
470 2582 599 2631 scripti.
626 2584 835 2620 Hnmsxus.

129 2642 186 2676 41.
217 2638 300 2668 Tam
328 2632 460 2680 gelidus
485 2646 561 2669 cum
583 2631 670 2682 ]ἷς.]
701 2634 804 2681 Qod
820 2631 868 2680 [ῖς
894 2633 1112 2670 Puteancus.

80 2687 121 2717 ut
150 2680 258 2730 Epist.
289 2694 385 2718 va.
416 2695 498 2738 25-1.
530 2685 634 2731 Qod
661 2683 740 2719 bene
763 2694 794 2719 te
814 2684 932 2732 jafies.
961 2685 1000 2720 &
1025 2697 1110 2719 num

26 2750 28 2760 ›
62 2738 146 2816 ’11)Ξο
173 2744 238 2767 non
258 2760 268 2778 ,
298 2742 338 2770 ut
369 2744 432 2782 per
457 2735 784 2783 interrogationem
812 2736 902 2771 haec
933 2733 1111 2771 dicantur.

27 2795 29 2800 ¹
127 2790 198 2817 em.

135 2841 194 2884 42.
222 2832 374 2880 Negas.]
401 2834 569 2872 Francius
598 2848 702 2883 neges.
729 2842 770 2872 ut
795 2834 905 2883 Epist.
934 2847 998 2872 111.
1029 2847 1108 2873 112.

85 2889 151 2928 qui
173 2879 327 2926 &priori
348 2884 449 2920 versu
462 2913 472 2927 ‚
494 2899 577 2922 num
597 2896 629 2921 te
649 2895 767 2921 tamen
783 2886 966 2933 probabat.

102 2979 107 2984 Π
134 2940 194 2977 43.
220 2930 357 2966 Gaudia
377 2936 550 2984 rapturo]
575 2937 703 2972 Laturo
723 2936 999 2973 Gronovianus.
1021 2947 1113 2985 qua-

84 2978 165 3018 hter
186 2981 340 3016 Metam.
360 2992 413 3017 xx.
433 2984 516 3028 481.

135 3029 203 3066 Ρνό
226 3035 331 3084 Venus
350 3057 359 3072 ,
386 3042 428 3068 &⁹
447 3042 560 3070 tenera
575 3035 711 3073 volucer
731 3051 810 3074 cum
828 3046 940 3074 matre
958 3036 1110 3086 Cupido,

136 3079 275 3115 Gaudla
298 3090 430 3128 quanta
450 3082 541 3118 tuli!
574 3093 580 3099 ·

88 3128 219 3168 Amor.
238 3131 296 3166 lib.
326 3142 379 3166 11.
402 3131 455 3166 El.
480 3144 558 3168 111.
581 3144 624 3170 ex
645 3138 759 3174 veteri
777 3138 892 3175 libro:

88 3186 271 3270 ElMutua
291 3193 348 3216 nec
369 3181 498 3216 Veneris
510 3182 639 3230 gaudia
650 3186 740 3229 ferre
751 3197 854 3236 potes„

136 3241 154 3266 e
183 3261 186 3265 .
213 3243 268 3266 ix.

140 3242 305 3330 {orando
323 3290 407 3319 certe
419 3281 550 3332 gaudia
571 3294 698 3332 magna
707 3284 836 3333 feram,

2054 1750 2211 1807 Vana

1167 1878 1277 1917 Rem.
1301 1879 1389 1917 Am.
1410 1891 1491 1926 522.

1217 1930 1380 1967 Protinus
1399 1944 1440 1967 ex
1450 1929 1557 1978 facili
1570 1929 1702 1979 gaudia
1717 1929 1812 1977 serre
1833 1928 1925 1968 lice&¹

1165 1979 1214 2017 Et
1234 1992 1347 2025 mox,
1377 1981 1462 2026 778.

1217 2030 1322 2066 Illam
1341 2031 1524 2078 Plisthenio
1540 2031 1672 2079 gaudia
1683 2033 1779 2078 serre
1798 2029 1905 2067 thoro.

1165 2080 1308 2127 Quibus
1344 2082 1434 2119 locis
1467 2081 1599 2130 gaudia
1629 2093 1696 2130 pro
1732 2093 1770 2118 re
1803 2082 1974 2118 Venerea
2004 2078 2208 2117 sumuntur.

1164 2131 1361 2178 quomodo
1379 2132 1504 2180 paffim
1526 2132 1622 2181 apud
1648 2131 1826 2170 Nostrum
1846 2131 2021 2180 aliosque.
2049 2130 2210 2178 Epistola

1165 2180 1297 2218 Paridis
1311 2210 1320 2225 ‚
1350 2193 1434 2230 317.

1219 2237 1261 2267 Te
1279 2231 1389 2277 mihi,
1418 2246 1536 2282 meque
1555 2231 1619 2269 tibi
1639 2232 1836 2270 communia
1853 2230 1985 2282 gaudia
1998 2230 2164 2279 jungant.

1166 2280 1212 2319 Et
1232 2282 1292 2319 lib.
1316 2295 1345 2320 1.
1367 2283 1447 2320 Art.
1467 2284 1594 2320 Amat.
1615 2284 1699 2328 481.

1380 2339 1472 2370 Cum
1494 2347 1558 2383 quo
1572 2333 1641 2381 sua
1656 2334 1788 2382 gaudia
1799 2334 1951 2384 jungat,

1218 2384 1360 2419 Invenit
1379 2384 1416 2420 in
1436 2384 1549 2420 media
1562 2385 1718 2430 foemina
1731 2386 1830 2434 piscis
1846 2383 1955 2435 aqud.

1167 2434 1322 2471 Rutilius
1352 2443 1478 2471 tamen
1510 2434 1700 2472 Itinerario
1723 2463 1734 2480 ,
1768 2436 1952 2484 vulgatam
1979 2439 2100 2470 tuetur
2120 2458 2130 2475 ,
2159 2429 2206 2468 de

1165 2485 1282 2531 Jove,
1310 2497 1345 2521 v.
1371 2485 1455 2522 261.

1217 2534 1345 2583 §Malis
1362 2534 1530 2582 Agenorei
1547 2544 1708 2583 rapturus
1722 2534 1852 2581 gaudia
1862 2532 1960 2579 furti

1270 2591 1336 2621 Per
1346 2586 1443 2632 freta
1462 2584 1657 2632 virgineum
1671 2583 1879 2632 sollicitavit
1895 2595 1989 2618 onus.

1167 2635 1314 2673 Deinde
1340 2647 1407 2684 pro
1438 2634 1591 2671 claudere
1616 2634 1723 2669 aerios
1744 2634 1883 2676 aditus,
1910 2641 2051 2670 veteres
2069 2628 2207 2667 editio·
2287 2678 2290 2679 ⁷

1166 2698 1229 2723 nes
1243 2715 1252 2729 ‚
1267 2695 1428 2735 rumpere.
1451 2685 1497 2722 fic
1522 2687 1598 2722 Art.
1620 2685 1708 2721 Am.
1726 2684 1786 2721 lib.
1802 2696 1832 2722 1.
1852 2695 1935 2731 32-9.
1954 2689 2034 2719 Non
2051 2680 2206 2719 medium

1169 2736 1299 2786 rupisset
1319 2737 1393 2772 iter.
1414 2737 1451 2772 ὃ(
1473 2736 1532 2772 lib.
1554 2747 1609 2773 11.
1635 2748 1690 2782 54.
1922 2782 1928 2788 ·

1220 2790 1304 2835 <glun
1325 2787 1422 2830 licet,
1450 2787 1604 2822 inventis
1622 2789 1704 2821 a'c'ra
1724 2792 1840 2834 rumpe
1862 2796 1955 2821 mets.

1168 2850 1247 2875 111.
1272 2839 1403 2874 Amor.
1426 2849 1485 2873 vr.
1508 2836 1566 2872 88.

1217 2888 1317 2935 {Qud
1337 2897 1482 2936 coeptum
1503 2886 1619 2933 rustice
1638 2884 1768 2935 rumpis
1786 2884 1862 2922 iter.

1168 2937 1238 2974 Sed
1259 2939 1401 2986 vulgata
1422 2938 1530 2974 etiam
1554 2938 1665 2985 proba
1689 2937 1748 2973 611.
1766 2935 1875 2983 Epist.
1899 2947 1976 2972 iux.
2000 2946 2078 2981 140,

1218 2988 1400 3035 Afficetum
1424 2987 1516 3023 nobis
1536 2986 1673 3024 turbine
1690 2986 1822 3022 claudis
1840 2987 1915 3023 iter.

1167 3039 1323 3075 Metam.
1347 3051 1438 3075 vm.
1460 3050 1541 3086 549.

1219 3087 1353 3137 Claufit
1370 3090 1434 3125 iter
1449 3089 1598 3138 fecitque
1617 3100 1730 3124 moras
1747 3086 1917 3123 Achelous
1938 3082 2034 3121 eunti

1226 3140 1334 3175 Imbre
1351 3149 1497 3176 tumens.

1169 3191 1299 3237 Virgil.
1319 3190 1380 3226 lib.
1403 3203 1431 3227 1.
1453 3190 1508 3234 y'ls.
1527 3200 1609 3237 233.
2073 3231 2079 3236 ·

1222 3241 1376 3275 Canobus
1397 3240 1435 3276 ob
1459 3240 1603 3278 italiam
1622 3249 1795 3277 terrarum
1817 3234 1988 3273 clauditur
2008 3230 2106 3269 orbis,

1169 3290 1380 3329 Hamus.

2043 3344 2102 3382 44·
2129 3332 2204 3370 Αἲ-
