2553 3676
286 228 386 283 686
781 208 1336 274 P.oV1D11

1409 203 1941 266 NASONIS

582 305 735 381 Quid
757 307 931 361 minus
954 297 1346 359 Andromedae
1382 296 1557 353 fuerat
1581 294 1790 369 sperare
1817 292 2084 353 revinciae
2098 335 2116 361 ‚

444 399 548 454 430
660 381 842 452 Quam
867 377 1108 433 lacrimas
1130 373 1223 429 ulli
1243 370 1390 445 poffe
1414 370 1624 444 placere
1646 369 1791 424 suas?

584 454 796 509 Funere
819 452 972 525 saepe
994 450 1094 506 viri
1115 448 1196 503 vir
1210 444 1496 520 quaeritur.
1531 441 1622 496 iffe
1645 443 1826 499 solutis

660 524 940 590 Crinibus,
978 524 1034 579 δε
1061 522 1222 577 fletus
1250 535 1362 572 non
1387 514 1636 578 tenuiss'e‚
1675 516 1853 572 decet.

592 598 701 655 Sed
724 600 890 655 vitate
914 599 1057 654 viros
1082 596 1287 649 cultum
1310 589 1648 659 formamque
1672 589 1960 660 p1·ofeffos;

669 673 890 746 Quique
913 673 1025 727 suas
1049 676 1258 740 ponunt
1285 663 1342 716 in
1367 660 1590 715 statione
1614 678 1810 716 comas.

445 763 546 822 435
589 747 744 820 Quae
767 747 918 801 vobis
944 744 1132 797 dicunt
1157 780 1172 803 ‚
1210 737 1464 791 dixerunt
1487 732 1632 787 mille
1654 736 1857 806 puellis,

669 819 856 882 Errat,
895 823 947 870 &
974 817 1030 870 in
1053 814 1194 868 nulla
1218 808 1344 865 sede
1369 821 1611 863 moratur
1636 825 1803 863 amor.

596 893 816 949 Femina
840 890 974 964 quid
996 888 1181 951 faciat,
1218 901 1343 938 cum
1373 881 1433 936 fit
1462 880 1543 935 vir
1568 880 1739 935 levior
1764 882 1908 953 ipsa3

604 1020 608 1022 γ
670 964 910 1020 Forsitan
936 963 988 1017 ἃ
1017 962 1193 1035 plures
1217 955 1377 1029 poffit
1405 953 1603 1009 habere
1629 954 1804 1019 viros?

595 1039 649 1096 V
655 1039 712 1094 ix
735 1038 865 1093 mihi
893 1035 1155 1097 credetis;
1197 1030 1289 1087 sed
1315 1028 1520 1084 credite
1547 1046 1558 1081 :
1600 1026 1773 1100 Troja
1797 1042 2069 1095 maneret,

450 1133 556 1186 440

670 1111 979 1183 Praeceptis
1007 1107 1204 1163 Priami
1231 1103 1269 1158 si
1291 1102 1436 1157 foret
1460 1102 1547 1155 usa
1573 1099 1664 1155 sui.

597 1185 732 1240 Sunt
757 1185 850 1257 qui
874 1181 1122 1237 mendaci
1144 1177 1320 1252 specie
1353 1174 1647 1247 grafl‘entur
1677 1175 1902 1240 amoriS,

668 1258 882 1331 Perque
908 1255 1082 1310 aditus
1106 1255 1233 1309 tales
1257 1251 1403 1306 lucra
1427 1246 1681 1322 pudenda
1706 1261 1910 1322 petant.

352 1461 441 1501 429.
467 1449 567 1500 §Quid
587 1448 704 1486 minus
715 1447 937 1485 Andromede
955 1445 1068 1498 potuit
1087 1447 1218 1496 sperare
1238 1441 1360 1481 revin-

305 1503 404 1554 δέω]
438 1503 477 1540 In
498 1501 702 1546 veteribus,
731 1500 830 1548 {Qid
842 1501 958 1537 minus
977 1496 1225 1536 Andromedae
1235 1497 1361 1542 fuerat

300 1554 435 1605 sperare
472 1552 657 1590 revinaae.
706 1551 805 1589 recte
846 1559 1059 1599 utrumque.
1102 1549 1360 1602 NAUGERiUS.

305 1604 554 1643 Andromedae
563 1604 688 1648 fuerat
700 1603 832 1654 sperare
848 1601 1115 1650 revinciaelege
1135 1611 1221 1637 cum
1242 1608 1361 1648 prima

305 1656 495 1700 editione,
525 1655 563 1692 &
584 1654 789 1704 potioribus
810 1653 955 1702 scriptis.
983 1651 1050 1690 nifi
1073 1650 1178 1701 quod
1197 1652 1235 1688 in
1262 1660 1362 1686 non-

306 1707 414 1745 nullis
435 1718 566 1743 eorum
582 1734 592 1750 ,
620 1705 756 1743 relictae
782 1706 820 1742 &
848 1705 1011 1742 revictae.
1047 1703 1184 1752 Regius
1211 1710 1360 1743 tamen,

306 1759 495 1795 revinaae.
524 1757 698 1795 Diximus
717 1756 762 1794 de
783 1757 962 1795 hocloco
983 1755 1086 1804 supra
1107 1753 1216 1791 Notis
1236 1752 1283 1790 ad
1299 1751 1360 1791 lib.

306 1822 352 1848 11.
362 1808 422 1848 iis.
441 1807 501 1846 28.
531 1808 773 1846 Germanicus
794 1808 831 1846 in
855 1808 1001 1846 Arateis
1020 1805 1066 1844 de
1086 1804 1301 1853 Calliopea:

357 1871 413 1909 sic
433 1871 546 1908 tendit
560 1870 701 1920 palmas
716 1899 726 1916 ‚
752 1883 808 1906 ceu
818 1868 867 1919 fit
884 1871 1072 1921 plancium
1093 1867 1252 1905 relictam

361 1922 615 1962 Andromeden
635 1922 779 1960 meritae
802 1935 870 1959 non
881 1921 974 1972 justa
990 1920 1130 1971 piacula
1151 1917 1289 1956 matris.

309 1984 391 2023 Ubi
410 1983 608 2021 revinctam
626 1981 791 2022 fimiliter
808 1992 899 2033 puto
920 1983 1162 2021 scribendum.
1215 1982 1364 2022 Hems.

304 2035 365 2075 Ex
389 2035 549 2073 Manilio
570 2043 694 2072 autem
716 2034 776 2074 lib.
801 2048 831 2075 1.
863 2046 946 2086 355.
976 2043 1129 2085 utraque
1156 2034 1271 2073 lec'tio
1299 2032 1366 2071 de-

311 2085 418 2127 fendi
435 2086 577 2136 potest:

869 2147 1064 2199 Juxtaque
1082 2148 1242 2185 relictam

355 2197 630 2239 Mndromedam
659 2198 771 2246 vastos
790 2209 998 2237 metaentem
1014 2200 1112 2249 piscis
1130 2199 1251 2236 hiatus
1272 2225 1284 2242 ‚

363 2248 565 2302 Expositum
580 2259 684 2300 ponto
707 2249 828 2301 deflet,
849 2250 1060 2302 scopulisque
1080 2251 1291 2288 revinctam.

310 2311 370 2350 Ita
402 2313 503 2350 enirn
528 2312 660 2350 melius
687 2313 823 2351 ultimo
857 2313 959 2351 versu
974 2342 984 2358 ‚
1021 2326 1135 2363 quam
1157 2321 1197 2352 ut
1218 2313 1269 2351 bis
1289 2310 1370 2349 reli-

314 2365 410 2401 ffam
422 2371 621 2413 repetatur,
640 2371 681 2402 ut
702 2364 818 2402 edidit
839 2365 1074 2413 egregiusille
1085 2366 1260 2414 interpres
1273 2364 1370 2401 Poe'-

311 2422 372 2503 ἷξε
386 2443 396 2460 ,
419 2427 535 2465 quem
555 2415 713 2453 minime
732 2415 931 2460 intellexit,
954 2415 1214 2455 Baccalaureus
1238 2415 1371 2465 Fayus.

350 2479 583 2504 URMANNUS.

367 2529 452 2567 43¹·
496 2523 549 2554 Ire
575 2515 745 2567 falmin]
794 2517 852 2567 Iffie
882 2516 1000 2567 scripti
1033 2529 1170 2567 magno
1199 2527 1373 2555 numero.

316 2569 533 2607 Huiusms.

368 2632 452 2669 437.
481 2619 627 2657 Femina
655 2619 741 2669 quid
765 2617 914 2669 faciet.]
953 2619 1074 2656 Faciat
1097 2647 1107 2663 ,
1157 2616 1257 2669 &fit
1287 2617 1376 2663 vir,

319 2681 387 2717 pro
416 2671 476 2707 vir
496 2669 547 2719 fit
577 2671 698 2720 scripti
728 2671 894 2721 plerique
924 2683 1010 2709 cuin
1041 2671 1159 2719 prima
1197 2670 1378 2709 editione.

322 2720 538 2759 Haustus.

374 2784 458 2827 440.
485 2773 675 2823 Praeceptis
697 2772 835 2811 Priami
847 2771 882 2823 si
892 2773 987 2820 foret
1006 2770 1066 2821 usa
1076 2771 1208 2822 senis.]
1238 2772 1380 2810 Priame

324 2831 396 2858 tuis
413 2823 530 2870 prima
555 2824 693 2868 editio,
720 2826 882 2874 Regius,
918 2826 957 2863 δε
991 2825 1199 2873 complures
1218 2824 1290 2862 alii.
1317 2823 1379 2861 sed

324 2872 464 2910 Priami
481 2874 539 2921 sui
557 2885 685 2912 verum
705 2876 773 2920 est,
802 2875 908 2925 quod
925 2876 1064 2925 septem
1077 2884 1139 2913 aut
1160 2874 1249 2913 octo
1273 2883 1381 2913 vete·

323 2935 379 2962 res
399 2923 612 2973 agnoscunt.
666 2925 782 2964 lor-zm.

379 2987 464 3021 441.
493 2973 701 3022 Graffizntur
721 2977 879 3027 amorin]
891 2977 1092 3027 Graffentur
1110 2977 1282 3016 meliores
1293 2987 1379 3014 cum

327 3024 448 3075 prima
464 3025 642 3063 editione.
671 3027 836 3075 &petant
847 3028 1137 3078 sequentiversu.
1163 3030 1380 3066 Hmnsxus.

328 3076 486 3127 Graffari
506 3088 572 3125 pro
591 3076 725 3114 adulari
743 3078 902 3125 pofitum
925 3078 1111 3116 videretur
1130 3080 1280 3127 antique
1293 3077 1379 3123 ,nisi

326 3127 574 3176 praecederet.
599 3127 760 3165 DouzA.
787 3128 859 3166 vid.
881 3129 1055 3166 Lambin.
1082 3129 1126 3167 ad
1157 3130 1291 3167 Horat.
1317 3128 1379 3166 lib.

329 3191 378 3218 ιι.
400 3179 472 3218 Sat.
492 3178 550 3222 3213.
568 3189 629 3228 93.
657 3180 839 3216 Mendacis
864 3180 1052 3218 Leidensis
1071 3181 1108 3217 δε
1129 3188 1200 3218 tres
1218 3181 1291 3219 alii.

381 3242 467 3280 443.
484 3236 556 3267 Nec
569 3242 664 3267 coma
686 3244 746 3268 vos
749 3230 859 3276 fallat
871 3231 1006 3282 liquida
1016 3229 1221 3278 nitidiffima
1234 3229 1375 3281 nardo]

329 3281 421 3319 Hoc
441 3281 512 3326 est,
541 3290 735 3330 unguento
752 3282 928 3327 nardino,
969 3282 1042 3320 five
1063 3283 1134 3331 ipsa
1162 3282 1293 3321 nardus
1320 3284 1378 3320 fo-

328 3331 436 3380 liata,
460 3332 534 3373 five
556 3333 687 3383 spicata
706 3334 840 3389 tuerit:v
866 3334 919 3375 his
933 3334 1032 3375 enim
1050 3334 1265 3375 nominibus
1282 3333 1380 3384 apud

2349 1321 2465 1379 Nec

1413 1439 1576 1478 Plinium
1597 1438 1837 1488 distinguitur.
1874 1435 1994 1487 Quod
2022 1443 2148 1476 autem
2177 1437 2325 1477 Merula
2345 1437 2467 1485 addit,
2499 1471 2503 1475 ,

1415 1502 1480 1540 per
1504 1490 1636 1540 spicam
1668 1489 1825 1538 Ciliffam
1855 1490 1893 1527 in
1926 1488 2033 1526 Fastis
2062 1489 2219 1528 eandem
2240 1489 2396 1528 nardum
2415 1491 2470 1528 in·

1415 1541 1653 1590 telligendam
1674 1540 1744 1578 effe
1759 1569 1769 1585 ,
1797 1540 1835 1578 id
1853 1540 2008 1578 fallitur:
2036 1551 2159 1598 neque
2181 1542 2283 1579 enim
2304 1541 2354 1579 ibi
2374 1541 2475 1579 Po'e‘-

1415 1601 1452 1631 ta
1474 1592 1520 1631 de
1540 1592 1655 1631 nardo
1670 1620 1680 1636 ,
1706 1591 1767 1629 sed
1788 1590 1834 1629 de
1851 1603 1964 1629 croco
1979 1619 1989 1636 ,
2018 1603 2083 1642 qui
2104 1593 2268 1639 optimus
2285 1593 2323 1630 in
2344 1592 2475 1630 Cilicia
2541 1588 2544 1592 ’

1415 1642 1651 1689 nascebatur,
1678 1642 1854 1693 loquitur.
1881 1641 1927 1681 de
1954 1653 2028 1692 qua
2055 1654 2093 1680 re
2121 1644 2186 1680 suo
2204 1643 2293 1681 loco
2320 1642 2476 1682 dicetur.
2524 1663 2525 1667 =

1417 1696 1653 1734 M1crttus.³
1690 1694 1838 1745 Liquido
1865 1693 1976 1731 nardo
1996 1721 2007 1739 ‚
2043 1693 2174 1742 viginti
2201 1702 2272 1732 tres
2301 1693 2475 1739 codices,

1419 1748 1523 1786 Acro
1546 1746 1591 1785 ad
1609 1747 1744 1784 Horat.
1780 1757 1826 1784 11.
1855 1744 1933 1783 Od.
1966 1757 2012 1782 11.
2048 1745 2256 1784 notandum
2291 1742 2362 1783 effe
2388 1744 2477 1783 dicit

1420 1798 1525 1849 quod
1541 1798 1727 1836 feminino
1748 1808 1884 1847 genere
1904 1795 2038 1835 dixerit
2067 1794 2213 1846 Affyria
2240 1795 2370 1834 nardo.
2400 1795 2476 1835 vid.

1420 1850 1467 1888 ad
1486 1862 1520 1888 Χ.
1545 1851 1637 1888 Met.
1659 1848 1744 1900 308.
1771 1856 1932 1900 quatuor
1950 1848 2063 1886 etiam
2093 1847 2263 1894 codices,
2301 1846 2413 1885 nitido
2433 1845 2494 1885 lia

1421 1899 1618 1952 quidiffima
1647 1900 1769 1938 nardo.
1823 1899 1954 1938 BURM.

1471 1965 1556 2000 444.
1595 1959 1666 1990 Nec
1705 1950 1820 1989 brevis
1847 1950 1886 1988 in
1917 1963 2021 1999 rugas
2058 1949 2196 2000 cingula
2224 1950 2328 2000 preffa
2349 1947 2475 2000 suas.]

1419 2003 1612 2053 Cingulum
1633 2003 1773 2041 brevem
1793 2003 1854 2041 hic
1874 2009 2091 2052 exponunt,
2106 2013 2202 2052 quae
2214 2003 2353 2040 vestem
2363 2001 2476 2050 ipsam

1419 2055 1518 2093 arete
1549 2055 1739 2104 astringat,
1777 2053 1971 2104 pluresque
2000 2064 2104 2102 rugas
2132 2052 2208 2091 five
2228 2053 2338 2102 plicas
2358 2053 2480 2091 faciat.

1419 2114 1462 2145 ut
1482 2105 1524 2144 fit
1542 2106 1680 2155 cingula
1693 2134 1704 2151 ,
1719 2107 1822 2155 'quae
1843 2105 1929 2143 alias
1950 2116 2135 2154 equorum
2156 2115 2201 2142 ac
2217 2104 2480 2154 jumentorum
2513 2116 2515 2120 ⁴

1421 2158 1569 2207 proprie
1591 2157 1663 2202 est,
1690 2168 1758 2206 pro
1782 2156 1914 2206 cingulo
1935 2154 2011 2194 five
2034 2155 2160 2194 cineta
2179 2154 2308 2205 pofita.
2345 2155 2481 2193 Solitos

1421 2217 1548 2247 autem
1569 2209 1666 2258 cingi
1694 2209 1890 2246 Romanos
1923 2215 2088 2252 veteres,
2125 2214 2349 2257 argumento
2368 2206 2480 2245 etiam
2513 2214 2515 2218 ⁴

1423 2260 1472 2298 est
1491 2260 1632 2298 dictum
1652 2259 1742 2298 illud
1760 2259 1880 2309 Syllae
1912 2258 1959 2297 de
1992 2257 2168 2302 Caesare,
2195 2258 2358 2296 Puerum
2385 2257 2482 2295 male

1425 2310 1678 2360 praecinctum
1699 2310 1907 2349 cavendum
1938 2308 2020 2347 effe.
2056 2310 2285 2347 Mrcrttus.
2324 2309 2483 2358 Scaliger
2525 2353 2539 2358 Α,

1426 2361 1561 2411 lingula
1576 2362 1731 2411 legebat.
1769 2361 1887 2410 Quod
1908 2359 2105 2398 confirmat
2133 2361 2333 2405 Gruterus,
2369 2361 2434 2410 qui
2461 2358 2483 2397 ὲ

1426 2413 1492 2452 suo
1516 2412 1646 2451 codice
1664 2411 1773 2461 ligula
1796 2411 1956 2450 adducit.
1984 2411 2033 2449 Et
2055 2410 2076 2448 ὲ
2095 2409 2206 2460 gloffa
2221 2439 2232 2456 ,
2259 2423 2357 2460 quae
2378 2411 2484 2449 vide-

1427 2474 1487 2502 tur
1504 2464 1571 2502 alia
1592 2462 1696 2502 fuiffe
1716 2463 1830 2501 lestio
1853 2491 1864 2508 ‚
1891 2463 2049 2512 impexas
2078 2461 2214 2511 lingula
2239 2474 2331 2499 nexa
2361 2475 2498 2501 comas..

1428 2516 1536 2554 DAN.
1566 2516 1780 2553 H1-21NsruS.
1807 2515 1865 2552 Sic
1887 2514 1926 2552 &
1949 2511 2108 2551 Remed.
2127 2514 2262 2551 Amor.
2281 2513 2368 2562 236.

1483 2573 1527 2603 Ut
1549 2580 1642 2603 nova
1662 2566 1809 2604 velocem
1828 2563 1967 2615 cingula
1986 2563 2106 2601 laedat
2125 2577 2266 2614 equum.

1432 2619 1572 2667 Regius
1603 2626 1730 2656 tamen
1763 2629 1847 2655 cum
1879 2616 1956 2654 aliis
1987 2615 2175 2653 nonnullis
2203 2613 2336 2663 lingula
2367 2614 2491 2656 habet.⁴

1432 2670 1515 2713 alii,
1542 2668 1664 2718 ligula.
1695 2669 1870 2717 Intelligit
1887 2667 2033 2706 fasciam
2046 2695 2056 2712 ‚
2069 2664 2141 2716 qua
2160 2666 2372 2715 cingebatur
2389 2674 2487 2716 toga.

1433 2722 1545 2759 Certe
1574 2721 1684 2758 nimis
1717 2719 1871 2769 operosa
1908 2730 1951 2756 ac
1985 2717 2131 2754 morosa
2168 2727 2278 2765 togae
2315 2717 2487 2757 structura

1434 2772 1634 2810 mollitiem
1662 2771 1852 2821 prodebat.
1890 2768 1994 2818 quod
2021 2769 2059 2805 &
2090 2769 2128 2805 in
2157 2767 2362 2806 Hortensio
2381 2777 2488 2808 nota-

1434 2831 1518 2861 runt
1538 2832 1693 2861 veteres.
1721 2823 1932 2861 Heiuslus.
1961 2818 2048 2856 Vid.
2068 2819 2275 2857 Ferrarium
2294 2820 2486 2859 lib.111.de

1435 2876 1492 2912 Re
1515 2874 1613 2912 Vest.
1637 2885 1761 2922 cap.7.
1782 2873 1846 2922 qui
1861 2901 1872 2916 ,
1899 2880 2041 2920 praeter
2054 2870 2262 2915 Ovidium,
2292 2873 2486 2910 neminem

1436 2924 1612 2975 cingulum
1631 2922 1758 2964 dixiffe
1776 2931 1894 2962 notat.
1916 2922 2061 2960 Servius
2080 2921 2125 2958 ad
2144 2921 2487 2971 Virg.1x.Aene'1d.

1437 2978 1522 3027 360.
1550 2985 1655 3014 notat
1668 2976 1844 3025 cingulum
1856 2974 2055 3011 hominum
2067 2974 2210 3022 generis
2227 2975 2389 3013 neutrius
2402 2972 2485 3019 effe,

1434 3029 1651 3065 animalium
1683 3038 1773 3064 vero
1800 3025 1985 3063 feminino
2016 3035 2153 3073 genere
2177 3023 2281 3069 dici,
2318 3024 2383 3062 has
2415 3025 2486 3063 cin-

1430 3078 1544 3126 gulas.
1572 3078 1703 3116 BunM.

1483 3130 1569 3175 446.
1598 3128 1705 3165 Alter
1723 3138 1766 3167 <a
1786 3125 1906 3178 alten]
1920 3132 2015 3164 Unus
2031 3126 2175 3167 &alter
2194 3126 2284 3165 octo
2306 3125 2398 3165 libri.
2411 3124 2485 3166 vid.

1433 3191 1478 3217 11.
1510 3181 1643 3218 Amor.
1663 3191 1697 3217 v.
1718 3192 1777 3217 22.

1467 3243 1511 3280 45
1520 3243 1551 3269 2.
1564 3230 1703 3282 Laeta]
1718 3237 1828 3267 Lenta
1840 3229 1972 3268 Codex
1984 3228 2132 3279 Regius.
2143 3229 2295 3268 aereae.
2306 3229 2381 3268 vid.
2390 3239 2484 3278 quae

1433 3292 1607 3321 notamus
1626 3282 1671 3320 ad
1694 3283 1802 3332 Epist.
1822 3294 1899 3318 x1x.
1918 3281 1977 3324 Jl's.
1995 3280 2054 3318 82.
2082 3282 2122 3318 &
2141 3280 2387 3330 Epist.xv.>es.
2400 3281 2484 3328 169.

1435 3334 1526 3374 Hoc
1546 3335 1721 3384 primum.
1749 3333 1885 3374 deinde
1903 3333 1942 3372 in
1957 3331 2146 3372 nonnullis
2164 3333 2263 3379 aliis,
2284 3330 2390 3368 vides.
2411 3330 2482 3384 *qui

2370 3386 2483 3419 cuam
