2553 3676
610 160 1146 244 AMORUM
1220 186 1535 245 L113111.
1615 204 1695 262 ης

349 276 560 339 Dicite,
596 275 711 346 quis
735 271 943 325 Tereus
961 305 977 330 ,
1013 270 1130 341 quis
1155 288 1249 325 vos
1272 272 1444 328 irritet
1472 273 1623 331 Iason

422 347 611 417 Figere
633 342 851 396 sollicita
875 359 1101 413 corpora
1122 343 1289 396 vestra
1311 348 1503 400 manu?

242 434 307 485 3)-
346 417 476 472 Hoc
501 431 675 486 neque
699 413 754 466 in
778 414 1045 467 Armeniis
1072 413 1234 485 tigres
1258 414 1438 471 fecere
1460 419 1697 475 latebris:

417 485 650 540 Perdere
674 503 773 539 nec
799 485 973 539 foetus
997 485 1113 540 ausa
1135 487 1315 540 leaena
1336 488 1470 542 suos.

344 560 421 613 At
449 571 660 611 tenerae
684 558 911 621 faciunt,
945 557 1036 612 sed
1062 576 1172 612 non
1192 559 1440 631 impune,
1475 562 1693 631 puellae,

417 628 610 700 Saepe,
649 630 767 683 suos
792 644 948 684 utero
973 649 1106 703 quae
1132 644 1314 695 necat,
1349 633 1454 704 ipsa
1477 633 1632 702 perit.

342 699 450 773 Ipsa
472 702 639 772 perit,
676 702 952 774 ferturque
977 716 1099 756 toro
1124 704 1350 758 resoluta
1376 705 1620 776 capillos:

403 772 481 827 Et
511 775 763 838 clamant,
798 774 1035 838 MeritO,
1073 776 1164 847 qui
1188 777 1362 830 modo>
1381 794 1613 849 cumque
1637 775 1841 834 Vident.

337 843 431 898 Ista
452 845 543 899 sed
573 847 840 901 aethereas
868 847 1145 901 vanescant
1170 847 1308 901 dista
1335 865 1431 919 per
1457 866 1657 918 aurastg

410 917 482 970 Et
510 918 607 972 fint
633 918 896 973 ominibus
921 918 1161 990 pondera
1186 921 1323 973 nulla
1348 921 1496 973 meis,

331 987 409 1044 Di
435 989 611 1044 faciles
628 1030 642 1054 ,
677 990 912 1062 peccasse
940 991 1101 1045 semel
1125 992 1411 1046 concedite
1436 1004 1583 1045 tuto:

411 1059 472 1115 Id
495 1062 611 1118 satis
637 1064 724 1119 est.
763 1081 994 1137 poenam
1018 1064 1170 1137 culpa
1194 1064 1423 1120 secunda
1446 1064 1598 1119 ferat,

230 790 299 840 40

1936 1135 2186 1196 ELEs

23 1329 28 1333 -
51 1278 182 1317 Noster
198 1280 356 1320 Metam.
374 1294 430 1322 1x.
451 1287 535 1332 5022
1193 1300 1253 1339 43.
1281 1289 1461 1327 Concedite
1487 1287 1610 1339 tut0.]
1651 1293 1760 1326 Tutae
1788 1287 1995 1328 Puteaneus
2024 1301 2044 1327 a
2070 1301 2189 1329 manu-

397 1363 498 1374 ·—
507 1350 656 1398 Toroque

101 1398 244 1429 Alortua
262 1403 449 1444 componar.

49 1451 98 1491 Et
115 1452 174 1491 lib.
196 1464 249 1492 v1.
268 1454 351 1493 288.

257 1516 406 1554 Stabant
425 1531 503 1556 cum
524 1519 671 1568 vestibus
687 1520 774 1558 atris

148 1570 248 1602 Ante
265 1576 350 1603 toros
360 1569 535 1615 fratrum.

47 1625 136 1664 Fast.
156 1638 211 1662 vr.
229 1626 313 1665 668.

96 1686 204 1723 Ducit
215 1688 386 1736 supremos
405 1690 531 1727 naenia
550 1690 650 1728 nulla
670 1701 769 1730 toros.

48 1748 93 1787 In
115 1756 274 1785 mortem
297 1749 404 1787 Drusi
418 1778 428 1794 ,
457 1763 540 1799 254.

28 1835 31 1837 Α
97 1807 257 1844 Flamma
275 1820 368 1847 errat
384 1810 486 1861 pofito
507 1813 602 1850 lenta
614 1813 730 1861 subire
748 1816 832 1853 t0r0.‘

46 1869 94 1909 Et
113 1883 203 1909 mox
225 1874 310 1921 316.

96 1935 276 1984 Qemque
284 1944 421 1985 premat
433 1934 509 1986 sine
528 1946 562 1974 te
572 1936 742 1985 sternitur
759 1950 829 1976 ecce
849 1946 932 1975 toro,

47 1994 155 2035 Pont.
180 2009 210 2035 1.
229 1997 330 2047 Eieg.
351 2011 440 2037 vm.

98 2058 168 2095 Cui
186 2072 243 2095 nos
263 2072 306 2099 φ’
324 2060 495 2111 lacrymas
508 2064 709 2113 fispremum
728 2063 767 2100 in
788 2077 926 2100 munere
937 2064 1076 2111 sunus,

149 2113 197 2145 Et
217 2110 373 2148 dedimus
394 2113 502 2150 medio
511 2114 643 2164 firipta
662 2114 815 2151 canenda
837 2124 920 2153 toro.

0 2205 1 2224 ἦ
48 2171 104 2210 Ita
125 2171 250 2210 scribo.
276 2175 374 2212 hunc
396 2185 509 2212 torum
537 2178 651 2213 etiam
674 2177 798 2213 lectum
821 2177 1013 2215 vocabant.
1041 2176 1087 2214 de

50 2232 126 2271 quo
153 2222 277 2271 Elegia
310 2225 346 2261 in
374 2233 536 2263 mortem
566 2226 674 2265 Drufi
712 2227 860 2266 dicetur,
896 2228 988 2273 ferri
1018 2239 1085 2276 pro

0 2301 1 2309 ,
51 2270 169 2320 efferri.
188 2273 267 2311 Art.
288 2275 373 2312 Am.
395 2289 456 2314 xix.
474 2289 534 2314 zo.

99 2342 230 2387 Proque
247 2337 319 2374 viri
337 2338 381 2386 est
397 2353 483 2377 uxor
493 2341 620 2387 funere
639 2340 716 2377 lata
725 2342 795 2390 sui.

52 2396 151 2436 Hinc
161 2397 251 2444 ferri
268 2399 306 2435 in
325 2399 497 2448 exequias.
513 2400 603 2439 Fast.
622 2414 666 2439 11.
686 2402 768 2449 847.
917 2449 920 2452 ῃ

105 2464 224 2494 Fertur
240 2458 277 2494 in
295 2458 453 2508 exequias
473 2460 586 2496 animi
609 2470 771 2497 matrona
793 2463 920 2501 virilis.

3 2525 6 2534 ’
53 2520 129 2557 Ubi
158 2520 279 2558 frustra
310 2533 461 2570 magnus
492 2522 647 2570 Scaliger
671 2551 682 2567 ,
716 2527 875 2574 exequias
892 2528 1011 2573 fertur
1029 2540 1087 2566 re-

57 2571 143 2620 poni
164 2571 339 2619 cupiebat.
366 2573 577 2609 Hnmsms.

105 2632 162 2666 40.
189 2625 234 2656 Et
256 2622 386 2658 merito.
408 2621 423 2670 ]
464 2622 630 2667 Scilicet,
657 2623 719 2670 ista
740 2625 843 2673 periit
862 2643 873 2662 .·
911 2627 958 2664 est
982 2629 1084 2666 enim

54 2681 129 2707 vox
156 2671 403 2708 clamantium.
431 2672 472 2709 In
497 2673 733 2711 vetustissimis
753 2683 878 2713 tamen
900 2677 1085 2717 codicibus

53 2721 102 2758 ita
117 2720 286 2769 scriptum
307 2721 354 2758 est
374 2723 447 2759 hoc
464 2734 632 2760 carmen:

105 2786 151 2817 Et
170 2781 318 2827 clamat,
345 2783 486 2828 merito,
513 2785 572 2832 qui
591 2785 689 2822 modo
708 2799 838 2836 cunque
858 2787 967 2826 videt.

56 2844 130 2891 §Qui
149 2845 245 2880 modo
263 2859 414 2895 cunque,
440 2861 507 2897 pro
528 2850 720 2900 quicunque
740 2868 750 2886 :
787 2854 954 2890 carminis
983 2855 1083 2892 enim

54 2893 423 2949 necessitate-coadtus
444 2900 679 2948 interposuit,
708 2902 814 2939 modo.
842 2904 1019 2941 MARms.

10 2950 11 2956 ¹
107 2955 166 2989 40.
194 2946 267 2990 Qt
285 2946 415 2993 motta]
445 2951 544 2994 Qae
561 2950 658 2987 modo
679 2952 797 2990 codex
819 2953 984 2991 Douzae.

107 3005 166 3038 42.
182 2998 239 3048 ‘Et
255 2991 329 3039 ssnt
347 2996 548 3047 ominibus.]
577 3001 683 3046 Unus
703 3002 900 3041 Vaticanus
916 3032 926 3048 ,
945 3003 1020 3053 fint
1041 3015 1084 3044 (ς’

12 3051 14 3059 ’
59 3043 100 3079 in
122 3041 300 3079 ommibus.
327 3051 367 3080 ut
394 3045 499 3092 Epist.
529 3060 582 3102 vi.
601 3052 659 3097 65.
680 3052 829 3093 Nullum
843 3052 894 3104 fit
913 3054 952 3096 in
974 3055 1085 3095 omine

54 3091 193 3142 pondus.
222 3093 389 3133 Francos.
407 3093 534 3145 Etssnt
549 3109 588 3136 m
604 3099 728 3142 verbis.
975 3107 989 3109 “

1140 1339 1307 1378 secunda.
1333 1341 1407 1379 duo
1435 1340 1576 1390 scripti,
1604 1350 1696 1379 voto.
1721 1340 1824 1389 quod
1843 1339 1989 1380 fortaffe
2011 1340 2131 1386 reste,
2157 1340 2185 1379 fi

1142 1391 1192 1429 ita
1210 1391 1424 1439 distinguas:

1193 1464 1247 1501 Di
1259 1465 1406 1512 faciles,
1421 1465 1559 1516 peccaſje
1575 1464 1681 1514 semel
1705 1464 1881 1502 concedite.
1909 1475 1988 1502 voto

1247 1516 1288 1552 Id
1298 1515 1398 1565 satis.
1424 1527 1464 1553 at
1476 1527 1620 1566 poenam
1641 1515 1738 1566 culpa
1750 1515 1904 1566 secunda
1915 1517 2023 1562 ferat.

1140 1587 1268 1626 Simile
1287 1590 1466 1629 mendum
1486 1591 1614 1629 insedit
1638 1590 1752 1628 Statio
1771 1590 1832 1628 lib.
1857 1602 1887 1627 1.
1907 1591 1992 1629 Silv.
2012 1604 2056 1630 η.
2073 1594 2135 1639 4ῐέ

1190 1669 1291 1699 Hanc
1301 1673 1433 1713 propter
1450 1673 1574 1702 votum
1594 1664 1714 1715 Pisaea
1733 1665 1798 1714 lege
1816 1674 2018 1703 trementem

1197 1718 1355 1752 Currere.

1139 1780 1195 1818 Ut
1212 1781 1383 1821 Heinsius
1408 1784 1507 1833 legit.
1530 1785 1643 1834 vulgo
1658 1813 1673 1830 5
1690 1794 1825 1835 propter
1845 1795 1978 1822 tutum.
2004 1785 2100 1833 apud
2120 1785 2185 1832 Ju-

1141 1829 1273 1869 stinum
1295 1844 1446 1881 quoque
1466 1836 1534 1872 hae
1545 1848 1656 1873 voces
1672 1836 1843 1872 confusae
1855 1847 1874 1872 a
1890 1836 2117 1872 librariis.1ib.
2131 1849 2184 1874 ix..

1143 1891 1220 1929 cap.
1245 1894 1277 1919 2.
1300 1883 1361 1921 Ille
1371 1883 1405 1932 si
1420 1894 1499 1920 voto
1509 1885 1615 1933 fungi
1635 1884 1753 1922 vellet.
1779 1885 1842 1923 ubi
1864 1885 1945 1923 MS.
1968 1897 2156 1934 perperam
2170 1913 2181 1932 ,

1132 1929 1171 1977 fi
1187 1941 1261 1968 tuto
1269 1934 1374 1982 fungi
1396 1934 1514 1973 vellet.
1535 1948 1598 1972 111.
1618 1935 1700 1973 Art.
1717 1935 1803 1984 603.

1194 2008 1295 2053 Qae
1314 2010 1412 2046 venit
1430 2022 1471 2047 ex
1493 2018 1589 2055 tuto,
1617 2009 1735 2047 minus
1751 2009 1793 2056 est
1812 2019 1946 2060 accepta
1963 2010 2135 2059 voluptas.

1140 2081 1219 2119 Ubi
1237 2084 1348 2122 etiam
1368 2086 1477 2125 MSS.
1494 2086 1685 2132 nonnulli,
1703 2100 1744 2123 ex
1764 2096 1855 2124 voto.
1882 2087 1944 2126 sed
1961 2088 2058 2127 haud
2075 2088 2186 2128 restes

1141 2131 1405 2173 BURMANNus.

1192 2195 1249 2229 44.
1277 2189 1323 2220 Et
1346 2186 1433 2233 satis
1463 2187 1551 2238 est.]
1588 2188 1817 2233 Clausulam,
1844 2193 1890 2225 Et
1908 2188 2000 2237 satis
2027 2188 2069 2235 est
2090 2217 2100 2233 ,
2135 2187 2182 2227 ad

1142 2234 1396 2280 praecedentia
1424 2238 1543 2275 refero
1558 2266 1569 2282 ,
1594 2250 1671 2276 non
1696 2239 1741 2276 ad
1760 2239 1960 2288 sequentia.
1983 2248 2021 2276 ut
2041 2238 2080 2275 fit
2102 2239 2180 2275 sen-

1141 2282 1217 2338 sus:
1248 2285 1294 2321 Et
1320 2285 1398 2323 satis
1427 2288 1504 2331 est„
1523 2288 1635 2325 semel
1660 2288 1847 2337 pecc-affe:
1875 2290 2007 2327 scilicet
2025 2288 2060 2325 id
2079 2288 2181 2336 quod

1142 2346 1180 2370 in
1205 2334 1388 2382 superiore
1407 2337 1511 2374 versu
1532 2339 1694 2386 ponitur.
1721 2340 1819 2376 Nam
1841 2341 1878 2377 &
1899 2338 2178 2388 praecedentem

1140 2383 1304 2433 Elegiam
1336 2387 1466 2425 eadem
1496 2388 1672 2427 sententia
1699 2390 1874 2427 conclusit
1900 2417 1910 2433 ,
1951 2391 2023 2426 hoc
2053 2388 2155 2426 versu
2167 2401 2187 2427 :1

1192 2456 1267 2486 Hac
1289 2450 1354 2488 tibi
1374 2450 1424 2500 fit
1436 2461 1553 2501 pugna
1575 2452 1761 2501 dimicuiffe
1779 2452 1880 2501 satis,
1905 2453 2131 2490 chnius.

1141 2518 1265 2557 Scribo
1279 2548 1290 2565 ,
1318 2521 1358 2557 Id
1369 2521 1459 2569 satis
1479 2521 1531 2568 est.
1548 2522 1610 2559 lib.
1632 2534 1695 2559 111.
1715 2523 1817 2571 Eleg.
1839 2534 1884 2559 11.
1900 2521 1961 2558 sub
1978 2520 2121 2558 finemz·

1189 2594 1260 2624 Hoc
1273 2588 1363 2636 fhtis
1381 2588 1458 2624 hic.-
1486 2587 1554 2623 alio
1577 2596 1682 2623 cetera
1701 2588 1801 2624 redde
1817 2587 1894 2625 loco.

1141 2654 1352 2700 Quomodo
1372 2655 1410 2692 &
1428 2653 1477 2691 ibi
1497 2653 1545 2692 est
1561 2647 1846 2692 emendandum.
1867 2654 1905 2690 &
1922 2650 2030 2691 Trist.
2046 2652 2105 2692 lib.
2124 2658 2188 2693 1v4

1140 2704 1242 2752 Eleg.
1262 2717 1296 2742 X.

1192 2768 1360 2806 Manibus
1378 2769 1438 2806 hoc
1450 2769 1539 2818 finis
1559 2769 1613 2818 est.
1639 2770 1687 2806 aa’
1704 2781 1765 2804 vos
1777 2765 1928 2815 studiosa
1949 2776 2102 2806 revertor

1244 2822 1394 2857 Pefft'ora.

1140 2880 1195 2916 Ut
1213 2879 1310 2916 recte
1330 2889 1434 2917 vetus
1449 2880 1550 2918 liber.
1570 2881 1703 2918 Amor.
1721 2879 1782 2917 lib.
1800 2891 1865 2916 111.
1886 2878 1988 2927 Eleg.
2007 2884 2106 2918 Vin-T

1193 2949 1346 2980 Tantum
1371 2958 1411 2980 ne
1430 2944 1551 2991 nostros
1565 2945 1666 2981 avidi
1688 2944 1858 2980 liceantur
1874 2955 2024 2984 amores,

1241 2995 1282 3030 Id
1290 2994 1379 3043 fiztis
1397 2995 1450 3041 est.
1477 2995 1613 3045 aliquid
1626 2995 1781 3044 pauperis
1800 2994 1855 3042 effe
1869 2991 1976 3041 finnt.

1141 3055 1196 3145 {tia
1224 3054 1352 3093 scribo.
1391 3055 1487 3094 male
1517 3056 1568 3094 ibi
1596 3068 1746 3107 quoque
1772 3057 1927 3105 legitur,
1954 3057 1999 3089 Et
2011 3050 2101 3101 satis
2121 3050 2183 3098 esta.

1184 3117 1351 3146 limans,

1358 3284 1396 3327 K
1415 3285 1441 3323 k
1461 3286 1486 3325 k
1522 3297 1545 3336 3
1947 3285 1982 3322 ‘x-
2009 3278 2197 3328 :tunam
