2553 3676
730 184 792 239 P.
867 180 1280 240 ovibit
1352 178 1886 236 NASONIS
1961 134 1966 137 ⁴

562 277 670 332 Dat
694 277 902 330 vultum
925 275 1128 346 populo
1153 273 1372 327 sublime
1397 273 1490 327 sub
1517 271 1760 328 Hercule
1784 271 1954 327 vicio:

424 369 521 415 130

634 348 945 402 Oechaliam
968 348 1094 399 vivo
1121 345 1251 399 stare
1273 358 1493 418 parente
1517 359 1687 417 putes,

564 420 803 477 Forsitan
829 419 912 482 δε,
949 420 1090 490 pulsa
1115 418 1372 472 Aetolide
1396 418 1680 481 Deianira,

639 493 875 547 Nomine
902 491 1145 564 deposito
1169 490 1399 563 pellici3‚
1438 507 1576 542 uxor
1605 490 1732 542 erit:

569 564 972 654 Eurytidosque
996 564 1129 618 Ioles
1145 603 1159 625 ,
1198 575 1358 632 atque
1384 561 1548 613 insani
1571 561 1798 634 Alcidae

642 639 686 692 Ί
705 638 851 709 urpia
874 637 1100 690 ramosus
1125 651 1352 705 corpora
1373 633 1560 704 junget
1587 631 1828 705 Hymen.

426 731 521 780 135
560 709 724 767 Mens
749 710 884 781 fugit
911 709 1220 769 admonitu,
1259 705 1532 778 frigusque
1555 704 1884 776 perambulat
1911 720 2079 773 πως,

646 783 718 838 Et
739 783 875 853 jacet
902 781 956 833 in
983 780 1190 850 gremio
1214 778 1461 849 languida
1486 777 1618 831 facta
1643 795 1843 833 manus.

573 856 673 911 Me
698 871 916 927 quoque
943 870 1067 906 cum
1092 851 1300 913 multiS,
1338 851 1429 904 sed
1453 868 1539 904 me
1565 849 1670 903 fine
1695 851 1948 917 crimine,
1985 853 2192 909 amasti:

648 929 733 982 Nc
757 927 963 1000 pigeat,
1000 942 1208 997 pugnae
1233 923 1312 977 bis
1338 923 1435 978 tibi
1458 922 1624 977 cauffa
1648 922 1741 979 fui.

281 1134 331 1174 Et
355 1137 424 1174 Sat.
446 1149 480 1173 x.
504 1148 564 1182 27.

336 1193 422 1223 Lato
442 1187 597 1222 Setinum
614 1183 750 1221 ardebit
766 1184 804 1222 in
824 1198 920 1222 auro.

283 1237 380 1275 Met.
402 1250 464 1275 vr.
489 1238 571 1285 567.

1018 1183 1229 1221 Heiusxus.

697 1285 879 1323 Velamina
900 1292 1026 1322 Procne

338 1338 475 1388 Deripit
493 1352 533 1375 ex
553 1337 725 1378 humeris,
752 1351 835 1373 auro
850 1336 1028 1385 fulgentia
1047 1334 1130 1373 lato.

284 1389 412 1426 Voces
451 1399 573 1426 autem
603 1388 795 1437 ingreditur
817 1388 855 1425 ὃς
879 1387 948 1423 late
966 1387 1195 1424 securitatem
1224 1386 1261 1423 &
1284 1386 1337 1422 fa-

284 1439 379 1476 stum
401 1467 411 1482 ‚
449 1452 543 1489 quae
576 1441 731 1477 minime
763 1447 885 1487 captas
906 1438 1038 1476 decent
1060 1465 1072 1482 ‚
1109 1436 1259 1474 indicat.
1287 1437 1338 1475 ita

289 1490 423 1527 Horat.
448 1503 494 1527 tx.
517 1491 589 1527 Sat.
612 1503 672 1527 xxx.
699 1490 807 1539 1803.

341 1546 450 1576 Latus
468 1551 507 1577 ut
527 1541 565 1577 in
583 1541 666 1577 circo
680 1541 838 1590 spatiere.

290 1591 364 1627 Ubi
400 1591 540 1628 nollem
582 1592 703 1628 virum
743 1591 993 1629 doffiffimum
1031 1587 1260 1627 Massonium
1298 1590 1336 1626 in

287 1641 362 1678 vita
397 1642 547 1678 Horatii
572 1653 651 1689 pag.
688 1653 767 1689 135.
794 1641 909 1678 latum
934 1654 1000 1690 pro
1024 1643 1164 1677 veelum
1183 1652 1335 1688 capere,

287 1690 388 1740 quali
410 1692 640 1740 participium
662 1690 746 1729 effer
769 1704 788 1728 a
802 1693 890 1735 fero.
916 1691 1020 1741 quod
1041 1703 1163 1740 neque
1189 1694 1237 1736 τῷ
1257 1695 1340 1739 spa-

289 1753 372 1778 tlere
392 1744 593 1786 convenit,
611 1754 733 1791 neque
756 1742 884 1790 Ampl.
907 1743 1072 1791 Cuperus
1095 1743 1140 1778 de
1156 1742 1231 1778 hoc
1248 1741 1337 1778 loco

290 1804 442 1829 mecum
463 1804 571 1840 agens
584 1821 594 1836 ‚
611 1805 743 1830 verum
765 1793 932 1830 credebat
950 1793 1142 1830 Praetoriis
1163 1803 1250 1829 eum
1268 1792 1339 1828 ho-

291 1854 425 1880 norem
443 1844 621 1880 tributum
642 1871 652 1887 ‚
688 1851 729 1880 ut
759 1855 863 1880 curru
883 1842 1012 1892 insigni
1035 1844 1073 1880 ὃ(
1093 1853 1188 1890 pene
1208 1842 1340 1878 trium-

289 1894 389 1942 phali
419 1893 651 1930 veherentur.
677 1893 736 1930 sed
766 1893 859 1929 latus
874 1894 1020 1942 spatiere
1049 1893 1098 1930 est
1122 1904 1207 1929 cum
1231 1904 1342 1941 pom-

292 1956 339 1992 pa
355 1971 364 1987 ‚
379 1943 467 1981 fastu
480 1972 489 1987 ‚
511 1944 624 1993 qualis
646 1952 721 1981 erat
740 1945 871 1981 Menas
890 1945 1038 1982 libertus
1058 1944 1228 1992 Pompeji
1244 1971 1254 1987 ‚
1277 1944 1341 1992 qui

292 1994 427 2032 sacram
457 1995 676 2032 metiebatur
705 1995 804 2032 viam
837 2007 920 2032 cum
948 1995 998 2032 bis
1035 1995 1146 2032 trium
1174 1995 1342 2032 ulnarum

292 2054 394 2094 toga.
412 2045 544 2082 Horat.
568 2045 688 2094 Epod.
709 2057 762 2082 1v.
790 2045 1052 2083 BimeNNus.

351 2107 432 2143 129.
477 2101 554 2131 Dat
593 2095 737 2132 vultum
769 2096 886 2145 populo
921 2095 1084 2145 sublimis
1120 2106 1162 2132 ut
1199 2093 1343 2131 Hercule

295 2145 426 2195 vieto]
458 2146 609 2183 Sublime
625 2145 692 2195 sub
720 2146 863 2183 Hercule
881 2147 973 2183 vieto
993 2146 1198 2184 constanter
1212 2145 1342 2192 scripti.

294 2196 366 2235 nisi
386 2197 490 2246 quod
508 2198 546 2234 in
567 2198 680 2234 altero
692 2198 925 2235 Menteliano
948 2197 1009 2241 fit,
1018 2196 1182 2244 sublimis
1200 2195 1244 2231 ab
1256 2202 1344 2230 Her-

297 2246 381 2284 cule.
407 2246 467 2284 sed
489 2247 641 2295 sublime
660 2247 726 2296 sub
757 2247 900 2284 Hercule
917 2259 980 2285 cur
997 2248 1227 2296 rejiciamus,
1255 2245 1346 2283 nihil

298 2297 424 2335 causae
452 2297 511 2335 est.
548 2298 596 2335 fic
619 2297 768 2344 sublime
787 2298 882 2345 serre
900 2326 910 2342 ,
948 2310 1015 2346 pro
1045 2297 1084 2333 in
1103 2295 1254 2345 sublime
1282 2305 1345 2333 aut

291 2347 492 2398 sublimiter
522 2349 647 2397 paffim
676 2349 827 2386 Po'e'tae.
855 2350 904 2386 ita
922 2347 1071 2396 sublime
1089 2348 1180 2392 ferri
1205 2348 1346 2384 Lucre-

299 2400 377 2443 tio,
407 2400 446 2436 &
470 2399 618 2446 sublime
644 2399 774 2437 volare.
801 2399 952 2436 sublime
974 2399 1100 2435 micare
1118 2398 1345 2435 Germanico

300 2451 338 2486 in
371 2450 548 2489 Arataeis.
575 2451 614 2487 ὃς
643 2451 819 2494 Avieno,
839 2448 990 2498 sublime
1014 2449 1106 2497 erigi.
1135 2449 1276 2486 Multus
1299 2448 1349 2485 est

301 2501 371 2537 liae
390 2501 428 2537 in
446 2512 541 2538 voce
565 2500 669 2539 Silius
689 2501 843 2539 Italicus.
871 2499 1023 2537 sublime
1042 2500 1175 2549 sedens.
1201 2500 1263 2537 lib.
1285 2512 1349 2537 xxx.

303 2552 345 2588 ἃ
370 2563 420 2589 xi.
441 2562 522 2601 232.
544 2552 582 2590 ὅ(
602 2563 685 2600 275.

610 2602 794 2654 Multoque
808 2602 923 2654 procul
934 2601 1191 2652 splendentibus
1209 2601 1291 2650 ostro

359 2653 541 2702 Accipitur
574 2653 703 2691 ublime
719 2654 813 2691 toris.

307 2703 397 2739 Vx'd.
425 2706 461 2740 tx
494 2717 570 2740 xxv.
594 2717 677 2754 330.
705 2717 767 2744 xv.
794 2717 876 2755 155.
902 2717 998 2744 xvx1.
1024 2716 1109 2755 253.
1134 2704 1266 2754 Virgil.
1287 2715 1352 2743 xxx.

309 2754 449 2801 Georg.
477 2754 556 2790 108.

360 2803 519 2852 “Jamque
542 2804 623 2840 elati
633 2806 783 2853 sublime
800 2807 981 2845 videntur.

312 2854 415 2902 Calp.
439 2856 584 2891 Nemes.
611 2858 679 2893 hcl.
710 2870 737 2894 1.

366 2904 564 2954 Laudesque
583 2915 661 2941 tuas
673 2907 998 2956 sublirnefhremuS.

313 2954 382 2993 Sub
400 2955 544 2992 Hercule
562 2967 650 2993 vcro
666 2985 674 3000 ,
696 2967 735 2995 ut
755 2960 842 2996 illud
863 2962 948 2997 Stat.
974 2974 1006 2996 v.
1029 2960 1149 2998 Theb.
1172 2961 1257 3009 4642

565 3056 571 3062 ⁶
620 3012 783 3058 Duraque
794 3009 860 3056 sub
882 3010 1005 3057 hospite
1022 3022 1134 3046 mater

366 3062 487 3093 Mater
507 3070 570 3093 avt
591 3071 726 3094 renovo.
910 3060 1116 3096 Hrmsms.

312 3107 449 3145 Nescio
468 3116 614 3152 tamen,
642 3120 686 3145 an
706 3120 782 3145 non
802 3109 932 3146 rectius
949 3137 958 3152 ,
979 3110 1141 3156 sublimis
1160 3109 1204 3145 ab
1216 3110 1359 3148 Hercule

314 3158 427 3201 vieto,
457 3170 502 3196 ex
525 3159 766 3196 Menteliano.
803 3159 924 3196 iiinilis
954 3172 1052 3197 crror
1081 3161 1177 3208 apud
1207 3162 1265 3198 bil.
1297 3174 1359 3199 xt.

312 3210 395 3254 246.
424 3209 484 3246 ubi
514 3221 580 3257 pro
609 3209 785 3260 victorque
811 3210 965 3247 immane
986 3209 1053 3259 sub
1079 3211 1132 3247 ira
1152 3211 1357 3258 infremuit3

313 3259 485 3299 Heinsius
512 3259 670 3301 rescribit
696 3261 864 3299 immanis
893 3261 937 3299 ab
965 3261 1034 3300 ira.
1057 3262 1225 3301 Macrob.
1248 3275 1305 3302 11.
1325 3275 1361 3310 4.

2209 1000 2432 1068 Cornua

1388 1130 1551 1170 Sublimis
1577 1133 1728 1172 Aeliam
1756 1133 1904 1172 victoria
1933 1134 2181 1172 revertebatur.
2218 1133 2278 1172 Ab
2307 1142 2435 1172 autem

1387 1183 1448 1220 hic
1466 1196 1532 1232 pro
1562 1184 1623 1228 ob,
1647 1195 1780 1235 propter
1809 1186 1972 1224 sumitur.
2003 1186 2075 1223 vid.
2097 1187 2214 1222 Gron.
2239 1185 2284 1223 ad
2305 1186 2435 1222 Senec.

1394 1245 1424 1270 1.
1451 1234 1497 1271 de
1523 1236 1706 1273 Clement.
1728 1249 1787 1273 zo.
1818 1237 1948 1275 Livius
1980 1249 2044 1274 111.
2072 1237 2131 1274 61.
2150 1237 2300 1273 Ferocior
2324 1234 2367 1272 ab
2399 1248 2437 1271 re

1389 1283 1470 1321 bene
1483 1285 1581 1334 gesta.
1611 1287 1876 1325 ssuRMANNus.
2168 1296 2171 1299 ’

1390 1347 1528 1424 lb131.
1551 1336 1704 1424 {osfitan
1721 1338 1888 1388 expulsa]
1908 1343 1955 1374 Et
1966 1338 2068 1388 pulsa
2089 1338 2305 1377 Puteaneus.
2324 1334 2440 1384 recte}

1407 1400 1416 1424 1
1445 1416 1451 1423 .
1477 1399 1531 1424 11.
1603 1398 1650 1426 et.
1674 1401 1755 1437 525.

1444 1443 1519 1474 Cur
1541 1452 1609 1475 non
1633 1439 1789 1489 &pulfiz
1809 1439 1905 1476 ducit
1921 1439 2091 1485 Junone?

1393 1488 1483 1526 Fast.
1508 1501 1588 1526 111.
1609 1503 1690 1539 559.

1446 1539 1596 1576 Pellitur
1614 1547 1727 1577 Anna
1749 1541 1860 1578 domo.

1395 1589 1507 1627 Trist.
1532 1603 1586 1627 11.
1607 1604 1690 1636 414.

1445 1639 1569 1688 Pulsus
1591 1640 1760 1687 Aristides
1780 1654 1847 1677 non
1865 1651 1985 1678 tamen
2004 1641 2086 1679 urbe
2094 1643 2164 1692 sua
2182 1642 2237 1690 est.

1393 1690 1560 1738 Propert.
1579 1703 1641 1727 111.
1666 1691 1764 1740 Elcg.
1783 1703 1846 1729 xv.
1875 1715 1882 1721 ·

1444 1740 1631 1777 Peccoiram
1641 1742 1749 1790 semel
1768 1754 1810 1781 ω’
1825 1752 1937 1780 totum
1947 1742 2030 1792 sum
2041 1742 2158 1792 pulsus
2176 1743 2215 1780 in
2232 1757 2381 1782 annum.

1394 1791 1446 1829 Fl.
1476 1792 1656 1840 Vopiscus
1683 1794 1722 1830 in
1753 1794 1918 1831 Carino:
1959 1800 2082 1830 Uxores
2108 1794 2258 1830 ducendo
2287 1808 2328 1831 ac
2357 1795 2443 1844 reji-

1395 1842 1510 1879 ciendo
1534 1857 1659 1880 novem
1689 1843 1818 1887 duxit,
1839 1842 1944 1892 pulsis
1969 1843 2135 1892 plerifique
2157 1846 2442 1893 praegnantibus.

1396 1894 1610 1930 HExnsrus.
1636 1894 1770 1930 Douza
1796 1893 1953 1931 malebat
1972 1894 2098 1943 Forfim
2117 1906 2159 1933 ef
2176 1895 2324 1944 expulsa.
2355 1896 2443 1934 vide.

1398 1943 1444 1981 ad
1460 1943 1569 1991 Epist.
1589 1956 1658 1980 xxx.
1682 1954 1761 1991 135.
1782 1945 1958 1981 Ceterum
1978 1957 2070 1982 unus
2089 1945 2280 1983 Mediceus
2300 1947 2442 1985 Eonide.

1398 1994 1497 2031 unde
1527 1994 1621 2030 forte
1647 1991 1746 2041 poffe
1774 1994 1845 2043 legi
1880 1995 2025 2031 Oeneide
2048 1995 2221 2033 Heinsius
2249 1998 2444 2043 credebat,

1398 2044 1484 2093 quia
1505 2044 1631 2081 Oenei
1652 2043 1723 2081 filia
1743 2045 1905 2083 Dianira.

1454 2106 1534 2144 133.
1562 2095 1747 2144 Eurytidos
1778 2095 1861 2131 Io'les
1887 2106 1994 2146 atque
2018 2096 2133 2146 infimi
2161 2096 2359 2148 Alcidae.]
2396 2103 2445 2135 Et

1397 2145 1512 2193 insani
1530 2145 1734 2183 Puteaneus
1750 2146 1884 2195 aliique
1900 2148 2081 2185 nonnulli.
2097 2149 2346 2197 Eurytidosque
2365 2149 2443 2186 duo

1397 2196 1477 2233 libri
1500 2205 1694 2244 praeterea.
1726 2196 1899 2245 Sequenti
1919 2198 2022 2235 versu
2046 2198 2177 2236 reeims
2198 2199 2315 2247 scripti
2337 2201 2446 2248 pleri-

1399 2259 1472 2296 que
1489 2247 1611 2296 juaget
1629 2247 1754 2296 hymen
1774 2260 1886 2297 quam
1899 2249 2030 2297 jungit.
2050 2251 2135 2299 quia
2156 2263 2244 2286 uxor
2260 2250 2327 2286 erit
2342 2262 2448 2299 prae-

1402 2295 1559 2335 ceffcrat.
1589 2299 1799 2336 Hssmsms.

1457 2360 1537 2397 134.
1558 2349 1746 2399 Famosus.]
1769 2350 1874 2387 Haec
1893 2351 1941 2388 est
1957 2352 2118 2401 genuina
2134 2350 2259 2389 lefflo.
2276 2353 2447 2391 CIOFAN.

1403 2400 1578 2447 Formosus
1604 2401 1755 2449 quidam
1776 2401 1933 2439 codices.

1462 2462 1541 2499 135.
1570 2452 1791 2502 Frigusque.]
1822 2452 2003 2490 Mendose
2029 2454 2091 2491 hic
2117 2454 2323 2491 Putearxeus
2343 2453 2451 2503 frigi-

1405 2500 1541 2550 dosque.
1578 2501 1702 2551 Frigus
1738 2503 1786 2541 est
1822 2505 1950 2542 mortis
1982 2504 2142 2543 instantis
2176 2505 2369 2543 indicium.
2401 2507 2453 2544 ita

1407 2564 1470 2590 111.
1494 2553 1626 2590 Amor.
1648 2567 1728 2591 xxv.
1748 2566 1805 2603 37.

1485 2609 1586 2640 Adeas
1603 2603 1678 2640 abit
1698 2605 1914 2653 (velfugit>
1936 2617 1979 2645 ω’
1996 2607 2133 2644 morior.
2186 2607 2267 2644 But<
2277 2620 2453 2646 MANNUS.

1464 2665 1545 2702 139.
1574 2655 1711 2704 Rapidis
1738 2655 1909 2693 Achelous
1936 2657 1973 2692 in
1998 2657 2138 2706 undis]
2168 2657 2258 2706 Ripis
2280 2657 2454 2694 Achelous

1407 2705 1446 2743 in
1466 2706 1545 2745 imis
1563 2707 1777 2745 Puteaneus.
1805 2707 1865 2744 sed
1885 2719 1950 2755 pro
1969 2707 2049 2743 imis
2068 2708 2166 2745 aliud
2185 2707 2273 2756 quid
2293 2707 2313 2745 a
2338 2720 2453 2748 manu

1408 2757 1526 2805 prima
1557 2756 1727 2805 scriptum
1759 2758 1946 2795 videbatur
1974 2756 2087 2794 fuiffe.
2119 2759 2389 2806 Arge-utinensis
2410 2760 2450 2796 &

1409 2807 1520 2851 alius,
1547 2819 1659 2857 quem
1692 2807 1712 2845 {i
1746 2809 1802 2845 Cl.
1823 2809 1872 2845 V.
1907 2809 2049 2854 Jacobo
2092 2810 2274 2846 Mcntclio
2309 2810 2454 2848 donum

1410 2859 1556 2907 accepi,
1584 2859 1665 2908 ripis
1684 2860 1771 2896 udis.
1797 2871 1873 2908 quo
1890 2858 2015 2896 alludit
2034 2860 2071 2896 δί
2089 2860 2322 2898 Farnclianus
2343 2873 2452 2905 unuS‚

1413 2910 1478 2958 qui
1502 2909 1582 2958 ripis
1608 2910 1711 2946 undis
1735 2910 1853 2947 habet.
1882 2909 1924 2945 In
1954 2911 2029 2957 ripa
2059 2911 2157 2947 enim
2183 2911 2368 2948 Achelous
2388 2911 2456 2948 flu-

1415 2961 1544 3005 minis,
1566 2973 1640 2997 non
1661 2962 1696 2997 in
1716 2961 1790 3008 ipso
1812 2960 1963 2997 flumine
1985 2972 2069 2997 cuin
2089 2961 2252 2998 Hercule
2274 2962 2322 2999 cst
2341 2962 2455 2998 lueia-
2513 2999 2515 3001 ,

1412 3018 1481 3047 tus.
1513 3017 1604 3046 Imus
1624 3010 1777 3047 Nasonis
1799 3012 1871 3047 hoc
1892 3011 1979 3048 loco
2000 3012 2089 3060 ripas
2113 3011 2306 3050 confirmat
2324 3012 2459 3051 Boeth.

1413 3060 1460 3098 de
1482 3061 1631 3097 Consol.
1650 3061 1777 3097 Philos.
1798 3061 1858 3098 lib.
1879 3074 1930 3097 xv.
1955 3063 2076 3100 Carni.
2098 3076 2168 3101 vix.

1466 3117 1590 3147 Fronte
1613 3120 1772 3159 turpatus
1793 3111 1963 3148 Achelous
1981 3113 2062 3150 imis

1467 3166 1540 3197 Ora
1560 3160 1715 3210 demersit
1729 3162 1934 3211 pudibunda
1952 3163 2044 3214 ripis.

1417 3211 1589 3248 Achelous
1618 3213 1735 3249 amnis
1752 3241 1761 3257 ‚
1790 3225 1978 3262 perperam
2003 3227 2102 3255 nunc
2123 3216 2195 3256 illic
2213 3215 2287 3256 loci
2310 3215 2467 3253 circum-

1418 3263 1542 3303 fertur.
1567 3263 1654 3304 Stat.
1674 3264 1860 3304 Theb-ud.
1875 3265 1938 3305 lib.
1959 3277 2014 3307 xv·
2448 3314 2455 3320 ⁸

2338 3318 2471 3361 Anam-5
