2553 3676
804 186 1034 276 Nux
1109 197 1592 279 ELEGIA.

2144 226 2235 292 831

396 315 556 373 Nunc
579 329 753 388 neque
773 309 1058 365 continuos
1082 310 1365 369 naseuntur
1390 331 1551 388 poma
1579 331 1674 388 per
1704 330 1893 371 annos:

460 388 685 460 Uvaque
707 383 835 441 laesa
859 381 1086 436 domum
1103 420 1118 444 ‚
1156 382 1394 454 laesaque
1418 387 1577 441 bacca
1602 386 1766 442 venit.

394 461 553 516 Nunc
578 472 787 516 uterum
813 453 987 518 vitiat,
1023 471 1159 528 quae
1185 454 1299 509 vult
1325 455 1555 513 formosa
1577 461 1776 515 videri:

468 534 715 602 Raraque
741 529 796 583 in
819 527 923 582 hoc
946 545 1079 582 aevo
1104 526 1205 590 est,
1244 546 1379 600 quae
1404 529 1533 583 velit
1558 532 1660 586 esse
1682 551 1884 605 parens,

286 626 353 676 25
391 605 556 660 Certe
578 619 708 674 eg0‚
744 601 780 655 fi
807 618 1099 672 numquam
1123 599 1468 672 peperissem,
1509 603 1674 656 tutior
1701 604 1875 661 effem.

464 676 558 730 Ista
586 671 1006 747 Clytemnestrae
1031 673 1191 743 digna
1218 675 1433 744 querela
1458 673 1574 729 fuit.

393 749 600 805 Sirsciat
628 749 734 802 hoc
768 746 918 807 vitiS‚
957 745 1228 798 nascentes
1252 745 1543 817 supprimet
1577 754 1728 802 uvas:

467 819 747 892 Orbaque‚
784 817 822 871 fi
842 817 967 871 sciat
995 816 1127 880 hoe,
1165 816 1388 871 Palladis
1413 818 1569 872 arbor
1592 820 1709 874 erit.

394 894 525 950 Hoc
549 892 605 945 in
628 891 876 945 notitiam
899 889 1076 943 veniat
1101 890 1350 962 maloque
1373 891 1635 963 piroque3

287 984 352 1032 30

461 963 764 1018 Destituent
793 962 936 1016 silvas
960 973 1184 1035 utraque
1207 979 1383 1042 ‘poma
1409 962 1534 1017 suas,

395 1038 659 1110 Quaeque
685 1034 776 1089 fibi
800 1034 948 1088 vario
974 1034 1246 1104 distingult
1268 1052 1430 1107 poma
1455 1035 1670 1101 colore,

469 1109 672 1164 Audiat
699 1109 805 1162 hoc
831 1107 1061 1171 cerasUS,
1101 1107 1254 1178 stipes
1278 1108 1444 1161 inanis
1469 1107 1585 1162 erit.

397 1183 527 1238 Non
551 1181 807 1255 equidem
831 1179 1074 1234 invideo:
1115 1180 1381 1251 numquid
1408 1194 1586 1233 tamen
1610 1181 1712 1235 ulla
1736 1181 1954 1244 feritur,

466 1253 621 1327 Quae
645 1253 826 1308 sterilis
851 1252 958 1305 sola
987 1251 1361 1324 conspicienda
1386 1254 1544 1306 coma
1571 1251 1676 1306 est?

2054 1326 2245 1381 Cerni-

160 1448 261 1482 Dant
273 1441 386 1481 Fauni
404 1441 494 1491 quod
513 1442 652 1499 quifique
671 1440 767 1478 valet
782 1468 793 1485 ‚
820 1439 860 1477 de
884 1438 957 1476 vite
974 1450 1125 1476 racemos
1134 1441 1147 1483 ,'
1203 1446 1273 1477 tres
1303 1439 1387 1483 alii,
1425 1451 1518 1476 nunc
1535 1438 1670 1478 'mulier
1689 1439 1779 1478 vitio
1805 1440 1859 1488 est.
1887 1440 2077 1479 Palatinus.
2106 1451 2243 1479 uterum

158 1500 212 1531 De
232 1503 344 1544 campo
366 1493 511 1539 culmos,
539 1505 699 1542 omnique
716 1505 756 1529 ex
780 1490 897 1528 arbore
906 1490 1037 1539 fruges.

110 1545 342 1584 Columella:

160 1598 240 1644 Qu
260 1591 385 1631 Bacchi
396 1607 520 1642 genus,
548 1603 612 1630 aut
631 1592 748 1629 alieni
759 1591 861 1641 stirpe
877 1590 1036 1639 gravata

160 1645 264 1682 Mitis
282 1645 452 1693 adoptatis
469 1654 634 1681 curvetur
645 1643 806 1692 frugibus
828 1642 938 1679 arbor.
968 1642 1114 1679 HE1Ns‚

109 1696 302 1743 Frugiferas
331 1695 474 1732 arbores
503 1694 599 1731 recte
632 1694 703 1731 dici
731 1692 934 1731 observavit
947 1691 1027 1740 jam
1060 1691 1152 1728 olim

108 1745 307 1784 Parrhafius
330 1744 375 1782 ad
395 1744 584 1783 Claudian.
607 1756 633 1781 1.
664 1744 710 1782 de
741 1744 847 1792 Rapt.
867 1741 964 1780 Pros.
993 1741 1051 1785 ᾖε.
1073 1741 1153 1787 187.

110 1796 149 1834 &
169 1807 286 1844 nuper
306 1795 467 1833 Broulzh.
490 1795 534 1833 ad
557 1795 683 1832 Tibul.
703 1794 763 1832 lib.
785 1807 812 1831 1.
832 1793 935 1841 Eleg.
963 1804 1036 1841 1.5.
1065 1797 1153 1828 Fru-

103 1846 250 1896 giferam
268 1846 380 1884 etiam
414 1847 588 1894 Qercum
621 1845 711 1882 dixit
731 1845 884 1883 Sueton.
911 1842 1016 1880 Galb.
1043 1855 1076 1887 4
1105 1853 1152 1879 ex

107 1896 449 1944 Jurisconsultorum
472 1896 648 1934 sententia
666 1896 702 1933 in
721 1895 744 1933 1.
766 1907 823 1942 77.
843 1893 881 1932 ff.
901 1892 947 1932 de
965 1892 1153 1931 V.S.Ob·

107 1947 259 1996 sequens
278 1955 403 1985 tamen
422 1959 498 1996 cap.
519 1959 574 1984 xc.
594 1948 688 1984 inter
707 1945 874 1995 prodigia
893 1944 1025 1989 refert,
1053 1942 1152 1979 arbo-

110 2010 183 2035 rem
197 2000 314 2046 fruges
334 1998 453 2048 tuliſje.
507 1998 772 2035 BURMANNUS.

163 2059 227 2093 19.
247 2048 393 2098 Ponor.]
423 2054 538 2085 Ponar
558 2048 693 2096 Regius
719 2049 758 2085 &
779 2045 856 2084 duo
874 2046 945 2083 alii.

160 2109 221 2135 20.
249 2098 481 2148 Luxuriare.]
512 2099 704 2147 Eleganter
722 2099 797 2135 hoc
818 2096 863 2134 de
881 2094 1067 2143 arboribus
1087 2095 1159 2134 late

110 2148 359 2187 crescentibus.
388 2149 435 2187 sic
454 2161 534 2187 xiv.
552 2150 645 2186 Met.
668 2150 752 2197 629.

160 2201 247 2248 Qa
264 2199 361 2236 modo
383 2200 556 2237 luxuriem
570 2227 581 2244 ,
604 2199 732 2249 premit
750 2195 994 2248 &spatiantia
1009 2194 1129 2246 paffim

161 2248 312 2286 Brachia
331 2251 513 2299 compescit.

112 2299 172 2338 Sic
189 2300 295 2337 tellus
318 2298 498 2337 luxuriare
518 2300 588 2348 Ep.
611 2311 641 2338 1.
664 2312 722 2350 53.
759 2299 895 2338 Plinius
925 2297 969 2336 de
997 2297 1078 2334 loto
1097 2296 1154 2335 lo-

110 2361 228 2399 quens
244 2349 308 2387 lib.
331 2362 412 2386 xvx.
434 2362 491 2396 30.
519 2363 697 2387 ramorum
711 2349 948 2399 petulantiam
964 2355 1086 2386 vocat.

163 2413 224 2438 20.
252 2397 417 2447 Comas.]
448 2398 575 2435 Lib.1.
595 2401 654 2435 De
665 2400 850 2436 Remedio
870 2400 955 2447 196.

165 2456 302 2498 Stetque
319 2447 502 2497 peregrinis
517 2447 618 2484 arbor
635 2457 737 2495 opaca
755 2449 867 2486 comis.

110 2500 160 2540 Et
171 2501 304 2538 Horat.
315 2509 368 2536 1v.
379 2498 454 2536 Od.
468 2509 499 2544 7.
513 2519 574 2525 —-
584 2497 841 2546 Arboribusque
851 2511 973 2536 comae.
989 2502 1158 2539 CIOFAN.

163 2563 225 2589 21.
250 2556 322 2586 Nos
341 2548 486 2599 neque]
525 2548 723 2586 Maluerim
740 2576 750 2592 ‚
769 2547 850 2585 hinc
872 2562 989 2599 neque.
1017 2550 1158 2588 causam

116 2600 232 2639 reddit
251 2599 563 2638 infoecunditatis.
619 2599 828 2637 HmNsms.

167 2662 228 2700 23.
257 2656 360 2687 Nunc
381 2661 497 2687 uterus
517 2648 606 2686 vitio
624 2649 689 2696 est,
714 2662 800 2698 quae
826 2648 908 2686 vult
919 2651 1073 2699 fhrmosa
1100 2651 1159 2688 vi-

118 2699 232 2748 clera]
259 2699 406 2738 Rectius
436 2698 580 2738 fort-affe
609 2701 645 2737 in
675 2699 883 2742 nonnullis,
907 2713 998 2738 nunc
1021 2712 1158 2739 uterum

119 2750 253 2794 vitiat,
280 2750 383 2798 quod
404 2751 442 2788 &
465 2764 509 2788 11.
537 2751 670 2788 Amor.
683 2750 783 2788 idem
796 2750 954 2788 Ovidius
966 2751 1067 2800 Eleg.
1080 2763 1160 2789 xxv.

169 2801 301 2838 Scilicet
322 2809 361 2837 ut
382 2811 495 2836 careat
512 2814 678 2850 rugarum
699 2801 841 2838 crimine
855 2811 999 2848 venter,

220 2856 396 2887 Sternetur
406 2859 541 2900 pugnae
562 2851 665 2898 tristis
686 2865 794 2888 arena
813 2862 905 2889 tuae.

119 2903 225 2952 Quin
243 2909 322 2938 tota
341 2901 454 2950 elegia
475 2901 521 2939 de
542 2902 611 2939 hac
628 2914 667 2938 re
685 2904 931 2952 conqueritur.
970 2904 1158 2942 NAUGER.

122 2952 234 2991 Deest
253 2951 304 2996 ei,
331 2962 425 3000 quae
454 2952 613 2990 formosa
632 2952 747 2991 videri
776 2953 864 2991 vult.
894 2954 967 2992 Alii
987 2956 1162 2993 emenda-

120 3012 229 3047 runt,
264 3013 355 3038 nunc
383 3010 520 3037 uterum
553 3003 685 3048 vitiat,
713 3003 815 3054 quod
846 3003 871 3041 fi
902 3005 939 3042 in
970 3018 1046 3042 uno
1075 3004 1161 3043 efl'et

121 3062 268 3097 vetere,
302 3051 493 3100 probarem
514 3060 660 3100 propter
679 3054 906 3092 sententiam.
935 3065 1072 3092 uterum
1100 3056 1158 3092 vi-

121 3104 210 3141 tiare
230 3102 278 3140 est
291 3130 301 3146 ‚
329 3101 535 3149 labefactare
559 3115 641 3138 onus
661 3104 771 3148 uteri,
797 3105 881 3148 vel,
901 3117 1054 3142 excutere
1076 3120 1159 3142 onus

121 3153 306 3203 visceribus
320 3181 329 3197 ‚
367 3161 407 3191 ut
433 3153 517 3190 alibi
553 3153 642 3190 solet
689 3153 803 3191 Poeta
837 3155 953 3204 loqui.
996 3157 1159 3193 Fffluc.

120 3204 233 3242 Bonis
265 3203 526 3251 exemplaribus
554 3204 592 3240 δε
619 3203 759 3240 ratione
788 3204 1017 3252 legendum)
1058 3213 1161 3243 Num

122 3266 258 3291 uterum
281 3254 390 3289 vitiat
409 3265 480 3292 cuc.
509 3253 726 3289 Cior-ANUS.
752 3255 863 3290 Varie
896 3257 1067 3293 exhibent
1099 3269 1164 3293 co-

122 3306 218 3344 dices
245 3304 342 3342 hunc
369 3304 519 3350 locum,
547 3316 637 3342 nunc
656 3314 772 3342 uterus
797 3303 881 3343 vitii
909 3305 950 3352 est
967 3306 1102 3355 Regius
1123 3307 1161 3344 ἃ

1196 1490 1332 1538 fiervat.
1359 1490 1515 1527 Mentel.
1533 1491 1702 1529 Schottus
1719 1492 1781 1529 lib.
1811 1503 1866 1529 11.
1890 1492 1978 1530 Obs.
2000 1504 2058 1541 53.
2087 1491 2107 1529 ὲ
2127 1504 2248 1529 mein-

1203 1540 1319 1578 branis
1336 1540 1424 1589 legit
1438 1553 1551 1585 ,nunc
1569 1551 1686 1579 uterus
1713 1541 1810 1578 vitis.
1837 1542 1939 1590 quod
1958 1543 1994 1579 in
2025 1542 2250 1580 Lovaniensi

1204 1591 1262 1628 est.
1300 1590 1361 1629 sed
1387 1592 1554 1639 praefero
1579 1601 1762 1641 receptam
1789 1604 1808 1629 a
1837 1593 1920 1629 viris
1949 1592 2090 1636 dofris,
2127 1595 2165 1630 ὃς
2203 1593 2250 1630 de

1203 1640 1333 1679 abortu
1354 1641 1541 1690 intelligo,
1569 1643 1633 1692 qui
1654 1643 1932 1680 medicamentis
1953 1651 2120 1687 curatus,
2146 1643 2251 1680 vitiat

1209 1699 1376 1736 uterum,
1404 1703 1451 1729 ne
1472 1693 1577 1730 facile
1599 1694 1731 1731 iterum
1753 1693 1948 1741 concipiat.
1974 1694 2022 1731 ita
2043 1693 2253 1731 Columella

1207 1742 1268 1779 lib.
1287 1754 1359 1779 vn.
1378 1742 1412 1778 6.
1449 1742 1539 1779 Huic
1559 1743 1675 1784 pecudi
1697 1752 1788 1780 nocet
1816 1743 1945 1790 aestus,
1973 1743 2036 1792 fied
2054 1743 2163 1792 magis
2181 1743 2255 1789 fri-

1206 1805 1268 1840 gus
1289 1819 1300 1836 ‚
1363 1803 1407 1832 (9’
1434 1793 1613 1843 praecipue
1632 1795 1747 1841 fhetae
1766 1822 1776 1839 ‚
1836 1794 1921 1844 quia
1947 1794 2102 1842 gelicidio
2134 1794 2255 1830 hiemis

1208 1851 1400 1892 conceptum
1430 1843 1551 1881 vitiat.
1587 1845 1636 1882 ita
1665 1857 1711 1882 ex
1739 1847 1851 1883 veteri
1882 1843 2010 1883 codice
2027 1843 2226 1892 legendum
2243 1870 2253 1888 ,

1206 1895 1332 1942 inepte
1349 1893 1463 1943 vulgo
1478 1923 1488 1939 ‚
1517 1907 1603 1944 quae
1621 1904 1814 1944 conceptum
1831 1896 1929 1942 fecit.
1972 1894 2102 1933 Eum.

1259 1957 1318 1993 25.
1346 1950 1445 1981 Certe
1463 1945 1554 1994 ega]
1584 1950 1665 1982 Ecce
1684 1960 1736 1995 ego
1753 1947 1851 1992 Junii
1874 1945 2006 1983 codex.

1264 1995 1324 2033 26.
1351 1995 1611 2043 clytemnestra.
1633 1995 1647 2045 ]
1688 1996 1955 2052 Clytemnestrae
1998 1995 2166 2033 Francos.
2215 1995 2254 2033 ὃὸ

1214 2046 1463 2083 Mentelianus
1482 2054 1636 2094 optime.
1656 2047 1804 2086 videad
1825 2045 2131 2095 Epist.xv11.256.

1270 2107 1328 2145 30.
1355 2101 1507 2146 Utraque
1526 2106 1628 2145 poma
1647 2097 1770 2146 suas.]
1808 2097 1891 2134 Post
1914 2097 2013 2135 hunc
2044 2096 2186 2134 versum
2218 2096 2256 2132 in

1217 2147 1340 2184 multis
1362 2146 1548 2186 codicibus
1567 2147 1731 2196 adscripti
1751 2155 1851 2185 erant
1870 2147 2079 2195 ineptiffimi
2107 2145 2258 2194 quidam

1214 2197 1355 2241 versus,
1383 2209 1477 2246 quae
1498 2199 1773 2236 Monachorum
1794 2197 1912 2235 sordes
1926 2198 2030 2234 facile
2051 2196 2232 2245 produnt:

1261 2248 1402 2285 Audiat
1419 2247 1479 2284 hoc
1493 2257 1624 2297 prunus
1637 2276 1647 2293 ,
1675 2248 1758 2286 dare
1778 2246 1901 2297 definet
1918 2247 2002 2284 utile
2014 2259 2153 2284 munus.

1313 2298 1454 2336 Audiat
1474 2299 1556 2336 haec
1578 2300 1708 2348 cerasus
1721 2327 1731 2343 ,
1751 2299 1849 2348 stipes
1867 2298 1982 2334 inanis
2003 2297 2079 2334 erit.

1263 2349 1401 2387 ‘Audiet
1431 2348 1514 2387 haec
1535 2348 1624 2397 ficus
1643 2377 1654 2395 ,
1695 2349 1767 2397 ficu
1793 2348 1954 2399 privabit
1984 2347 2138 2386 amicum
2175 2346 2258 2396 (vel

1395 2399 1555 2448 amicos.)

1315 2449 1372 2498 Es
1366 2450 1437 2487 cule
1460 2463 1501 2487 ne
1512 2450 1650 2499 parias,
1679 2463 1720 2487 ne
1738 2463 1868 2501 quoque
1887 2459 1927 2486 tu
1942 2458 2070 2498 pereas.

1264 2500 1440 2536 Fraxinus
1462 2500 1610 2536 horroris
1633 2500 1779 2550 cauffam
1801 2513 1878 2537 cum
1897 2500 1995 2547 vestit
2015 2500 2163 2537 honoris.

1216 2549 1265 2587 Et
1293 2550 1384 2586 haec
1410 2549 1481 2598 ipsa
1508 2550 1618 2587 etiam
1649 2548 1790 2590 diverso
1812 2550 1928 2588 modo
1947 2550 2117 2599 leguntur
2136 2551 2172 2588 in
2197 2561 2262 2586 co-

1215 2599 1382 2643 dicibus,
1421 2602 1459 2637 &
1487 2601 1602 2638 multa
1631 2601 1741 2639 etiam
1773 2599 1892 2639 deesse
1920 2601 2027 2649 hujus
2057 2599 2258 2642 Potstastri,

1213 2650 1389 2688 indicium
1410 2649 1516 2688 dabat
1544 2651 1719 2697 Junianus
1739 2651 1856 2689 codex
1870 2678 1879 2694 ‚
1908 2650 1969 2688 ubi
1989 2652 2082 2688 inter
2099 2651 2260 2698 primum

1216 2702 1253 2737 δε
1275 2699 1474 2738 secundum
1495 2701 1637 2739 versum
1658 2702 1889 2740 intervallum
1917 2709 2013 2746 erat,
2042 2700 2140 2738 unde
2162 2700 2264 2737 exci-

1215 2749 1302 2788 diffe
1323 2751 1506 2800 quaedam
1530 2752 1677 2789 constat.
1705 2754 1741 2790 in
1765 2752 1838 2790 aliis
1861 2758 1958 2788 erat:

1265 2803 1411 2838 fruetus
1427 2801 1596 2848 jucundos
1609 2830 1619 2846 ‚
1647 2802 1707 2851 qui
1716 2805 1791 2850 fert
1803 2800 1913 2851 fimul
1933 2811 1976 2851 οξ
1994 2799 2200 2838 rubicundas

1264 2851 1408 2889 Audiat
1425 2850 1485 2888 hoc
1496 2851 1585 2898 ficus
1597 2880 1608 2898 ‚
1628 2853 1717 2899 ficus
1731 2852 1892 2903 privabit
1911 2851 2057 2889 amicus.

1266 2901 1409 2940 Audiat
1431 2902 1491 2939 hoc
1511 2903 1641 2952 cerasus
1660 2914 1731 2943 &c-

1216 2953 1258 2991 In
1280 2954 1354 2991 alio
1373 2952 1451 3002 post
1464 2982 1474 2998 ,
1505 2954 1645 2991 Audiat
1663 2955 1723 2990 hoc
1734 2963 1868 3005 prunus
1887 2964 1959 2993 cac.

1267 3006 1446 3040 Datianus
1467 3005 1615 3042 excutiet
1636 3018 1722 3053 quae
1740 3005 1851 3053 gignit
1870 3016 1914 3044 cy
1932 3001 2032 3039 arida
2046 2999 2123 3048 fiet.

1216 3055 1357 3092 Contra
1376 3055 1556 3092 inMoreti
1577 3055 1704 3093 codice
1726 3067 1745 3092 a
1773 3055 1830 3098 ybs.
1852 3067 1908 3100 27.
1931 3053 2079 3089 deerant
2104 3057 2264 3100 quatuor

1214 3105 1372 3142 disticha.
1383 3104 1569 3150 destituant
1590 3105 1687 3142 idem
1705 3106 1842 3143 Moreti
1857 3102 1972 3140 codex
1987 3102 2023 3138 ὅ(
2037 3102 2136 3138 alius.
2151 3101 2262 3138 Fran-

1216 3156 1290 3192 cius
1303 3156 1463 3198 volebat,
1480 3155 1754 3204 deslituetfilvas
1765 3165 1910 3201 utraque
1915 3161 2020 3201 paene
2023 3152 2118 3199 suas.
2133 3151 2264 3188 ssmzm.

1271 3216 1329 3252 31.
1358 3205 1458 3240 Vario
1492 3205 1631 3254 alere]
1671 3207 1728 3242 Sic
1756 3203 1878 3239 variae
1905 3215 1996 3238 uvae
2018 3201 2113 3250 apud
2144 3202 2262 3239 Colu-

1217 3254 1365 3290 mellam
1382 3255 1504 3303 ,cujus
1526 3255 1631 3292 verba
1651 3254 1751 3302 posui
1768 3254 1801 3289 in
1822 3253 1918 3303 epist..
1931 3254 2102 3291 Oenonis
2118 3263 2261 3301 ;quae,

1217 3304 1241 3343 fi
1258 3304 1375 3353 placet
1390 3331 1401 3350 ‚
1424 3305 1581 3345 consule.
1618 3305 1835 3355 Ciofimus.
2240 3351 2247 3356 ι

2112 3363 2168 3403 31.
2196 3357 2266 3397 th
