2553 3676
715 205 1366 263 HEROIDES.

1441 229 1554 264 ΕΡ.
1630 234 1697 269 lv.

2145 235 2212 287 55

243 311 337 373 165
376 298 550 358 FleC'te
571 297 712 351 feros
738 295 954 350 animos.
991 295 1168 367 potuit
1192 314 1539 370 corrumpere
1566 311 1776 357 taurum

450 371 644 426 Mater.
684 369 784 423 eris
820 380 973 421 tauro
997 367 1200 423 saevior
1222 370 1331 440 ipse
1356 371 1527 425 truci?

376 446 478 500 Per
501 441 775 497 Venerem
796 457 1003 512 parcaS‚
1041 458 1167 503 om,
1205 459 1340 513 quae
1365 443 1587 514 plurima
1610 462 1823 500 meeum
1848 446 1944 500 est:
1976 457 1979 461 ’

447 515 532 569 Sic
557 531 845 586 numquam
863 553 878 576 ‚
916 530 1051 585 quae
1080 525 1133 566 te
1171 514 1418 584 spernere
1442 514 1628 585 possit,
1653 536 1809 573 ames

373 587 458 642 Sic
485 586 581 640 tibi
603 586 816 640 secretis
841 585 985 656 agilis
1009 586 1126 639 Dea
1149 585 1358 641 saltibus
1381 587 1540 650 adfit,

229 681 322 730 170

428 659 671 731 Silvaque
695 657 992 744 perdendas
1013 657 1262 729 praebeat
1285 661 1384 715 alta
1406 659 1554 714 feras,

368 730 453 787 Sic
478 731 685 785 faveant
709 730 909 803 Satyri,
946 743 1306 804 montanaque
1330 733 1548 788 numina
1571 733 1767 788 Panes:

438 802 512 857 Et
535 803 689 857 cadat
717 803 930 857 adversa
954 802 1170 874 cuspide
1194 804 1352 859 soss'us
1379 822 1520 876 aper.

365 876 452 931 Sic
478 875 574 929 tibi
599 876 728 929 dent
751 874 1031 947 Nymphae
1060 878 1082 945 <
1094 877 1332 948 quamvis
1357 877 1522 930 odisse
1546 878 1740 949 puellas

438 949 681 1017 Diceris)
722 959 962 1003 arentem
984 965 1119 1021 quae
1144 949 1282 1002 levet
1306 949 1447 1003 unda
1470 949 1620 1005 sitim.

71 1168 172 1209 sensu
189 1169 344 1208 velimus
364 1180 512 1219 capere,
548 1167 789 1218 consequetur
818 1167 967 1206 Cretam
998 1165 1102 1205 fuiffe

70 1221 111 1259 in
132 1221 259 1259 dotem
281 1221 461 1258 Phaedrae
479 1220 599 1258 datam
615 1249 625 1265 ,
660 1219 762 1269 quod
791 1229 913 1268 neque
934 1226 1102 1256 veterum

71 1272 264 1320 quisquam
281 1271 449 1316 tradidit,
475 1283 597 1320 neque
618 1269 696 1308 fieri
714 1271 894 1318 potuerit,
923 1281 1007 1306 cum
1026 1270 1104 1306 Mi-

70 1322 138 1358 noi
160 1319 244 1360 esset
261 1321 352 1359 filius
375 1322 581 1359 Deucalion
595 1349 606 1365 ,
633 1321 697 1369 qui
708 1319 773 1368 ipfi
791 1319 971 1364 successit,
1001 1319 1100 1357 &illi

69 1372 179 1409 frater
199 1373 346 1409 Catreus
360 1400 371 1416 ,
396 1372 483 1409 huic
502 1383 590 1409 vero
612 1371 834 1408 Idomeneus
862 1369 1101 1407 Deucalionis

71 1420 174 1459 filius.
193 1434 228 1459 v.
246 1419 395 1459 Meurfii
416 1423 563 1459 Cretam
576 1421 635 1459 lib.
657 1432 718 1458 111.
731 1432 808 1468 cap.
830 1431 863 1469 3.
886 1422 925 1458 ὃς
943 1434 977 1467 4.
998 1432 1103 1468 prae-

69 1479 167 1509 terea
186 1480 358 1510 notarunt
371 1473 450 1522 jam
468 1473 535 1510 viri
564 1471 666 1510 doeti
685 1471 866 1508 Heroidas
891 1483 970 1509 non
997 1471 1102 1509 adtu-

68 1519 143 1559 liffe
163 1522 300 1560 dotales
310 1531 418 1561 terras
437 1523 594 1567 maritis,
611 1521 672 1559 sed
691 1530 817 1559 contra
827 1534 959 1570 procos
975 1519 1100 1559 emiffe

70 1571 133 1610 fibi
155 1572 293 1621 sponsas
315 1574 522 1610 muneribus
535 1584 651 1621 ‚quae
662 1572 757 1609 dotis
776 1573 899 1609 vicem
922 1573 988 1609 illis
1001 1584 1103 1620 prae-

71 1622 309 1660 stabant.vide
330 1623 475 1660 Salmas.
491 1622 535 1659 de
547 1622 670 1658 Modo
682 1622 869 1668 Usuranp.
883 1622 965 1668 138.
980 1623 1104 1669 Ampl.

75 1673 209 1720 Cuper.
235 1683 263 1709 1.
283 1673 420 1709 observ.
439 1683 498 1708 20.
518 1673 556 1707 &
574 1672 630 1708 Cl.
648 1671 813 1707 Perizon.
832 1670 878 1706 ad
897 1671 1104 1708 Aelian.1v.

76 1731 108 1758 1.
130 1720 224 1759 unde
247 1723 356 1759 etiam
374 1722 476 1770 saepe
500 1721 556 1758 dos
577 1721 649 1770 ipsa
667 1720 724 1757 illa
744 1732 895 1757 munera
922 1721 1105 1757 vocaban-

71 1778 153 1813 tur,
180 1779 221 1808 ut
245 1780 348 1808 notat
375 1772 536 1808 Barthius
565 1771 611 1808 ad
637 1769 764 1807 Claud.
793 1782 823 1806 1.
845 1769 890 1806 de
910 1770 1015 1818 Rapt.
1044 1770 1104 1808 28.

64 1819 128 1857 sed
142 1832 219 1858 non
237 1830 448 1869 perpetuam
466 1829 590 1857 tamen
616 1821 710 1857 hanc
737 1817 839 1856 fuiffe
867 1820 1100 1857 consuetudi-

67 1881 154 1907 nem
176 1898 186 1915 ,
228 1870 288 1908 sed
311 1872 350 1908 ὅ(
372 1870 511 1908 dotatas
531 1870 642 1907 etiam
662 1870 817 1906 Heroici
836 1869 944 1907 seculi
962 1871 1097 1919 puellas

69 1920 114 1958 ad
135 1922 232 1958 viros
262 1920 397 1958 veniffe
424 1929 523 1970 patet
550 1932 595 1957 ex
627 1919 805 1968 Aponon.
838 1919 961 1957 Rhod.
990 1933 1034 1957 11.
1063 1935 1098 1960 v.

68 1970 153 2020 238.
170 1971 331 2020 Euripid.
352 1971 596 2020 Hippol.625.
616 1971 654 2007 &
673 1969 760 2007 aliis.
780 1970 881 2019 quod
898 1978 987 2007 tunc
996 1983 1100 2019 prae-

72 2023 177 2069 cipue
197 2021 261 2059 usu
278 2022 469 2064 veniebat,
503 2021 529 2058 fi
548 2021 637 2058 nulli
657 2018 769 2058 essent
789 2020 855 2057 illis
877 2021 1021 2064 fratres,
1059 2024 1099 2059 &

68 2071 154 2108 ideo
181 2071 348 2108 succeffio
378 2072 422 2109 ad
448 2071 519 2109 illas
545 2071 774 2115 deferretur,
812 2079 852 2108 ut
880 2072 928 2108 ita
952 2071 1100 2119 epistola

69 2120 165 2158 sexta
184 2121 385 2171 Hypfipyle
405 2121 552 2158 dotalem
578 2122 755 2158 Lemnon
781 2121 879 2158 recte
906 2121 1014 2159 offert
1039 2123 1100 2169 Ja-

68 2170 170 2216 soni,
197 2183 316 2221 neque
338 2173 376 2210 in
402 2184 448 2210 eo
469 2173 600 2209 erravit
619 2173 734 2209 Poeta
752 2171 895 2215 noster,
931 2180 971 2209 ut
995 2174 1100 2210 vole-

71 2221 130 2258 bat
167 2222 363 2260 Salmafius.
400 2231 582 2271 praeterea
625 2221 651 2259 fi
689 2234 759 2271 qua
789 2223 926 2259 femina
955 2235 1099 2263 novum

69 2271 242 2310 conderet
260 2285 412 2322 regnum
427 2302 438 2318 ‚
473 2280 614 2321 poterat
632 2272 721 2310 illud
738 2273 819 2310 viro
847 2271 960 2308 dotale
989 2273 1072 2312 dare
1088 2303 1098 2320 ,

68 2330 107 2360 ut
138 2321 239 2360 Dido
267 2324 417 2360 Aeneae
448 2323 555 2361 offert
580 2323 675 2372 apud
705 2323 836 2372 Virgil.
865 2335 917 2361 iv.
940 2324 1099 2363 Aeneid.

72 2383 151 2421 103.
180 2374 303 2421 Quare
320 2374 547 2412 statuendum
574 2373 741 2417 videtur,
776 2377 930 2411 Poetain
951 2375 1011 2412 hic
1037 2377 1098 2414 vel

67 2434 144 2460 non
163 2422 239 2460 satis
258 2423 442 2462 attendiffe
464 2425 511 2462 ad
537 2425 774 2473 antiquorum
800 2432 1013 2472 temporum
1042 2439 1098 2464 ra-

67 2473 208 2510 tionem
221 2501 230 2518 ‚
256 2483 294 2512 ut
312 2475 349 2512 &
370 2476 407 2512 in
426 2475 591 2523 sequenti
611 2474 768 2522 Epistola
784 2474 920 2522 lapsum
942 2477 1017 2524 ejus
1038 2479 1096 2515 vi—

69 2522 231 2561 debimus
245 2552 255 2568 ,
282 2525 341 2561 vel
358 2525 460 2562 illum
477 2552 486 2569 ,
513 2536 641 2573 parum
660 2524 704 2561 de
727 2526 943 2573 antiquitate
964 2526 1096 2565 sollici-

67 2581 144 2610 tum
160 2576 305 2618 ‚omnia
325 2575 506 2613 Phaedrae
528 2572 684 2612 tribuifl'e
704 2574 888 2612 lenocinia
910 2604 920 2620 ‚
966 2578 1095 2625 quibus

73 2625 202 2661 castum
231 2625 479 2674 Hippolytum
510 2637 741 2674 corrumpere
768 2624 906 2673 posset,
943 2627 980 2664 ὃ(
1007 2628 1093 2666 ideo

71 2671 267 2719 splendidae
296 2677 403 2713 etiam
432 2676 526 2713 dotis
543 2676 774 2714 mentionem
791 2674 961 2725 injecisse.
989 2679 1093 2727 quod

74 2721 166 2777 forte
183 2725 401 2764 Hubertinus
420 2727 559 2771 voluit,
595 2726 660 2776 qui
685 2725 730 2763 ad
745 2727 844 2763 hunc
862 2727 988 2765 locum
1009 2741 1091 2767 ora-

75 2778 169 2809 torio
187 2777 316 2824 magis,
343 2789 452 2826 quain
470 2777 638 2815 historico
660 2789 764 2815 more
782 2776 886 2827 loqui
907 2779 1090 2818 Ovidium

76 2824 226 2860 notavit.
241 2827 331 2864 forte
351 2826 463 2875 posset
483 2828 521 2864 &
541 2828 635 2877 legi:

126 2889 183 2937 Est
201 2893 283 2930 mihi
302 2897 428 2934 natalis
443 2896 562 2942 tellus,
591 2898 698 2943 Jovis
715 2898 850 2948 infida,
875 2905 988 2938 Crete.

76 2963 115 2993 ut
127 2954 204 3003 post
223 2967 439 2998 memoratos
456 2963 633 3011 majores,
660 2975 759 3001 nunc
790 2964 899 3001 etiam
919 2964 1090 3002 nobilita-

72 3012 149 3042 tem
171 3006 292 3043 natalis
308 3007 366 3044 soli
382 3010 514 3056 jactet,
551 3013 588 3050 δε
607 3014 755 3051 obscure
776 3010 947 3052 inducere
973 3023 1091 3053 tentet
1147 3010 1216 3048 333

76 3056 323 3112 Hippolytum
339 3083 347 3097 ,
382 3067 421 3112 ut
441 3059 466 3095 fi
487 3061 628 3100 Thesea
651 3066 801 3109 timeat,
838 3065 959 3102 secum
987 3066 1091 3103 abeat

74 3117 111 3143 in
130 3106 265 3143 Creten
286 3135 295 3149 ‚
331 3106 391 3162 ubi
410 3117 531 3146 contra
551 3112 660 3151 Patris
685 3116 761 3151 vini
788 3124 885 3153 tutus
915 3114 983 3153 esse
1011 3116 1092 3165 pos-

70 3154 135 3199 fit,
162 3157 199 3192 δε
219 3165 352 3193 voveat
371 3156 433 3205 ipsi
453 3161 701 3211 inagis,qua1n
718 3167 908 3213 promittat
924 3178 1090 3215 regnum.

75 3206 112 3244 &
133 3205 217 3242 ideo
233 3206 383 3255 sequens
403 3207 518 3244 versus
539 3221 604 3257 pro
623 3221 714 3252 voto
732 3216 924 3265 capiendus
940 3244 956 3263 ,
994 3219 1033 3256 &
1053 3219 1092 3256 in

71 3256 272 3304 parenthesi
290 3257 503 3306 ponendus:

2027 1021 2202 1077 Addi-

1210 1166 1349 1205 Serviat
1369 1168 1544 1220 Hippolyto
1564 1168 1656 1218 regia
1675 1178 1748 1205 tota
1768 1180 1854 1206 mea.

1157 1220 1297 1256 utinam
1319 1220 1430 1257 Patris
1454 1221 1580 1257 Minoi
1600 1221 1675 1257 mei
1691 1220 1788 1268 regia
1811 1231 1898 1256 meo
1908 1218 2121 1268 Hippolyto
2142 1222 2203 1257 ce·‘

1156 1269 1279 1313 deret,
1311 1270 1349 1306 δε
1368 1269 1527 1307 serviret.
1555 1271 1593 1307 in
1614 1270 1829 1320 quibusdam
1853 1270 2038 1307 codicibus
2067 1269 2116 1306 est
2127 1270 2203 1317 ser-

1157 1320 1230 1356 viet
1243 1347 1253 1363 ‚
1281 1320 1384 1368 quod
1404 1320 1700 1358 adfirmationern
1722 1322 1951 1364 contineret,
1989 1319 2089 1369 quasi
2103 1320 2201 1368 Hip—

1155 1371 1286 1419 polyto
1316 1370 1511 1418 sponderet
1548 1382 1716 1419 regnum.
1744 1379 1785 1408 ut
1819 1370 1916 1419 apud
1953 1371 2081 1408 Silium
2117 1382 2155 1407 11
2168 1381 2198 1407 r.

1159 1434 1241 1470 150.
1270 1419 1489 1469 Thybristibi
1500 1421 1631 1470 serviet
1650 1435 1776 1459 omnes.
1789 1421 1960 1459 Francius
1974 1419 2197 1470 corrigebat:

1207 1484 1346 1521 Serviat
1366 1485 1542 1536 Hippolyto
1562 1486 1620 1523 dos
1639 1499 1677 1523 ea
1697 1496 1770 1523 tota
1791 1500 1875 1524 meo.

1156 1548 1217 1587 sed
1236 1561 1306 1598 ego
1324 1558 1468 1587 tantum
1490 1551 1582 1588 mihi
1600 1563 1677 1588 non
1695 1552 1883 1600 permitto.
1909 1550 2176 1589 BURMANNUS.

1214 1601 1293 1647 165.
1322 1600 1430 1636 Flee‘le
1448 1601 1576 1650 feros]
1608 1608 1713 1638 Ferox
1753 1602 1951 1645 Sarravian.
1995 1602 2055 1639 sed
2089 1602 2200 1640 male.

1162 1649 1337 1687 Catalest.
1350 1651 1558 1698 Pirh.p.46.
1587 1651 1695 1687 Flefle
1717 1661 1826 1687 truces
1845 1652 1990 1688 animos.
2009 1660 2050 1689 ut
2070 1652 2200 1689 Heins.

1159 1700 1205 1737 ad
1216 1700 1329 1737 Ovid.
1340 1713 1384 1737 11.
1398 1701 1493 1737 Met.
1506 1701 1589 1747 482.
1617 1702 1786 1739 correxit.
1802 1701 1861 1738 sed
1879 1702 2121 1739 nihilominus
2143 1701 2200 1738 di-

1157 1749 1298 1786 stichon
1326 1751 1401 1787 hoc
1421 1751 1543 1788 nescio
1565 1762 1641 1799 quo
1664 1751 1781 1788 modo
1805 1764 1881 1788 non
1903 1752 2092 1794 satisfacit,
2127 1763 2200 1788 nec

1159 1799 1369 1836 Ovidianae
1395 1812 1510 1837 venae
1539 1799 1608 1837 effe
1634 1801 1780 1837 videtur
1798 1828 1808 1844 ‚
1843 1809 1884 1838 ut
1913 1799 2059 1838 fortasse
2080 1813 2198 1850 aeque

1154 1860 1196 1886 ac
1215 1850 1433 1897 praecedens
1453 1850 1493 1887 sit
1503 1850 1692 1888 intrusum.
1720 1851 1852 1899 Aptius
1866 1852 1965 1889 enim
1977 1851 2096 1889 oratio
2110 1864 2198 1901 pro·

1154 1900 1299 1938 cederet
1321 1900 1348 1938 si
1368 1900 1428 1938 illa
1452 1900 1783 1946 connecterentur,

1329 1977 1375 2008 Et
1393 1972 1482 2009 mihi
1494 1970 1529 2022 fi
1545 1985 1613 2008 non
1630 1972 1686 2008 vis
1698 1981 1836 2023 parcere
1849 2001 1858 2017 ,
1882 1982 1982 2022 parce
1999 1974 2096 2013 meis.

1230 2028 1296 2059 Per
1314 2029 1471 2060 Venerem
1485 2032 1629 2072 parcas,
1651 2036 1727 2069 oro,
1749 2025 1821 2061 &e.
1848 2025 1976 2062 BuaM.

1211 2098 1292 2132 170.
1320 2085 1557 2135 Perde-adas.]
1586 2085 1928 2125 Helmaestadienfis
1949 2089 2197 2138 praedanda5‚'

1154 2136 1242 2173 vide
1262 2148 1356 2186 quae
1376 2139 1505 2175 notavi
1524 2136 1570 2175 ad
1592 2137 1783 2176 Claudian.
1814 2138 1986 2176 Fescenn.
2012 2141 2050 2177 in
2080 2141 2194 2189 Nupt.

1156 2187 1307 2224 Hon.v.
1321 2201 1364 2224 11.
1385 2189 1596 2225 Hemsrus.
1614 2188 1772 2224 Malev.
1785 2188 1830 2226 ad
1844 2201 1857 2226 r
1876 2191 2123 2237 Metam.444.

1209 2249 1290 2283 171.
1319 2238 1460 2288 Panes]
1490 2237 1604 2274 Fauni
1630 2237 1802 2276 Francos.
1835 2240 2010 2278 Lincoln.
2042 2242 2081 2278 ὃς
2104 2240 2191 2278 οέὶο

1153 2287 1223 2325 alii.
1244 2301 1370 2337 parum
1393 2290 1513 2326 refert.

1209 2351 1287 2385 172.
1315 2339 1368 2375 sic
1393 2340 1496 2376 cadat
1525 2338 1710 2388 adversa]
1739 2344 1786 2375 Et
1817 2341 1920 2377 cadat
1944 2340 2023 2379 libri
2051 2353 2193 2381 Omnes.

1152 2389 1276 2427 Habes
1311 2390 1472 2428 eundem
1506 2390 1651 2428 versum
1687 2391 1873 2429 Remedio
1920 2391 2070 2429 Amoris
2107 2404 2192 2440 204.

1153 2440 1362 2478 Hrmsxus.

1209 2503 1287 2538 174.
1316 2489 1518 2540 Arentem]
1550 2490 1747 2527 Ardentem
1775 2490 1919 2538 plurimi
1942 2490 2097 2528 codices.
2135 2492 2191 2531 Ita

1152 2541 1280 2579 Claud.
1291 2554 1318 2578 1.
1332 2542 1367 2578 in
1382 2541 1504 2577 Rufin.
1519 2541 1759 2586 104Ardebat
1770 2538 1978 2588 major-esth.
1990 2542 2027 2578 &
2037 2542 2189 2580 Phaedr.

1150 2604 1213 2628 111.
1227 2592 1295 2629 fab.
1319 2592 1374 2629 16.
1393 2591 1512 2627 ardere
1523 2589 1585 2639 fiti
1602 2590 1703 2627 dixit.
1724 2592 1762 2627 &
1783 2591 1857 2628 alii.
1877 2590 1937 2628 sed
1952 2591 2053 2629 idem
2063 2600 2188 2632 tamen

1150 2642 1370 2680 Claudianus
1393 2654 1438 2679 11.
1451 2642 1489 2679 in
1503 2640 1625 2678 Rufin.
1642 2653 1723 2689 510.

1249 2706 1397 2756 Arescat
1417 2705 1550 2755 decepta
1558 2703 1648 2754 fitis.

1148 2771 1187 2808 δε
1206 2770 1291 2808 ibid.
1308 2770 1398 2808 vers.
1418 2770 1453 2808 8.

1247 2836 1470 2886 Pollutaeque
1486 2844 1611 2884 negant
1628 2833 1772 2884 arescere
1780 2835 1912 2883 fauces.
1938 2835 2085 2872 Hers.

1144 2897 1192 2935 fic
1213 2900 1354 2935 Ardens
1373 2901 1410 2936 δε
1428 2904 1544 2936 Arens
1564 2899 1678 2947 Libye.
1705 2899 1791 2937 vide
1822 2900 1950 2936 Heins.
1979 2899 2024 2937 ad
2057 2900 2184 2938 Claud,

1144 2961 1207 2986 111.
1235 2950 1345 2987 Cons.
1377 2951 1480 2987 Hon.
1508 2962 1590 2998 205.
1621 2952 1660 2986 δε
1682 2955 1798 2987 Arens
1819 2957 1931 2986 Meroe
1959 2951 2100 2987 Lucan.
2133 2962 2184 2987 iv.

1147 3062 1252 3087 κων.
1275 3050 1332 3100 38.
1351 3050 1487 3088 sedhic
1500 3061 1653 3087 arentem
1665 3053 1841 3099 praefero.
1854 3063 1888 3087 v.
1911 3051 2184 3088 ad.111.Ainor.

1146 3113 1217 3138 vix.
1240 3112 1298 3149 51.
1328 3101 1446 3137 Arida
1460 3100 1538 3150 sitis
1558 3101 1630 3137 urit
1649 3102 1764 3139 Catal.
1783 3103 1875 3138 Pith.
1898 3114 1929 3149 p.
1947 3112 2002 3149 33.
2016 3111 2067 3135 xx.
2088 3100 2184 3138 Met.

1152 3163 1232 3200 129.
1261 3152 1387 3189 Senec.
1416 3151 1554 3201 Thyes.
1585 3165 1616 3199 ς.
1644 3152 1795 3190 Paullin.
1819 3153 1941 3189 Carni.
1958 3162 1992 3187 v.
2013 3150 2057 3186 dc
2076 3149 2184 3195 joan,

1144 3201 1321 3250 Baptista:

1199 3271 1435 3318 Arentemque
1445 3266 1542 3319 sitim
1559 3269 1736 3307 decurrens
1753 3269 1846 3306 unda
1866 3265 2018 3304 levabat.
2030 3264 2107 3353 136un
2115 3278 2157 3303 M.

1997 3326 2037 3364 17
2068 3343 2077 3353 .
2101 3322 2188 3365 Pet·⁸

1224 3029 1231 3036 .
1261 3000 1381 3037 ubi&
1408 3001 1515 3038 MSS.
1546 3000 1681 3037 ardens.
1707 3001 1781 3038 vid.
1810 3002 1848 3038 &
1879 3002 1996 3037 Gron.
2025 3000 2070 3036 ad
2099 3000 2185 3038 Liv.
2241 3012 2245 3016 ’
