2553 3676
602 200 1141 268 AMORUM
1215 186 1696 276 i.‘113.111.7.>

2101 233 2203 284 499

361 304 454 360 Ah
474 302 643 376 pudet
668 295 952 354 annorum!
995 309 1106 366 quo
1129 308 1217 346 me
1234 292 1599 370 juvenemque
1623 300 1932 375 virumque..⁴

245 391 317 431 20

429 377 545 431 Nee
562 374 813 444 juvenem
828 408 843 431 ‚
880 385 981 422 nec
1005 383 1094 419 me
1118 364 1272 420 senfit
1296 369 1464 423 amica
1487 371 1676 428 virum.

356 449 442 503 Sic
465 446 700 500 flammas
725 442 931 496 aditura
952 439 1061 512 pias
1085 450 1297 493 aeterna
1320 439 1564 496 sacerdos

427 517 634 588 Surgit,
673 517 728 568 δε
755 516 784 568 a
812 532 937 569 caro
962 511 1125 569 fratre
1149 512 1385 570 verenda
1410 512 1574 569 soror.

355 593 432 645 At
456 606 627 661 nuper
650 588 729 642 bis
752 586 888 641 flava
913 585 1139 649 Chlide,
1175 597 1259 640 ter
1286 585 1513 641 candida
1535 585 1730 653 Pitho,

423 659 546 715 Ter-
567 660 728 715 Libas
756 659 944 714 officio
967 659 1277 714 continuata
1301 676 1441 715 meo.

242 751 312 802 25
349 733 585 804 Exigere
610 735 639 788 a
662 733 814 788 nobis
840 731 1055 805 angusta
1079 730 1238 786 nobie
1261 731 1556 788 Corinnam
1571 772 1588 797 ‚

425 805 526 860 Me
549 807 771 861 memini
795 822 1046 860 numeros
1071 803 1357 860 sustinuiffe
1380 823 1596 861 novem.

350 878 498 933 Num
519 895 639 933 mea
662 877 967 933 Thessalico
995 878 1246 948 languent
1269 877 1468 933 devota
1494 893 1705 932 veneno

419 950 696 1024 Corpora?
738 969 867 1005 num
890 950 1082 1004 misero
1107 968 1324 1005 carmen
1351 951 1407 1005 &
1432 949 1595 1006 herba
1621 950 1854 1006 nocent?

347 1022 547 1095 Sagave
572 1024 833 1096 poenicea
857 1023 1044 1077 defixit
1067 1023 1283 1078 nomina
1307 1025 1458 1088 cera,

420 1096 495 1151 Et
519 1096 763 1152 medium
788 1109 974 1153 tenues
999 1096 1054 1150 in
1071 1095 1226 1166 jecur
1245 1097 1363 1169 egit
1387 1098 1542 1153 acus?

108 1325 174 1373 ⁴23.
199 1320 324 1373 chia]
353 1323 508 1361 Nomen
534 1323 609 1360 hoc
636 1321 837 1360 meretricis
862 1328 925 1359 aut
939 1318 1098 1358 tra<9cum

55 1375 108 1414 est
132 1374 154 1412 a
181 1373 338 1412 candore
366 1375 481 1411 niveo
500 1386 508 1410 ε
544 1385 633 1411 nam
655 1371 798 1411 Graece
818 1373 906 1418 χιὼν
925 1372 986 1408 nix
1007 1371 1099 1409 dici-

52 1433 124 1466 tur.
148 1432 210 1462 aut
231 1424 357 1474 (quod
375 1426 489 1481 magis
511 1424 652 1473 placet)
676 1423 697 1460 a
722 1423 818 1460 Chio
837 1422 967 1460 insula:
1001 1420 1021 1458 a
1042 1421 1101 1458 lo-

12 1487 13 1519 ]
54 1488 184 1516 corum
205 1475 305 1513 enim
328 1475 609 1521 nominibus‚ut
625 1472 1097 1522 plurimummominaban-

12 1526 13 1531 ’
54 1534 114 1566 aur
138 1528 358 1565 meretrices.
396 1526 455 1564 Sic
482 1525 580 1575 apud
609 1525 833 1563 Terentium
850 1552 860 1568 ,
889 1522 1094 1566 Andriam3

56 1577 151 1626 apud
172 1577 374 1615 Horatium
389 1604 400 1622 ‚
423 1576 572 1625 Lydiam
587 1605 596 1621 ‚
616 1577 784 1625 legimus.
814 1574 1015 1612 inflectitur
1034 1585 1099 1610 au-

14 1635 15 1641 ’
53 1635 130 1672 tem
151 1628 267 1672 haec,
295 1627 405 1671 Chic,
433 1626 547 1665 Chies.
574 1628 756 1674 Manius.
783 1626 861 1662 Alii
884 1625 995 1662 aliter.
1023 1624 1095 1661 Pu-

18 1701 19 1705 =
54 1685 225 1722 teaneus,
254 1677 364 1715 Clide.
390 1678 469 1715 hoc
490 1678 563 1722 est,
591 1675 718 1722 χλῑδη.
745 1676 846 1724 Clyte
871 1675 1095 1712 Barberinia-

2 1763 5 1769 .
54 1739 132 1767 nus.
159 1730 277 1773 forte,
306 1728 422 1766 Chloe.
456 1739 550 1777 quae
581 1729 619 1766 &
647 1727 898 1765 Horatianum
922 1725 1095 1764 scortum.

56 1779 214 1818 Marti-al.
237 1791 289 1817 1x.
308 1780 429 1829 Epigr.
454 1779 507 1816 16.

105 1855 271 1908 Inscripsit
289 1856 423 1894 tumulo
437 1857 564 1905 septem
575 1855 742 1904 scelerata
764 1855 921 1892 virorum

54 1907 313 2000 Hmjsegyegiſje
332 1906 447 1944 Chloe.
475 1906 560 1957 qnid
578 1915 653 1956 pote
663 1904 866 1955 fimplicim.

105 2047 165 2085 23.
193 2033 331 2083 Pitho.]
361 2032 520 2072 Fortasse
538 2035 630 2072 haec
652 2035 824 2072 meretrix
842 2031 986 2070 credula
1007 2040 1097 2077 erat,

19 2088 20 2093 ’
56 2086 97 2125 &
126 2087 184 2124 cui
214 2084 388 2124 facillime
418 2085 556 2134 aliquid
584 2084 785 2133 persuaderi
804 2092 968 2131 poterat:
998 2083 1096 2121 unde

20 2147 21 2155 ¹
54 2148 197 2175 nomen
219 2136 337 2173 traxit.
364 2147 448 2173 nam
475 2136 666 2178 Πιθκνόπρς
692 2133 713 2171 a
737 2135 884 2172 Graecis
908 2133 1096 2171 credulitas

19 2196 23 2230 ε’
55 2196 295 2235 nuncupatur.
340 2185 442 2224 Pitho
480 2187 591 2224 etiarn
629 2197 770 2223 nomen
808 2183 855 2221 est
884 2185 1095 2233 nymphae,

20 2234 23 2244 '
59 2238 152 2286 apud
173 2236 379 2274 Hesiodum
398 2238 435 2274 in
456 2237 692 2285 Theogonia.
723 2235 824 2272 Libas
850 2247 992 2272 nomen
1017 2247 1098 2272 me-

61 2289 194 2326 retricis
226 2287 295 2331 est,
324 2286 471 2325 forsitan
499 2286 519 2324 {1
542 2288 687 2325 Libano
710 2294 840 2324 monte
855 2313 863 2329 ‚
891 2287 955 2335 qui
975 2285 1022 2322 est
1040 2286 1097 2322 in-

57 2346 112 2377 ter
139 2338 276 2376 Arabes
303 2339 340 2376 &
372 2338 586 2376 Phoenices.
613 2337 712 2376 unde
741 2338 851 2374 etiam
874 2336 970 2385 apud
993 2336 1097 2374 Plau-

55 2396 138 2427 ‘tum
157 2388 308 2425 Libanus
327 2399 468 2426 nornen
487 2388 536 2426 est
554 2389 656 2426 servi.
678 2389 858 2425 Manius.
886 2386 986 2423 Pitho
1001 2414 1011 2430 ,
1039 2388 1096 2425 in-

57 2440 135 2488 quit
154 2440 460 2483 Commentator,
489 2439 583 2477 dicta
601 2439 650 2476 est
664 2468 673 2483 ‚
700 2438 804 2488 quod
824 2437 967 2475 credula
988 2435 1094 2482 esset,

27 2537 28 2542 ¹
60 2492 98 2528 ὅς
117 2489 221 2527 facile
243 2489 443 2537 persuaderi
466 2489 499 2526 ei
521 2489 658 2538 aliquid
680 2488 804 2537 poffet.
842 2487 945 2524 Libas
971 2495 1095 2525 autem

0 2542 2 2544 ’
55 2538 83 2578 ,ὲ
112 2541 256 2578 Libano
286 2549 416 2577 monte
444 2539 589 2577 forsitan
609 2567 618 2584 ‚
647 2541 720 2577 &c.
750 2540 855 2576 Haec
884 2536 997 2586 quam
1030 2538 1097 2576 fint

59 2591 214 2636 frivola,
241 2590 300 2628 alii
322 2590 502 2639 judicent.
529 2589 631 2627 Pitho
660 2588 680 2626 a
701 2590 845 2626 Graeco
870 2589 978 2623 Πειθὼ
999 2588 1098 2626 sum-

62 2648 165 2690 ptum
186 2641 253 2684 est,
283 2641 385 2690 quod
413 2652 554 2678 nomen
576 2639 756 2678 suadelam
775 2667 785 2683 ,
810 2648 850 2677 ut
870 2639 994 2676 Latini
1015 2651 1098 2676 ver-

30 2701 31 2722 2
63 2700 204 2737 terunt,
231 2691 415 2741 significat.
443 2693 569 2739 Quare
596 2704 672 2728 non
702 2689 867 2734 credula,
891 2689 951 2727 sed
976 2689 1097 2727 aetive

32 2780 33 2783 ,
62 2744 206 2792 potius,
233 2754 275 2779 ea
304 2754 397 2791 quae
428 2742 532 2779 facile
563 2741 771 2789 persuadeat
790 2741 889 2783 aliis,
917 2741 1098 2788 accipien-

32 2799 33 2843 ἢ
64 2792 110 2831 da
139 2792 198 2829 est.
228 2791 328 2828 Libas
356 2801 478 2830 autem
506 2792 526 2829 a
555 2794 700 2830 Graeco
727 2791 848 2836 Λιβεῖν
870 2791 1023 2829 derivari
1042 2792 1098 2829 vi-

32 2845 33 2851 ’
65 2843 194 2884 detur,
221 2842 322 2890 quod
340 2843 451 2880 libare
477 2855 518 2880 ac
548 2843 731 2892 degustare
759 2840 955 2891 fignificat:
984 2840 1058 2879 five
1075 2841 1097 2879 a

33 2940 35 2945 Α
54 2892 215 2931 {ib-:indis
235 2892 360 2929 osculis
373 2920 382 2934 .
401 2893 474 2930 five
495 2892 516 2930 a
533 2892 680 2932 libando
699 2894 790 2930 vino
810 2893 1025 2940 appellatam
1045 2892 1099 2929 di-

67 2955 136 2982 cas,
163 2946 239 2979 Aut
260 2940 355 2977 certe
376 2941 397 2978 a
417 2943 594 2990 Λιβάζω,
622 2943 724 2993 quod
751 2943 876 2980 stillare
902 2942 1097 2991 fignificat:

69 2993 166 3033 unde
188 2993 326 3037 Αιβᾰς,
353 3000 473 3038 gutta,
500 2994 558 3030 vel
576 2995 765 3043 scaturigo.
793 2994 1015 3030 Mrcvrrus.

36 3081 38 3102 Ι
121 3044 178 3080 26.
206 3047 251 3078 Et
269 3041 447 3090 memini.]
479 3048 536 3077 Me
561 3044 703 3082 memini
724 3046 762 3081 in
789 3044 933 3093 scriptis.
961 3045 1099 3081 Herus.

69 3091 435 3181 Suffitas-xquaecgam
458 3093 495 3129 in
513 3094 729 3140 repetitione
746 3095 838 3133 illius
858 3095 1100 3144 syn-ibaeffne.

38 3154 39 3158 ’
76 3157 107 3185 1.
162 3152 202 3180 rt.
261 3154 346 3179 m.1
380 3154 415 3190 9.

124 3226 183 3267 Me
203 3218 345 3256 memini
364 3217 496 3257 iratam
518 3218 675 3259 dominae
692 3219 834 3270 tarbaffie
856 3223 1002 3272 capillos.
1032 3220 1037 3224 ⁵

78 3307 128 3335 u.
148 3297 280 3337 Pastor.
299 3309 382 3347 237.

1947 1166 2199 1226 Carmine

1207 1323 1303 1358 Tunc
1330 1319 1405 1422 egbs
1418 1334 1473 1360 me
1508 1317 1653 1360 memini
1682 1318 1779 1357 ludos
1812 1318 1851 1356 in
1881 1316 2042 1367 gramine
2077 1319 2204 1369 Campi

1336 1378 1375 1410 A
1389 1373 1508 1422 picere.

1152 1450 1240 1490 Vid.
1261 1448 1464 1487 Broukhus.
1488 1447 1534 1486 ad
1555 1446 1684 1485 Tibul.
1701 1445 1764 1484 lib.
1786 1457 1817 1482 1.
1838 1443 1943 1494 Eleg.
1969 1456 2002 1482 1.
2020 1443 2076 1488 §bs
2097 1457 2132 1494 3.
2161 1445 2202 1484 δε

1154 1503 1246 1551 supr.
1266 1500 1311 1538 ad
1330 1500 1439 1547 Epist.
1460 1511 1504 1537 11.
1525 1498 1584 1535 61.
1614 1499 1879 1534 Burmannus.

1203 1554 1263 1590 26.
1286 1548 1654 1606 Numerossastinuiffe
1674 1545 1837 1595 novem]
1863 1544 2023 1583 Eosdem
2047 1547 2200 1593 promit·
2273 1538 2276 1540 Ὗ

1153 1605 1196 1649 tit
1214 1600 1408 1651 magnifice
1428 1612 1569 1638 amicae
1588 1599 1669 1636 suae
1685 1627 1695 1643 ,
1723 1597 1749 1635 si
1772 1596 1817 1634 ad
1837 1608 1923 1633 eum
1943 1596 2202 1636 meridiantem

1151 1655 1276 1692 venire
1296 1653 1408 1697 velit,
1433 1651 1596 1688 Catullus
1615 1650 1736 1697 Epigr.
1757 1660 1897 1685 xxxiii.
1918 1648 1954 1683 in
1977 1648 2118 1685 Moreti
2137 1659 2202 1685 co—

1151 1705 1231 1743 dice
1263 1711 1363 1746 erat,
1391 1714 1548 1739 numeros
1577 1700 1699 1736 decem.
1728 1698 1787 1736 sed
1816 1696 1930 1735 Musis
1958 1697 2026 1736 suis
2044 1726 2055 1743 ‚
2087 1698 2199 1737 etiam

1150 1756 1188 1793 in
1210 1755 1332 1797 coitu,
1358 1751 1470 1790 litasse
1495 1753 1624 1788 Poetas
1647 1748 1876 1787 crediderim.

1200 1818 1260 1852 27.
1288 1802 1436 1852 Nam]
1479 1809 1580 1839 Nunc
1599 1830 1609 1846 ,
1636 1801 1719 1845 vel,
1750 1805 1829 1836 Non
1858 1797 1963 1835 multi
1991 1797 2121 1846 scripti.
2162 1798 2202 1836 &

1150 1856 1221 1906 seq.
1242 1855 1347 1894 versu
1369 1854 1479 1891 etiam
1502 1853 1634 1897 multi,
1655 1864 1747 1887 nanc
1769 1848 1829 1887 vel
1849 1862 1917 1884 non
1938 1848 2126 1886 exhibent.

1203 1906 1263 1944 28.
1291 1911 1444 1942 Carmen
1459 1915 1503 1944 (φ
1523 1901 1666 1952 herba]
1698 1901 1798 1939 Virus
1819 1910 1862 1939 ω’
1888 1898 1994 1935 herba
2019 1899 2202 1949 Excerpta

1151 1957 1307 1995 Puteani
1327 1957 1365 1993 &
1383 1954 1457 1992 duo
1478 1954 1632 1991 Moreti.

1204 2021 1262 2057 29.
1291 2013 1422 2054 Sagave
1444 2003 1604 2041 poenicea
1626 2001 1747 2050 defixit
1768 1999 1909 2038 nomina
1930 1999 2045 2050 ceras]
2076 2000 2203 2041 Locus

1151 2070 1230 2096 non
1249 2059 1324 2096 satis
1346 2055 1549 2094 intellecrus
1566 2054 1610 2091 ab
1629 2052 1892 2101 interpretibus.
1916 2050 2117 2100 Duplicem
2137 2052 2200 2090 de=

1153 2108 1299 2146 fixionis
1328 2108 1491 2155 magicae
1519 2104 1678 2142 modum
1703 2115 1723 2140 a
1745 2102 1891 2140 Nasone
1913 2101 2063 2139 describi
2083 2102 2202 2140 obser-

1155 2171 1283 2204 vamus
1308 2187 1318 2202 ,
1354 2169 1425 2206 qua
1458 2156 1644 2193 absentem
1673 2152 1908 2191 devovebant
1936 2152 2038 2201 sagae
2068 2164 2203 2201 quemss

1155 2220 1328 2259 cumque.
1365 2207 1534 2245 Alterum
1561 2205 1671 2242 habes
1701 2202 1923 2252 Hypsipyles
1954 2203 2111 2252 Epistola
2146 2216 2200 2242 vr.

1154 2273 1214 2309 91.
1235 2261 1280 2299 de
1300 2258 1438 2296 Medea
1453 2285 1461 2299 ,
1485 2263 1647 2294 Devovet
1667 2253 1818 2303 absentes
1831 2251 2090 2303 fimalacraqae
2110 2266 2200 2290 cerea

1145 2311 1235 2359 figit.
1256 2322 1340 2349 nam
1358 2311 1405 2348 ita
1423 2308 1495 2346 illic
1516 2305 1763 2356 castigandum
1776 2302 1845 2341 effe
1860 2315 1904 2341 ex
1917 2305 2065 2352 optimis
2079 2316 2201 2349 mem-1

1150 2363 1267 2399 branis
1293 2361 1358 2399 suo
1389 2359 1477 2397 loco
1509 2359 1737 2396 monuimus.
1777 2355 1993 2392 Saeviebant
2021 2355 2199 2393 nimirum

1151 2413 1246 2462 stylis
1264 2411 1386 2450 aeneis
1404 2409 1588 2448 acubusve
1615 2406 1802 2445 veneficae
1824 2417 1865 2442 ac
1886 2416 2013 2452 magae
2033 2405 2069 2440 in
2087 2403 2200 2442 fimu—

1150 2463 1245 2501 lacra
1258 2475 1302 2500 ex
1316 2460 1396 2499 cer-'ii
1413 2462 1569 2498 formata
1582 2458 1628 2496 ad
1647 2456 1923 2495 similitudinem
1940 2455 2200 2503 illorum‚quos

1152 2512 1395 2551 devovendos
1434 2510 1497 2548 fibi
1533 2507 1790 2558 proponebant
1815 2533 1825 2550 ‚
1867 2504 1996 2541 additis
2034 2505 2200 2543 incanta-

1153 2567 1299 2601 mentis.
1334 2571 1620 2609 nonnumquam
1660 2559 1697 2594 &
1728 2556 1803 2603 igni
1830 2554 2079 2592 admovebant
2106 2555 2199 2594 haec

1152 2614 1339 2651 simulacra
1355 2640 1364 2655 ‚
1393 2611 1440 2648 sic
1460 2619 1499 2648 ut
1518 2608 1706 2658 paullatim
1725 2605 1973 2655 liquescerent.
2002 2617 2073 2654 qua
2093 2605 2139 2643 de
2159 2618 2199 2644 re

1153 2664 1261 2702 habes
1286 2661 1456 2701 nonnihil
1475 2662 1513 2698 in
1535 2657 1827 2697 Pharmaceutria
1851 2655 2061 2704 Virgiliana.
2092 2657 2197 2696 Alte-

1152 2727 1234 2753 rum
1265 2711 1529 2752 incantamenti
1559 2722 1601 2747 ac
1630 2707 1841 2745 devotionis
1868 2712 2004 2755 gemis,
2033 2719 2118 2744 cum
2144 2716 2200 2746 ta-

1152 2765 1252 2803 bellis
1284 2762 1521 2803 inscribebant
1547 2761 1695 2798 illorum
1725 2758 1906 2801 nomina,
1935 2769 2027 2806 quos
2058 2757 2199 2797 defixos

1152 2828 1195 2854 ac
1214 2816 1371 2854 devotos
1395 2812 1609 2861 cupiebant,
1638 2808 1842 2857 eademque
1861 2809 2016 2845 nomina
2034 2809 2129 2857 pari,
2158 2818 2201 2847 ut

1154 2867 1292 2904 dietum
1321 2866 1392 2909 est,
1419 2862 1536 2900 modo
1559 2859 1847 2903 confodiebant,
1874 2866 1936 2895 aut
1962 2860 2197 2907 imprecatio=

1154 2917 1259 2954 nibus
1288 2915 1468 2962 adscriptis
1496 2911 1763 2954 devovebant,
1799 2918 1839 2946 ut
1867 2920 1956 2946 mox
1981 2910 2198 2947 videbimus..

1156 2967 1325 3005 Tabellas
1354 2963 1436 3002 cera
1454 2963 1558 3001 rubra
1580 2962 1796 3011 plerumque
1823 2958 1949 2997 oblitas
1971 2958 2073 2997 suiffe
2094 2959 2198 2996 disci-

1156 3030 1237 3055 mus
1258 3029 1301 3054 ex
1319 3017 1508 3053 Amorum
1529 3013 1620 3050 libro
1643 3012 1763 3061 primo
1782 3011 1907 3059 Elegia
1926 3023 1995 3048 xri.
2026 3010 2085 3046 ubi
2103 3010 2195 3047 inte:

1155 3069 1224 3106 alia
1242 3068 1287 3106 ad
1306 3078 1425 3105 ceram
1444 3064 1673 3103 tabellarem:

1206 3140 1262 3173 At
1275 3163 1285 3179 ‚
1305 3145 1490 3183 tamquam
1512 3132 1618 3170 minio
1630 3159 1640 3176 ‚
1663 3131 1799 3179 penitus
1818 3129 1990 3167 medicata
2008 3125 2148 3163 rubebas
2158 3127 2173 3169 ,'

1262 3184 1323 3222 Ille
1341 3184 1427 3221 color
1445 3198 1524 3220 vere
1536 3181 1818 3232 sanguinolentus
1837 3190 1923 3216 erat.

1160 3250 1215 3286 Ut
1241 3248 1318 3296 jam
1352 3248 1595 3296 intelligamus
1628 3259 1713 3288 cur,
1742 3243 1819 3280 cerd
1838 3242 1985 3279 punicea
2014 3237 2112 3286 defigi
2129 3241 2198 3292 *nom‘

1161 3299 1260 3338 mina
1289 3298 1418 3338 dixerit
1444 3300 1504 3337 hic
1530 3299 1601 3337 loci
1627 3296 1735 3332 Naso.
1765 3293 1860 3330 reete
1891 3299 2012 3331 autem
2043 3301 2194 3325 namma.

1628 3346 1661 3381 R
1680 3355 1697 3379 r
1713 3356 1730 3380 r
1763 3355 1785 3380 2.
2074 3350 2199 3388 neque
