2553 3676
267 224 366 271 154
768 185 1317 249 P.OVIDII

1390 185 1921 243 NASONIS

562 285 701 341 Nate
717 323 730 348 ‚
767 283 925 338 dolor
948 280 1157 343 matriS‚
1193 278 1495 350 rapidarum
1519 278 1712 350 praeda
1736 277 1998 344 ferarum,

643 361 663 427 (
678 356 790 411 Hei
816 355 969 410 mihi!
989 356 1009 422 >

1049 353 1205 406 natali
1230 352 1513 406 dilacerate
1538 365 1660 405 tuo:

564 430 733 492 Nate,
769 445 955 500 parum
979 425 1127 480 fausti
1151 424 1441 480 miserabile
1465 424 1656 496 pignus
1679 426 1903 487 amoris;

642 501 802 556 Haec
827 500 920 554 tibi
945 499 1113 571 prima
1137 499 1277 561 dies,
1315 498 1444 550 haec
1468 496 1564 549 tibi
1589 496 1789 551 summa
1814 497 1931 553 fuit.

427 596 521 644 115
559 575 686 630 Non
712 574 841 628 mihi
865 587 918 627 te
943 572 1089 626 licuit
1112 570 1337 625 lacrimis
1362 567 1689 639 perfundere
1706 568 1876 639 justis:

644 647 703 701 ln
727 661 815 702 tua
840 665 950 701 non
976 644 1145 699 tonsas
1171 643 1310 696 serre
1334 641 1568 712 sepulcra
1593 658 1786 695 comas

574 721 701 778 Non
725 716 1124 792 superincubui:
1165 732 1277 768 non
1300 713 1473 768 oscula
1497 712 1688 784 frigida
1712 714 1889 787 carpsi.

644 794 919 864 Diripiunt
943 788 1126 841 avidae
1150 787 1347 841 viscera
1370 786 1545 840 nostra
1566 786 1725 840 ferae.

572 867 679 939 ipsa
705 881 922 938 quoque
945 861 1171 916 infantes
1195 877 1321 914 cum
1345 859 1565 913 vulnere
1590 859 1878 932 prosequar
1902 858 2139 915 umbras:

436 957 533 994 120

643 940 759 992 lNec
785 950 954 991 mater
980 934 1135 988 fuero
1162 931 1328 996 dicia,
1365 950 1466 986 nec
1491 931 1620 987 orba
1646 932 1753 986 diu.

574 1012 669 1067 Tu
694 1025 899 1073 tamen,
940 1008 974 1061 ὀ
998 1006 1185 1062 frustra
1209 1006 1428 1060 miserae
1451 1006 1653 1077 sperate
1676 1005 1873 1070 sorori,

651 1083 858 1156 Sparsa,
895 1099 1118 1155 precor,
1157 1080 1266 1134 nati
1292 1079 1484 1150 collige
1509 1077 1749 1133 membra
1773 1080 1850 1134 tui
1866 1099 1892 1134 :.

574 1157 647 1213 Et
673 1157 813 1212 refer
837 1156 903 1210 ad
927 1167 1182 1217 matrem,
1216 1153 1470 1226 socioque
1493 1153 1714 1225 impone
1736 1151 2006 1225 sepulcro:

651 1230 906 1303 Urnaque
930 1245 1028 1282 nos
1051 1227 1265 1290 habeat,
1305 1225 1597 1299 quamlibet
1622 1237 1759 1289 arta,
1797 1225 1948 1280 duos.

434 1320 531 1373 125
571 1303 623 1360 V
630 1304 715 1358 ive
740 1320 950 1357 memor
975 1299 1167 1364 nostri,
1204 1300 1550 1372 lacrimasque
1573 1299 1630 1354 in
1654 1299 1871 1354 vulnera
1894 1298 2087 1354 funde:

653 1377 806 1432 Neve
829 1373 1122 1430 reformida
1146 1390 1339 1446 corpus
1364 1372 1584 1427 amantis
1608 1388 1799 1427 amans,

343 1576 359 1602 1
370 1577 384 1603 1
397 1574 426 1601 ῐ.
455 1566 680 1616 Rapidarum.
701 1563 717 1614 ]

2311 1444 2451 1513 [Tu

755 1564 804 1602 Et
829 1563 891 1602 hic
922 1563 1130 1601 rabidarum
1158 1561 1333 1612 quidam,
1388 1562 1595 1600 Puteaneus
1615 1562 1654 1600 ὅτ
1674 1561 1781 1600 multi
1803 1562 1863 1600 alii
1891 1573 1936 1598 ex
1963 1560 2257 1611 castigatioribus.
2284 1559 2436 1598 Vulnera

284 1616 347 1655 alii
374 1617 588 1667 trepidorum
618 1617 766 1653 habent.
793 1615 867 1652 vid.
890 1615 935 1651 ad
956 1614 1067 1664 Epist.
1087 1613 1336 1662 praecedentis
1391 1615 1429 1651 in
1451 1614 1628 1661 excerptis
1648 1614 1819 1650 Douzae.
1836 1613 1996 1649 Metam.
2018 1625 2068 1650 w.
2098 1625 2177 1658 140.

287 1677 381 1705 vers,
399 1669 458 1714 96.
482 1680 573 1704 mox
596 1665 818 1715 dilacerande
840 1665 996 1702 malebat
1017 1659 1278 1703 Broulzhufius.

344 1729 424 1762 114.
451 1715 724 1765 Summafuit.]
755 1715 946 1761 ‘Avapccpia
975 1716 1193 1753 Cmrzmus.

1445 1663 1596 1762 miser?
1608 1662 1784 1712 supplevit
1802 1662 1965 1711 lacrymis
1978 1691 1988 1708 ‚
2009 1661 2204 1713 fletumque
2225 1662 2340 1700 cruori

1447 1720 1504 1750 Mt
1523 1723 1605 1750 cult.

346 1768 425 1805 116.
439 1776 510 1805 Nec
525 1767 668 1817 tonsas]
685 1766 905 1815 Simpliciter
922 1768 1047 1816 accipe
1066 1780 1134 1803 non
1155 1766 1286 1814 longas,
1298 1772 1339 1804 ut
1396 1764 1480 1802 Lib.
1502 1777 1591 1802 xm.
1614 1776 1700 1813 490.

292 1819 523 1857 Hubertinus
542 1819 706 1867 exponit.
734 1818 898 1855 solebant
915 1826 1040 1855 autem
1061 1816 1215 1854 funerali
1232 1828 1340 1854 more

1447 1815 1539 1852 Huic
1565 1829 1696 1867 quoque
1724 1815 1789 1853 dat
1816 1814 2013 1864 lacrymas,
2041 1816 2215 1863 lacrymas
2232 1813 2272 1851 in
2291 1812 2444 1853 vulnera

295 1881 421 1907 comas
452 1871 609 1908 resecare
641 1870 679 1906 ὃ(
707 1870 744 1906 in
780 1879 913 1917 rogum
940 1868 1098 1905 ardentis
1134 1876 1197 1905 aut
1224 1867 1342 1916 sepul-
1572 1866 1714 1914 fundit.

294 1922 425 1959 chrum
462 1922 621 1959 mittere.
648 1920 874 1957 Mrcittus.
921 1919 1008 1956 Mos
1042 1925 1117 1956 erat
1145 1918 1242 1968 apud
1276 1930 1343 1955 ve·
1396 1915 1733 1957 Pont.11b.1v.E1.
1756 1928 1808 1953 XI.

291 1980 387 2010 teres
411 1999 421 2016 ,
458 1981 498 2010 ut
524 1980 656 2009 matres
684 1971 855 2019 capillum
888 1969 949 2007 fibi
971 1969 1170 2007 tonderent
1192 1998 1202 2014 ‚
1240 1970 1278 2007 &
1301 1968 1344 2006 fi-

1452 1965 1579 2014 Fovisti
1596 1965 1759 2014 lacrymis
1778 1965 1928 2003 vulnera
1952 1966 2063 2015 nostra
2082 1967 2165 2006 tuis.

292 2024 432 2061 liorurn
454 2023 645 2072 sepulchris
663 2023 870 2072 injicerent.
890 2021 1051 2060 Ovidius
1071 2034 1162 2060 xm,
1185 2023 1344 2059 Metam.
1401 2019 1574 2056 Lucanus
1594 2016 1655 2054 lib.
1678 2029 1771 2054 vin.
1790 2028 1873 2062 727.

293 2085 381 2122 427.
406 2073 451 2111 de
475 2075 654 2112 Hecuba:

348 2130 501 2168 Hectoris
519 2131 557 2167 in
579 2130 714 2167 tumulo
734 2145 861 2169 canum
880 2132 920 2168 de
940 2131 1069 2169 vertice
1092 2131 1219 2168 crinem

350 2181 498 2228 Inferias
514 2181 645 2232 inopes,
674 2182 803 2219 crinem
818 2212 827 2227 ‚
857 2183 1086 2232 lacrimasque
1106 2182 1260 2232 reliquit.

298 2247 516 2285 exoremus.
546 2253 626 2284 Non
648 2248 762 2296 tonsas
790 2248 921 2296 scripti.
951 2248 1164 2285 Heinsius.
1200 2245 1350 2284 Huber-

298 2300 398 2337 tinus
421 2298 566 2336 videtur
588 2297 778 2347 respexisse
803 2299 847 2336 ad
870 2298 978 2347 Epist.
1002 2311 1111 2336 vrit.
1136 2298 1196 2345 78.

356 2366 429 2416 Ipsa
449 2380 502 2416 ego
523 2380 591 2403 non
613 2365 723 2416 longos
745 2366 939 2403 etiamnum
953 2364 1052 2415 sciffa
1070 2364 1216 2415 capillos.

304 2427 379 2466 Sed
400 2441 469 2465 non
485 2428 720 2478 jungendum
745 2428 793 2466 est
816 2440 900 2466 cum
912 2429 1016 2476 serre.

361 2490 442 2525 117.
471 2479 596 2529 Oscula
609 2480 745 2528 frigida
766 2477 906 2528 carpfi.]
939 2480 1077 2529 Magna
1097 2479 1271 2518 codicum
1292 2478 1355 2515 hic

305 2531 472 2568 varietas.
500 2530 775 2580 Argentincnfis
797 2531 891 2578 fixi,
919 2530 978 2567 alii
997 2529 1128 2579 sumsi,
1157 2532 1216 2568 alii
1231 2528 1352 2579 junxi.

307 2582 347 2618 &
374 2582 546 2619 omnium
576 2582 745 2630 exempla
772 2588 1001 2628 competunt.
1029 2582 1103 2619 vid.
1133 2581 1179 2619 ad
1202 2579 1355 2630 Epiced.

310 2631 417 2669 Drus.
437 2645 495 2680 95.
525 2633 621 2669 forte
651 2634 688 2670 &
708 2632 815 2680 finxi.
841 2631 926 2669 vide
954 2644 1048 2681 quae
1068 2640 1163 2670 noto
1185 2645 1241 2671 xv.
1261 2632 1357 2669 Met.

315 2692 394 2727 141.
426 2684 636 2720 Hfimsms.

372 2745 382 2768 1
401 2745 452 2779 υ).
483 2735 553 2782 Ipsa
581 2748 712 2785 quoque
735 2733 885 2782 infantis
907 2748 985 2771 cum
1008 2734 1154 2771 vulnere
1176 2734 1359 2785 persequar

315 2781 497 2832 κανόνα]
527 2785 715 2836 prosequar
734 2787 940 2824 Puteaneus
959 2788 998 2823 δε
1019 2786 1078 2823 alii
1100 2786 1281 2823 mcliorcs.
1311 2784 1359 2822 est

317 2842 442 2870 autem
459 2835 611 2871 verbum
633 2837 837 2886 exequiale;
853 2836 899 2874 fic
909 2839 1022 2884 sunus
1034 2837 1199 2886 prosequi.
1214 2836 1360 2886 Apulej.

318 2896 374 2922 lv.
397 2885 491 2921 Met.
516 2890 594 2920 'loto
610 2887 825 2936 prosequente
847 2888 961 2937 populo
975 2917 984 2932 ‚
1013 2888 1143 2924 vivum
1159 2888 1362 2937 producitur

311 2940 436 2981 sunus.
464 2936 502 2971 &
532 2935 591 2971 lib.
624 2949 711 2974 vm.
743 2944 860 2974 Funus
888 2953 968 2975 vero
985 2967 993 2983 ,
1021 2949 1090 2975 toto
1103 2939 1253 2986 feralem
1265 2948 1363 2988 pom-

312 2995 401 3035 pam
414 2988 629 3034 prosequente
646 2988 782 3035 populo‚
811 2989 995 3025 deducitur
1022 2990 1070 3024 ad
1089 2989 1296 3038 sepulcrum.
1325 2990 1364 3026 &

320 3037 382 3074 lib.
413 3048 466 3073 xx.
505 3038 720 3086 Peracc'isque
750 3038 922 3083 feralibus
949 3039 1062 3085 officiis
1082 3067 1091 3082 ,
1121 3040 1366 3088 frequentique

312 3086 534 3137 prosequente
561 3088 751 3130 comitatu,
777 3088 926 3123 tradunt
951 3088 1154 3136 sepulturae.
1183 3091 1287 3126 Silius
1313 3102 1366 3126 11.

326 3137 466 3187 Ipsaque
487 3136 651 3173 laudatas
668 3138 716 3173 ad
732 3151 850 3173 manes
864 3140 1046 3188 prosequar
1062 3138 1215 3176 umbras.
1246 3141 1367 3185 Insan-

323 3199 374 3224 tes
403 3196 585 3237 praeterea
615 3188 757 3224 umbras
786 3189 1014 3226 scribendum
1048 3192 1178 3228 monui
1208 3190 1368 3238 Epistola.

324 3251 377 3277 zx.
401 3241 458 3276 86.
488 3240 697 3277 Hiemsxus.
729 3240 897 3287 Infaustus
920 3240 1051 3278 Codex
1073 3241 1241 3279 Douzae.

1456 2066 1617 2154 Inclubuit
1635 2073 1766 2116 Magno
1778 2095 1788 2113 ‚
1816 2067 2054 2118 lacrymasque
2071 2068 2218 2118 effundit
2238 2068 2278 2106 in
2299 2079 2395 2106 omna

1455 2125 1506 2157 Vu
1524 2132 1600 2155 nus.

1403 2171 1452 2209 Et
1471 2171 1532 2208 lib.
1556 2183 1609 2207 ix.
1635 2182 1691 2218 55.

1454 2226 1542 2270 Ergo
1559 2220 1703 2268 indigna
1716 2219 1799 2267 fui,
1828 2220 1942 2266 dixit,
1973 2227 2150 2265 Fortuna,
2178 2220 2304 2258 mariti

1458 2270 1663 2308 Vulneribus
1682 2271 1811 2307 cuntflis
1831 2271 1940 2321 largos
1956 2273 2140 2320 infundere
2152 2271 2258 2322 fletus
2270 2281 2287 2309 ἕ

1410 2324 1543 2362 Statius
1567 2322 1691 2360 Theb.
1710 2334 1801 2360 vm.
1820 2323 1904 2371 654.

1462 2372 1558 2423 Faffa
1569 2373 1642 2423 pios
1655 2374 1824 2422 gemitus,
1846 2374 2084 2425 lacrymasque
2097 2374 2135 2412 in
2152 2372 2302 2412 vulnera
2313 2373 2430 2423 fudit.

1411 2425 1494 2464 Lib.
1518 2438 1584 2463 111.
1609 2436 1691 2474 131.

1589 2506 1652 2515 —-
1671 2493 1746 2523 Hae
1765 2486 1902 2524 lumina
1911 2486 2055 2537 signant
2067 2515 2078 2531 ,

1464 2538 1681 2588 Vulneraque
1699 2538 1776 2574 alta
1795 2538 1921 2588 replent
1940 2537 2116 2589 lacrymis.

1413 2592 1496 2630 Lib.
1518 2602 1569 2627 xi.
1589 2591 1674 2636 604.

1464 2674 1527 2681 -—
1548 2657 1802 2701 Lacrymaeque
1813 2659 1874 2700 per
1893 2648 1996 2686 arida
2010 2649 2158 2699 serpunt

1466 2704 1627 2741 Vulnera.

1415 2766 1464 2804 Et
1483 2764 1545 2802 lib.
1566 2762 1702 2800 eodem
1717 2791 1726 2807 ,
1749 2775 1840 2801 vers.
1862 2762 1945 2808 642.

1469 2823 1566 2861 Illius
1583 2823 1667 2860 exili
1676 2823 1879 2870 stridentem
1897 2823 1935 2859 in
1949 2824 2077 2871 peflore
2098 2821 2235 2872 plagam

1471 2878 1599 2925 Ismene
1611 2904 1619 2918 ‚
1641 2874 1782 2924 collapsa
1792 2875 1913 2925 super,
1931 2869 2150 2924 lacrimisqice
2168 2875 2336 2926 comisque

1470 2925 1628 2963 siccabat
1644 2924 1817 2974 plangens.

1417 2991 1466 3029 Et
1486 2991 1533 3028 fic
1551 2991 1689 3039 paffim.
1711 2990 1888 3039 Apulejus
1906 2991 2064 3027 Metam.
2088 3003 2179 3028 vm.
2202 2991 2351 3028 Vulnera
2373 2989 2460 3035 illa5
2519 3026 2523 3035 ,

1419 3055 1565 3090 quorum
1595 3041 1724 3087 saniem
1748 3052 1828 3077 tuae
1849 3041 2022 3089 lacrymae
2040 3041 2240 3090 proluerunt
2255 3071 2264 3085 ,
2292 3040 2462 3097 non-sune
2520 3054 2534 3074 2:

1421 3102 1494 3127 tota
1520 3087 1679 3127 dentium
1714 3091 1875 3129 vulnera.
1912 3092 1959 3129 fic
1987 3092 2112 3130 scribo.
2149 3105 2223 3130 non
2245 3093 2463 3141 sanguinem·
2518 3103 2522 3139 j«

1423 3141 1470 3178 fic
1496 3142 1605 3189 paulo
1636 3152 1720 3180 ante
1755 3143 1849 3192 apud
1879 3143 2039 3181 eundem

1424 3191 1521 3241 hasce
1550 3192 1676 3228 umbra
1707 3193 1771 3230 illa
1808 3194 1926 3239 misere
1959 3195 2128 3230 trucidati
2164 3192 2337 3242 Tlepolemi
2367 3190 2463 3239 sanie
2516 3190 2519 3211 ⁵

1424 3254 1604 3280 cruentam
1631 3256 1674 3283 <J
1696 3245 1826 3293 pallore
1852 3245 2037 3292 deformem
2057 3244 2215 3282 attollens
2234 3243 2376 3289 faciem.
2404 3241 2463 3280 ubi
2514 3253 2537 3269 ’¹

380 3301 461 3339 ης.
490 3291 733 3342 Lacrimasque
764 3291 802 3329 in
820 3292 947 3340 funere
967 3292 1126 3344 funde]
1157 3300 1199 3332 In
1228 3292 1371 3332 vulnere
1416 3294 1505 3345 scine
1533 3305 1713 3333 cruentam
1739 3296 1939 3348 legebatur.
1972 3297 2052 3336 libr.
2079 3307 2165 3335 vn.
2192 3293 2324 3332 Nullus
2348 3303 2466 3331 tamen
2531 3315 2533 3318 -

2389 3338 2468 3393 afi-

2065 3157 2072 3180 :
2111 3149 2206 3180 Tunc
2233 3143 2323 3178 inter
2351 3153 2462 3178 moras
2528 3161 2535 3175 ι
