<?xml version="1.0" encoding="UTF-8"?>
<!DOCTYPE html PUBLIC "-//W3C//DTD XHTML 1.0 Transitional//EN"
    "http://www.w3.org/TR/xhtml1/DTD/xhtml1-transitional.dtd">
<html xmlns="http://www.w3.org/1999/xhtml" xml:lang="en" lang="en">
 <head>
  <title>
</title>
<meta http-equiv="Content-Type" content="text/html;charset=utf-8" />
  <meta name='ocr-system' content='tesseract 3.04.00' />
  <meta name='ocr-capabilities' content='ocr_page ocr_carea ocr_par ocr_line ocrx_word'/>
</head>
<body>
  <div class='ocr_page' id='page_1' title='image "./publiiovidiinaso01ovid_0705.png"; bbox 0 0 2553 3676; ppageno 0'>
   <div class='ocr_carea' id='block_1_1' title="bbox 0 0 32 2644">
    <p class='ocr_par' dir='ltr' id='par_1_1' title="bbox 0 0 32 2644">
     <span class='ocr_line' id='line_1_1' title="bbox 0 0 32 2644; baseline 0 0"><span class='ocrx_word' id='word_1_1' title='bbox 0 0 32 2644; x_wconf 95' lang='lat' dir='ltr'> </span> 
     </span>
    </p>
   </div>
   <div class='ocr_carea' id='block_1_2' title="bbox 0 1875 1115 2131">
    <p class='ocr_par' dir='ltr' id='par_1_2' title="bbox 0 1875 1115 2131">
     <span class='ocr_line' id='line_1_2' title="bbox 0 1875 804 1927; baseline 0.001 -12"><span class='ocrx_word' id='word_1_2' title='bbox 0 1892 3 1910; x_wconf 62' lang='lat' dir='ltr'>i</span> <span class='ocrx_word' id='word_1_3' title='bbox 65 1886 191 1915; x_wconf 86' lang='lat' dir='ltr'>autem</span> <span class='ocrx_word' id='word_1_4' title='bbox 233 1878 339 1915; x_wconf 85' lang='lat' dir='ltr'>cistae</span> <span class='ocrx_word' id='word_1_5' title='bbox 382 1877 500 1914; x_wconf 84' lang='lat' dir='ltr'>sacrae</span> <span class='ocrx_word' id='word_1_6' title='bbox 527 1875 598 1914; x_wconf 81' lang='lat' dir='ltr'>effe</span> <span class='ocrx_word' id='word_1_7' title='bbox 630 1878 804 1927; x_wconf 86' lang='lat' dir='ltr'>Dionysii</span> 
     </span>
     <span class='ocr_line' id='line_1_3' title="bbox 12 1927 1115 1978; baseline 0.001 -12"><span class='ocrx_word' id='word_1_8' title='bbox 12 1960 17 1973; x_wconf 31' lang='grc' dir='ltr'>Υ</span> <span class='ocrx_word' id='word_1_9' title='bbox 62 1927 386 1978; x_wconf 74' lang='lat' dir='ltr'>Proserpinaeque.</span> <span class='ocrx_word' id='word_1_10' title='bbox 423 1929 522 1965; x_wconf 87' lang='lat' dir='ltr'>Nam</span> <span class='ocrx_word' id='word_1_11' title='bbox 542 1929 677 1965; x_wconf 86' lang='lat' dir='ltr'>horum</span> <span class='ocrx_word' id='word_1_12' title='bbox 697 1928 791 1967; x_wconf 82' lang='lat' dir='ltr'>sacra</span> <span class='ocrx_word' id='word_1_13' title='bbox 811 1929 1009 1978; x_wconf 56' lang='lat' dir='ltr'>conjuncta</span> <span class='ocrx_word' id='word_1_14' title='bbox 1030 1931 1115 1968; x_wconf 84' lang='lat' dir='ltr'>fuis-</span> 
     </span>
     <span class='ocr_line' id='line_1_4' title="bbox 0 1977 1112 2029; baseline 0.003 -14"><span class='ocrx_word' id='word_1_15' title='bbox 0 1977 16 2015; x_wconf 71' lang='lat' dir='ltr'>:i</span> <span class='ocrx_word' id='word_1_16' title='bbox 62 1978 125 2023; x_wconf 85' lang='lat' dir='ltr'>-se,</span> <span class='ocrx_word' id='word_1_17' title='bbox 152 1980 231 2017; x_wconf 87' lang='lat' dir='ltr'>sunt</span> <span class='ocrx_word' id='word_1_18' title='bbox 251 1982 314 2029; x_wconf 88' lang='lat' dir='ltr'>qui</span> <span class='ocrx_word' id='word_1_19' title='bbox 342 1977 535 2017; x_wconf 83' lang='lat' dir='ltr'>tradidere.</span> <span class='ocrx_word' id='word_1_20' title='bbox 585 1978 634 2016; x_wconf 89' lang='lat' dir='ltr'>Et</span> <span class='ocrx_word' id='word_1_21' title='bbox 663 1991 708 2016; x_wconf 83' lang='lat' dir='ltr'>ex</span> <span class='ocrx_word' id='word_1_22' title='bbox 734 1992 780 2017; x_wconf 89' lang='lat' dir='ltr'>eo</span> <span class='ocrx_word' id='word_1_23' title='bbox 808 1992 960 2029; x_wconf 86' lang='lat' dir='ltr'>quoque</span> <span class='ocrx_word' id='word_1_24' title='bbox 991 1988 1112 2028; x_wconf 84' lang='lat' dir='ltr'>patet,</span> 
     </span>
     <span class='ocr_line' id='line_1_5' title="bbox 0 2029 1114 2078; baseline 0.002 -12"><span class='ocrx_word' id='word_1_25' title='bbox 0 2044 2 2066; x_wconf 63' lang='lat' dir='ltr'>fl</span> <span class='ocrx_word' id='word_1_26' title='bbox 59 2029 217 2078; x_wconf 84' lang='lat' dir='ltr'>-quando</span> <span class='ocrx_word' id='word_1_27' title='bbox 241 2031 283 2067; x_wconf 81' lang='lat' dir='ltr'>in</span> <span class='ocrx_word' id='word_1_28' title='bbox 313 2029 472 2077; x_wconf 85' lang='lat' dir='ltr'>utrisque</span> <span class='ocrx_word' id='word_1_29' title='bbox 502 2029 771 2078; x_wconf 80' lang='lat' dir='ltr'>Cymbalorum</span> <span class='ocrx_word' id='word_1_30' title='bbox 799 2031 838 2067; x_wconf 67' lang='grc' dir='ltr'>δε</span> <span class='ocrx_word' id='word_1_31' title='bbox 865 2031 954 2067; x_wconf 85' lang='lat' dir='ltr'>aeris</span> <span class='ocrx_word' id='word_1_32' title='bbox 979 2032 1114 2069; x_wconf 75' lang='lat' dir='ltr'>tinnitu</span> 
     </span>
     <span class='ocr_line' id='line_1_6' title="bbox 0 2079 1112 2131; baseline 0.001 -14"><span class='ocrx_word' id='word_1_33' title='bbox 0 2086 5 2131; x_wconf 60' lang='grc' dir='ltr'>ξι</span> <span class='ocrx_word' id='word_1_34' title='bbox 67 2079 120 2118; x_wconf 83' lang='lat' dir='ltr'>usi</span> <span class='ocrx_word' id='word_1_35' title='bbox 140 2081 232 2117; x_wconf 83' lang='lat' dir='ltr'>sunt.</span> <span class='ocrx_word' id='word_1_36' title='bbox 259 2089 298 2117; x_wconf 93' lang='lat' dir='ltr'>ut</span> <span class='ocrx_word' id='word_1_37' title='bbox 317 2081 378 2117; x_wconf 90' lang='lat' dir='ltr'>hic</span> <span class='ocrx_word' id='word_1_38' title='bbox 400 2081 514 2116; x_wconf 72' lang='lat' dir='ltr'>roera</span> <span class='ocrx_word' id='word_1_39' title='bbox 532 2081 685 2116; x_wconf 90' lang='lat' dir='ltr'>innuere</span> <span class='ocrx_word' id='word_1_40' title='bbox 707 2080 851 2117; x_wconf 87' lang='lat' dir='ltr'>videtur</span> <span class='ocrx_word' id='word_1_41' title='bbox 873 2092 957 2117; x_wconf 88' lang='lat' dir='ltr'>cum</span> <span class='ocrx_word' id='word_1_42' title='bbox 973 2081 1112 2130; x_wconf 88' lang='lat' dir='ltr'>inquit:</span> 
     </span>
    </p>
   </div>
   <div class='ocr_carea' id='block_1_3' title="bbox 31 2979 33 3032">
    <p class='ocr_par' dir='ltr' id='par_1_3' title="bbox 31 2979 33 3032">
     <span class='ocr_line' id='line_1_7' title="bbox 31 2979 33 3032; baseline 0 0"><span class='ocrx_word' id='word_1_43' title='bbox 31 2979 33 3032; x_wconf 74' lang='lat' dir='ltr'>l</span> 
     </span>
    </p>
   </div>
   <div class='ocr_carea' id='block_1_4' title="bbox 350 192 1802 258">
    <p class='ocr_par' dir='ltr' id='par_1_4' title="bbox 350 192 1802 258">
     <span class='ocr_line' id='line_1_8' title="bbox 350 192 1802 258; baseline 0 0"><span class='ocrx_word' id='word_1_44' title='bbox 350 200 724 258; x_wconf 81' lang='lat' dir='ltr'>ARTIS</span> <span class='ocrx_word' id='word_1_45' title='bbox 798 192 1560 255; x_wconf 80' lang='lat' dir='ltr'>AMAToRIAE</span> <span class='ocrx_word' id='word_1_46' title='bbox 1634 219 1802 258; x_wconf 77' lang='lat' dir='ltr'>LIB.</span> 
     </span>
    </p>
   </div>
   <div class='ocr_carea' id='block_1_5' title="bbox 1877 203 2224 274">
    <p class='ocr_par' dir='ltr' id='par_1_5' title="bbox 1877 203 2224 274">
     <span class='ocr_line' id='line_1_9' title="bbox 1877 203 2224 274; baseline 0.006 -15"><span class='ocrx_word' id='word_1_47' title='bbox 1877 203 1948 260; x_wconf 58' lang='grc' dir='ltr'>ῙῙ,</span> <span class='ocrx_word' id='word_1_48' title='bbox 2129 207 2224 274; x_wconf 74' lang='lat'>641</span> 
     </span>
    </p>
   </div>
   <div class='ocr_carea' id='block_1_6' title="bbox 221 287 1868 941">
    <p class='ocr_par' dir='ltr' id='par_1_6' title="bbox 375 287 1652 426">
     <span class='ocr_line' id='line_1_10' title="bbox 375 287 1652 351; baseline -0.003 0"><span class='ocrx_word' id='word_1_49' title='bbox 375 297 638 351; x_wconf 83' lang='lat' dir='ltr'><strong>Attamen</strong></span> <span class='ocrx_word' id='word_1_50' title='bbox 659 295 802 347; x_wconf 88' lang='lat' dir='ltr'>inter</span> <span class='ocrx_word' id='word_1_51' title='bbox 823 307 921 344; x_wconf 87' lang='lat' dir='ltr'>nos</span> <span class='ocrx_word' id='word_1_52' title='bbox 948 287 1132 341; x_wconf 89' lang='lat' dir='ltr'>medio</span> <span class='ocrx_word' id='word_1_53' title='bbox 1158 290 1428 345; x_wconf 83' lang='lat' dir='ltr'>versantur</span> <span class='ocrx_word' id='word_1_54' title='bbox 1454 293 1510 346; x_wconf 89' lang='lat' dir='ltr'>in</span> <span class='ocrx_word' id='word_1_55' title='bbox 1532 291 1652 346; x_wconf 87' lang='lat' dir='ltr'>usu:</span> 
     </span>
     <span class='ocr_line' id='line_1_11' title="bbox 447 360 1484 426; baseline -0.004 -5"><span class='ocrx_word' id='word_1_56' title='bbox 447 368 552 421; x_wconf 87' lang='lat' dir='ltr'>Sed</span> <span class='ocrx_word' id='word_1_57' title='bbox 577 366 673 426; x_wconf 84' lang='lat' dir='ltr'>fle,</span> <span class='ocrx_word' id='word_1_58' title='bbox 710 363 849 416; x_wconf 89' lang='lat' dir='ltr'>inter</span> <span class='ocrx_word' id='word_1_59' title='bbox 875 379 972 416; x_wconf 83' lang='lat' dir='ltr'>nos</span> <span class='ocrx_word' id='word_1_60' title='bbox 995 372 1056 415; x_wconf 90' lang='lat' dir='ltr'>ut</span> <span class='ocrx_word' id='word_1_61' title='bbox 1079 360 1278 414; x_wconf 78' lang='lat' dir='ltr'>latuiss&#39;e</span> <span class='ocrx_word' id='word_1_62' title='bbox 1305 364 1484 417; x_wconf 82' lang='lat' dir='ltr'>velint.</span> 
     </span>
    </p>

    <p class='ocr_par' dir='ltr' id='par_1_7' title="bbox 374 432 1713 578">
     <span class='ocr_line' id='line_1_12' title="bbox 374 432 1713 512; baseline -0.001 -19"><span class='ocrx_word' id='word_1_63' title='bbox 374 440 482 512; x_wconf 88' lang='lat' dir='ltr'>Ipsa</span> <span class='ocrx_word' id='word_1_64' title='bbox 515 433 701 490; x_wconf 86' lang='lat' dir='ltr'>Venus</span> <span class='ocrx_word' id='word_1_65' title='bbox 732 433 963 506; x_wconf 80' lang='lat' dir='ltr'>pubem,</span> <span class='ocrx_word' id='word_1_66' title='bbox 999 432 1210 506; x_wconf 80' lang='lat' dir='ltr'>quoties</span> <span class='ocrx_word' id='word_1_67' title='bbox 1236 434 1492 488; x_wconf 85' lang='lat' dir='ltr'>velamina</span> <span class='ocrx_word' id='word_1_68' title='bbox 1518 440 1713 506; x_wconf 69' lang='lat' dir='ltr'>ponit,</span> 
     </span>
     <span class='ocr_line' id='line_1_13' title="bbox 445 504 1498 578; baseline -0.003 -16"><span class='ocrx_word' id='word_1_69' title='bbox 445 507 759 578; x_wconf 74' lang='lat' dir='ltr'>Protegitur</span> <span class='ocrx_word' id='word_1_70' title='bbox 783 508 929 561; x_wconf 63' lang='lat' dir='ltr'>laevir</span> <span class='ocrx_word' id='word_1_71' title='bbox 950 504 1299 560; x_wconf 67' lang='lat' dir='ltr'>semireducta</span> <span class='ocrx_word' id='word_1_72' title='bbox 1324 525 1498 560; x_wconf 87' lang='lat' dir='ltr'>manu.</span> 
     </span>
    </p>

    <p class='ocr_par' dir='ltr' id='par_1_8' title="bbox 221 578 1868 653">
     <span class='ocr_line' id='line_1_14' title="bbox 221 578 1868 653; baseline 0 -16"><span class='ocrx_word' id='word_1_73' title='bbox 221 589 328 651; x_wconf 61' lang='lat'>³515</span> <span class='ocrx_word' id='word_1_74' title='bbox 363 582 421 635; x_wconf 90' lang='lat' dir='ltr'>In</span> <span class='ocrx_word' id='word_1_75' title='bbox 446 580 631 634; x_wconf 89' lang='lat' dir='ltr'>medio</span> <span class='ocrx_word' id='word_1_76' title='bbox 656 578 951 653; x_wconf 67' lang='lat' dir='ltr'>passimque</span> <span class='ocrx_word' id='word_1_77' title='bbox 975 586 1097 633; x_wconf 80' lang='lat' dir='ltr'>eo&#39;i‘t·</span> <span class='ocrx_word' id='word_1_78' title='bbox 1116 597 1309 651; x_wconf 57' lang='lat' dir='ltr'>pecuss,</span> <span class='ocrx_word' id='word_1_79' title='bbox 1347 579 1453 633; x_wconf 85' lang='lat' dir='ltr'>hoc</span> <span class='ocrx_word' id='word_1_80' title='bbox 1480 597 1702 653; x_wconf 87' lang='lat' dir='ltr'>quoque</span> <span class='ocrx_word' id='word_1_81' title='bbox 1729 584 1868 648; x_wconf 75' lang='lat' dir='ltr'>vis0,</span> 
     </span>
    </p>

    <p class='ocr_par' dir='ltr' id='par_1_9' title="bbox 441 652 1398 724">
     <span class='ocr_line' id='line_1_15' title="bbox 441 652 1398 724; baseline -0.001 -18"><span class='ocrx_word' id='word_1_82' title='bbox 441 652 660 706; x_wconf 83' lang='lat' dir='ltr'>Avertit</span> <span class='ocrx_word' id='word_1_83' title='bbox 684 654 860 707; x_wconf 82' lang='lat' dir='ltr'>vultus</span> <span class='ocrx_word' id='word_1_84' title='bbox 886 653 1039 724; x_wconf 85' lang='lat' dir='ltr'>saepe</span> <span class='ocrx_word' id='word_1_85' title='bbox 1065 653 1238 723; x_wconf 84' lang='lat' dir='ltr'>puella</span> <span class='ocrx_word' id='word_1_86' title='bbox 1264 652 1398 706; x_wconf 79' lang='lat' dir='ltr'>suos,</span> 
     </span>
    </p>

    <p class='ocr_par' dir='ltr' id='par_1_10' title="bbox 368 723 1632 870">
     <span class='ocr_line' id='line_1_16' title="bbox 368 723 1632 794; baseline 0.002 -16"><span class='ocrx_word' id='word_1_87' title='bbox 368 723 718 779; x_wconf 81' lang='lat' dir='ltr'>Conveniunt</span> <span class='ocrx_word' id='word_1_88' title='bbox 742 725 955 779; x_wconf 57' lang='lat' dir='ltr'>&gt;thalami</span> <span class='ocrx_word' id='word_1_89' title='bbox 977 725 1132 778; x_wconf 86' lang='lat' dir='ltr'>furtis</span> <span class='ocrx_word' id='word_1_90' title='bbox 1159 725 1215 777; x_wconf 69' lang='grc' dir='ltr'>δε</span> <span class='ocrx_word' id='word_1_91' title='bbox 1235 724 1388 794; x_wconf 82' lang='lat' dir='ltr'>janua</span> <span class='ocrx_word' id='word_1_92' title='bbox 1411 725 1632 780; x_wconf 75' lang='lat' dir='ltr'>nosti-iss:</span> 
     </span>
     <span class='ocr_line' id='line_1_17' title="bbox 439 797 1616 870; baseline 0.002 -19"><span class='ocrx_word' id='word_1_93' title='bbox 439 797 675 870; x_wconf 76' lang='lat' dir='ltr'>Parsque</span> <span class='ocrx_word' id='word_1_94' title='bbox 697 798 790 852; x_wconf 82' lang='lat' dir='ltr'>sub</span> <span class='ocrx_word' id='word_1_95' title='bbox 813 797 1002 868; x_wconf 67' lang='lat' dir='ltr'>injecta</span> <span class='ocrx_word' id='word_1_96' title='bbox 1028 797 1169 851; x_wconf 87' lang='lat' dir='ltr'>veste</span> <span class='ocrx_word' id='word_1_97' title='bbox 1195 797 1446 867; x_wconf 87' lang='lat' dir='ltr'>pudenda</span> <span class='ocrx_word' id='word_1_98' title='bbox 1472 800 1616 853; x_wconf 87' lang='lat' dir='ltr'>latet.</span> 
     </span>
    </p>

    <p class='ocr_par' dir='ltr' id='par_1_11' title="bbox 367 868 1704 941">
     <span class='ocr_line' id='line_1_18' title="bbox 367 868 1704 941; baseline 0 -18"><span class='ocrx_word' id='word_1_99' title='bbox 367 868 440 924; x_wconf 82' lang='lat' dir='ltr'>Et</span> <span class='ocrx_word' id='word_1_100' title='bbox 467 869 505 923; x_wconf 89' lang='lat' dir='ltr'>fi</span> <span class='ocrx_word' id='word_1_101' title='bbox 527 887 637 923; x_wconf 91' lang='lat' dir='ltr'>non</span> <span class='ocrx_word' id='word_1_102' title='bbox 661 870 931 934; x_wconf 78' lang='lat' dir='ltr'>tenebra8‚</span> <span class='ocrx_word' id='word_1_103' title='bbox 968 882 1020 924; x_wconf 89' lang='lat' dir='ltr'>at</span> <span class='ocrx_word' id='word_1_104' title='bbox 1046 869 1304 941; x_wconf 75' lang='lat' dir='ltr'>quiddam</span> <span class='ocrx_word' id='word_1_105' title='bbox 1329 870 1480 923; x_wconf 81' lang='lat' dir='ltr'>nubis</span> <span class='ocrx_word' id='word_1_106' title='bbox 1506 889 1704 941; x_wconf 74' lang='lat' dir='ltr'>opacae</span> 
     </span>
    </p>
   </div>
   <div class='ocr_carea' id='block_1_7' title="bbox 216 943 323 996">
    <p class='ocr_par' dir='ltr' id='par_1_12' title="bbox 216 943 323 996">
     <span class='ocr_line' id='line_1_19' title="bbox 216 943 323 996; baseline 0.019 -3"><span class='ocrx_word' id='word_1_107' title='bbox 216 943 323 996; x_wconf 81' lang='lat'>620</span> 
     </span>
    </p>
   </div>
   <div class='ocr_carea' id='block_1_8' title="bbox 0 1101 1119 1173">
    <p class='ocr_par' dir='ltr' id='par_1_13' title="bbox 0 1101 1119 1173">
     <span class='ocr_line' id='line_1_20' title="bbox 0 1101 1119 1173; baseline 0.004 -18"><span class='ocrx_word' id='word_1_108' title='bbox 0 1101 6 1115; x_wconf 45' lang='lat'><strong>²</strong></span> <span class='ocrx_word' id='word_1_109' title='bbox 66 1116 206 1156; x_wconf 64' lang='lat' dir='ltr'>rnclusa</span> <span class='ocrx_word' id='word_1_110' title='bbox 232 1117 327 1157; x_wconf 88' lang='lat' dir='ltr'>sacra</span> <span class='ocrx_word' id='word_1_111' title='bbox 356 1117 447 1156; x_wconf 89' lang='lat' dir='ltr'>deae</span> <span class='ocrx_word' id='word_1_112' title='bbox 479 1118 639 1164; x_wconf 84' lang='lat' dir='ltr'>fuerint,</span> <span class='ocrx_word' id='word_1_113' title='bbox 675 1126 717 1158; x_wconf 89' lang='lat' dir='ltr'>ut</span> <span class='ocrx_word' id='word_1_114' title='bbox 742 1120 805 1159; x_wconf 87' lang='lat' dir='ltr'>hic</span> <span class='ocrx_word' id='word_1_115' title='bbox 822 1119 969 1158; x_wconf 79' lang='lat' dir='ltr'>Merula</span> <span class='ocrx_word' id='word_1_116' title='bbox 991 1127 1119 1173; x_wconf 82' lang='lat' dir='ltr'>putat,</span> 
     </span>
    </p>
   </div>
   <div class='ocr_carea' id='block_1_9' title="bbox 71 1168 1120 1219">
    <p class='ocr_par' dir='ltr' id='par_1_14' title="bbox 71 1168 1120 1219">
     <span class='ocr_line' id='line_1_21' title="bbox 71 1168 1120 1219; baseline 0.003 -13"><span class='ocrx_word' id='word_1_117' title='bbox 71 1168 148 1206; x_wconf 84' lang='lat' dir='ltr'>five</span> <span class='ocrx_word' id='word_1_118' title='bbox 164 1169 288 1217; x_wconf 88' lang='lat' dir='ltr'>secus)</span> <span class='ocrx_word' id='word_1_119' title='bbox 314 1169 464 1219; x_wconf 81' lang='lat' dir='ltr'>perinde</span> <span class='ocrx_word' id='word_1_120' title='bbox 482 1179 523 1208; x_wconf 89' lang='lat' dir='ltr'>ut</span> <span class='ocrx_word' id='word_1_121' title='bbox 551 1172 589 1208; x_wconf 92' lang='lat' dir='ltr'>in</span> <span class='ocrx_word' id='word_1_122' title='bbox 619 1173 839 1219; x_wconf 78' lang='lat' dir='ltr'>ceremoniis</span> <span class='ocrx_word' id='word_1_123' title='bbox 867 1171 1001 1209; x_wconf 88' lang='lat' dir='ltr'>Bacchi</span> <span class='ocrx_word' id='word_1_124' title='bbox 1029 1184 1120 1209; x_wconf 77' lang='lat' dir='ltr'>van-</span> 
     </span>
    </p>
   </div>
   <div class='ocr_carea' id='block_1_10' title="bbox 4 1221 1120 1270">
    <p class='ocr_par' dir='ltr' id='par_1_15' title="bbox 4 1221 1120 1270">
     <span class='ocr_line' id='line_1_22' title="bbox 4 1221 1120 1270; baseline 0.003 -14"><span class='ocrx_word' id='word_1_125' title='bbox 4 1264 9 1270; x_wconf 22' lang='lat'><em>*</em></span> <span class='ocrx_word' id='word_1_126' title='bbox 71 1230 161 1264; x_wconf 86' lang='lat' dir='ltr'>nus,</span> <span class='ocrx_word' id='word_1_127' title='bbox 199 1221 301 1269; x_wconf 89' lang='lat' dir='ltr'>cujus</span> <span class='ocrx_word' id='word_1_128' title='bbox 331 1222 369 1258; x_wconf 90' lang='lat'>&amp;</span> <span class='ocrx_word' id='word_1_129' title='bbox 399 1221 573 1269; x_wconf 85' lang='lat' dir='ltr'>Virgilius</span> <span class='ocrx_word' id='word_1_130' title='bbox 598 1223 772 1259; x_wconf 87' lang='lat' dir='ltr'>meminit</span> <span class='ocrx_word' id='word_1_131' title='bbox 806 1235 836 1260; x_wconf 92' lang='lat'>1.</span> <span class='ocrx_word' id='word_1_132' title='bbox 867 1223 1006 1270; x_wconf 88' lang='lat' dir='ltr'>Georg.</span> <span class='ocrx_word' id='word_1_133' title='bbox 1038 1223 1120 1260; x_wconf 89' lang='lat'>166.</span> 
     </span>
    </p>
   </div>
   <div class='ocr_carea' id='block_1_11' title="bbox 46 1269 1120 1623">
    <p class='ocr_par' dir='ltr' id='par_1_16' title="bbox 46 1269 1120 1623">
     <span class='ocr_line' id='line_1_23' title="bbox 70 1269 1118 1320; baseline 0.004 -14"><span class='ocrx_word' id='word_1_134' title='bbox 70 1269 133 1307; x_wconf 89' lang='lat' dir='ltr'>ubi</span> <span class='ocrx_word' id='word_1_135' title='bbox 154 1272 297 1320; x_wconf 90' lang='lat' dir='ltr'>inquit,</span> <span class='ocrx_word' id='word_1_136' title='bbox 325 1276 372 1307; x_wconf 76' lang='lat' dir='ltr'>Et</span> <span class='ocrx_word' id='word_1_137' title='bbox 391 1272 530 1320; x_wconf 70' lang='lat' dir='ltr'>mystica</span> <span class='ocrx_word' id='word_1_138' title='bbox 549 1283 693 1308; x_wconf 80' lang='lat' dir='ltr'>vannus</span> <span class='ocrx_word' id='word_1_139' title='bbox 712 1271 861 1320; x_wconf 73' lang='lat' dir='ltr'>Hyachi.</span> <span class='ocrx_word' id='word_1_140' title='bbox 887 1272 996 1309; x_wconf 87' lang='lat' dir='ltr'>Haec</span> <span class='ocrx_word' id='word_1_141' title='bbox 1018 1274 1118 1311; x_wconf 91' lang='lat' dir='ltr'>enim</span> 
     </span>
     <span class='ocr_line' id='line_1_24' title="bbox 46 1321 1118 1380; baseline 0.003 -22"><span class='ocrx_word' id='word_1_142' title='bbox 46 1353 52 1380; x_wconf 72' lang='lat' dir='ltr'>t</span> <span class='ocrx_word' id='word_1_143' title='bbox 63 1322 280 1370; x_wconf 82' lang='lat' dir='ltr'>purgationi</span> <span class='ocrx_word' id='word_1_144' title='bbox 292 1321 543 1371; x_wconf 84' lang='lat' dir='ltr'>fignificandae</span> <span class='ocrx_word' id='word_1_145' title='bbox 561 1321 795 1359; x_wconf 80' lang='lat' dir='ltr'>adhibebatur</span> <span class='ocrx_word' id='word_1_146' title='bbox 809 1351 819 1366; x_wconf 93' lang='lat'>,</span> <span class='ocrx_word' id='word_1_147' title='bbox 833 1330 872 1360; x_wconf 91' lang='lat' dir='ltr'>ut</span> <span class='ocrx_word' id='word_1_148' title='bbox 885 1322 1020 1360; x_wconf 88' lang='lat' dir='ltr'>eodem</span> <span class='ocrx_word' id='word_1_149' title='bbox 1031 1323 1118 1361; x_wconf 84' lang='lat' dir='ltr'>loco</span> 
     </span>
     <span class='ocr_line' id='line_1_25' title="bbox 67 1370 1120 1420; baseline 0.005 -13"><span class='ocrx_word' id='word_1_150' title='bbox 67 1370 227 1419; x_wconf 88' lang='lat' dir='ltr'>pluribus</span> <span class='ocrx_word' id='word_1_151' title='bbox 245 1373 401 1420; x_wconf 80' lang='lat' dir='ltr'>explicat</span> <span class='ocrx_word' id='word_1_152' title='bbox 412 1372 568 1409; x_wconf 83' lang='lat' dir='ltr'>Servius.</span> <span class='ocrx_word' id='word_1_153' title='bbox 583 1371 699 1420; x_wconf 89' lang='lat' dir='ltr'>Quod</span> <span class='ocrx_word' id='word_1_154' title='bbox 710 1381 834 1410; x_wconf 84' lang='lat' dir='ltr'>autem</span> <span class='ocrx_word' id='word_1_155' title='bbox 854 1372 1036 1411; x_wconf 88' lang='lat' dir='ltr'>silentium</span> <span class='ocrx_word' id='word_1_156' title='bbox 1057 1375 1120 1412; x_wconf 88' lang='lat' dir='ltr'>ad-</span> 
     </span>
     <span class='ocr_line' id='line_1_26' title="bbox 69 1421 1115 1474; baseline 0.005 -16"><span class='ocrx_word' id='word_1_157' title='bbox 69 1421 186 1460; x_wconf 87' lang='lat' dir='ltr'>hiberi</span> <span class='ocrx_word' id='word_1_158' title='bbox 214 1421 318 1460; x_wconf 80' lang='lat' dir='ltr'>sacris</span> <span class='ocrx_word' id='word_1_159' title='bbox 347 1423 489 1460; x_wconf 87' lang='lat' dir='ltr'>Cereris</span> <span class='ocrx_word' id='word_1_160' title='bbox 516 1421 658 1459; x_wconf 86' lang='lat' dir='ltr'>neceffe</span> <span class='ocrx_word' id='word_1_161' title='bbox 677 1424 810 1469; x_wconf 88' lang='lat' dir='ltr'>fuerit,</span> <span class='ocrx_word' id='word_1_162' title='bbox 836 1424 951 1474; x_wconf 77' lang='lat' dir='ltr'>vulgo</span> <span class='ocrx_word' id='word_1_163' title='bbox 980 1433 1115 1463; x_wconf 82' lang='lat' dir='ltr'>notum</span> 
     </span>
     <span class='ocr_line' id='line_1_27' title="bbox 67 1472 1118 1524; baseline 0.005 -15"><span class='ocrx_word' id='word_1_164' title='bbox 67 1472 129 1510; x_wconf 86' lang='lat' dir='ltr'>est.</span> <span class='ocrx_word' id='word_1_165' title='bbox 164 1474 274 1520; x_wconf 90' lang='lat' dir='ltr'>Quae</span> <span class='ocrx_word' id='word_1_166' title='bbox 296 1484 387 1511; x_wconf 89' lang='lat' dir='ltr'>vero</span> <span class='ocrx_word' id='word_1_167' title='bbox 408 1472 453 1510; x_wconf 92' lang='lat' dir='ltr'>de</span> <span class='ocrx_word' id='word_1_168' title='bbox 475 1473 702 1522; x_wconf 89' lang='lat' dir='ltr'>Canephoris</span> <span class='ocrx_word' id='word_1_169' title='bbox 719 1475 779 1512; x_wconf 86' lang='lat' dir='ltr'>hic</span> <span class='ocrx_word' id='word_1_170' title='bbox 800 1474 928 1524; x_wconf 88' lang='lat' dir='ltr'>allegat</span> <span class='ocrx_word' id='word_1_171' title='bbox 949 1487 993 1512; x_wconf 87' lang='lat' dir='ltr'>ex</span> <span class='ocrx_word' id='word_1_172' title='bbox 1026 1476 1118 1515; x_wconf 81' lang='lat' dir='ltr'>Pau-</span> 
     </span>
     <span class='ocr_line' id='line_1_28' title="bbox 64 1521 1116 1573; baseline 0.005 -13"><span class='ocrx_word' id='word_1_173' title='bbox 64 1521 162 1561; x_wconf 79' lang='lat' dir='ltr'>sania</span> <span class='ocrx_word' id='word_1_174' title='bbox 189 1524 334 1561; x_wconf 78' lang='lat' dir='ltr'>Merula</span> <span class='ocrx_word' id='word_1_175' title='bbox 352 1551 362 1567; x_wconf 88' lang='lat'>‚</span> <span class='ocrx_word' id='word_1_176' title='bbox 406 1535 448 1561; x_wconf 88' lang='lat' dir='ltr'>ea</span> <span class='ocrx_word' id='word_1_177' title='bbox 478 1524 569 1561; x_wconf 90' lang='lat' dir='ltr'>nihil</span> <span class='ocrx_word' id='word_1_178' title='bbox 597 1524 642 1562; x_wconf 88' lang='lat' dir='ltr'>ad</span> <span class='ocrx_word' id='word_1_179' title='bbox 661 1525 885 1573; x_wconf 80' lang='lat' dir='ltr'>praesentem</span> <span class='ocrx_word' id='word_1_180' title='bbox 913 1526 1042 1565; x_wconf 88' lang='lat' dir='ltr'>locum</span> <span class='ocrx_word' id='word_1_181' title='bbox 1062 1528 1116 1565; x_wconf 89' lang='lat' dir='ltr'>fa-</span> 
     </span>
     <span class='ocr_line' id='line_1_29' title="bbox 68 1574 1116 1623; baseline 0.004 -11"><span class='ocrx_word' id='word_1_182' title='bbox 68 1574 183 1613; x_wconf 67' lang='lat' dir='ltr'>ciunt.</span> <span class='ocrx_word' id='word_1_183' title='bbox 237 1575 424 1623; x_wconf 87' lang='lat' dir='ltr'>Loquitur</span> <span class='ocrx_word' id='word_1_184' title='bbox 443 1576 544 1612; x_wconf 87' lang='lat' dir='ltr'>enim</span> <span class='ocrx_word' id='word_1_185' title='bbox 568 1575 755 1613; x_wconf 79' lang='lat' dir='ltr'>Pausanias</span> <span class='ocrx_word' id='word_1_186' title='bbox 777 1581 822 1614; x_wconf 81' lang='lat' dir='ltr'>de</span> <span class='ocrx_word' id='word_1_187' title='bbox 841 1577 942 1614; x_wconf 88' lang='lat' dir='ltr'>sacris</span> <span class='ocrx_word' id='word_1_188' title='bbox 966 1578 1004 1614; x_wconf 69' lang='grc' dir='ltr'>δε</span> <span class='ocrx_word' id='word_1_189' title='bbox 1025 1579 1116 1616; x_wconf 84' lang='lat' dir='ltr'>ceri-</span> 
     </span>
    </p>
   </div>
   <div class='ocr_carea' id='block_1_12' title="bbox 0 1626 1115 1825">
    <p class='ocr_par' dir='ltr' id='par_1_17' title="bbox 0 1626 1115 1825">
     <span class='ocr_line' id='line_1_30' title="bbox 0 1626 1115 1677; baseline 0.003 -15"><span class='ocrx_word' id='word_1_190' title='bbox 0 1657 2 1662; x_wconf 92' lang='lat'>.</span> <span class='ocrx_word' id='word_1_191' title='bbox 68 1626 207 1663; x_wconf 87' lang='lat' dir='ltr'>moniis</span> <span class='ocrx_word' id='word_1_192' title='bbox 234 1626 450 1669; x_wconf 83' lang='lat' dir='ltr'>Minervae,</span> <span class='ocrx_word' id='word_1_193' title='bbox 485 1637 581 1675; x_wconf 83' lang='lat' dir='ltr'>quae</span> <span class='ocrx_word' id='word_1_194' title='bbox 609 1626 766 1664; x_wconf 85' lang='lat' dir='ltr'>Athenis</span> <span class='ocrx_word' id='word_1_195' title='bbox 797 1629 834 1665; x_wconf 91' lang='lat' dir='ltr'>in</span> <span class='ocrx_word' id='word_1_196' title='bbox 863 1639 945 1664; x_wconf 86' lang='lat' dir='ltr'>arce</span> <span class='ocrx_word' id='word_1_197' title='bbox 967 1639 1115 1677; x_wconf 81' lang='lat' dir='ltr'>per-age—</span> 
     </span>
     <span class='ocr_line' id='line_1_31' title="bbox 0 1674 1114 1728; baseline 0.002 -16"><span class='ocrx_word' id='word_1_198' title='bbox 0 1687 14 1728; x_wconf 57' lang='lat' dir='ltr'>t⁴</span> <span class='ocrx_word' id='word_1_199' title='bbox 64 1674 224 1719; x_wconf 85' lang='lat' dir='ltr'>bantur,</span> <span class='ocrx_word' id='word_1_200' title='bbox 250 1687 328 1713; x_wconf 90' lang='lat' dir='ltr'>non</span> <span class='ocrx_word' id='word_1_201' title='bbox 350 1676 514 1719; x_wconf 87' lang='lat' dir='ltr'>Cereris,</span> <span class='ocrx_word' id='word_1_202' title='bbox 551 1687 645 1724; x_wconf 81' lang='lat' dir='ltr'>quae</span> <span class='ocrx_word' id='word_1_203' title='bbox 671 1677 837 1713; x_wconf 72' lang='lat' dir='ltr'>Eleusine</span> <span class='ocrx_word' id='word_1_204' title='bbox 856 1677 1002 1714; x_wconf 88' lang='lat' dir='ltr'>fiebant.</span> <span class='ocrx_word' id='word_1_205' title='bbox 1042 1682 1114 1715; x_wconf 78' lang='lat' dir='ltr'>Ce-</span> 
     </span>
     <span class='ocr_line' id='line_1_32' title="bbox 0 1725 1114 1772; baseline 0.002 -9"><span class='ocrx_word' id='word_1_206' title='bbox 0 1742 6 1763; x_wconf 62' lang='lat' dir='ltr'>a</span> <span class='ocrx_word' id='word_1_207' title='bbox 66 1732 189 1763; x_wconf 85' lang='lat' dir='ltr'>terum</span> <span class='ocrx_word' id='word_1_208' title='bbox 221 1726 267 1763; x_wconf 85' lang='lat' dir='ltr'>de</span> <span class='ocrx_word' id='word_1_209' title='bbox 295 1725 380 1772; x_wconf 66' lang='lat' dir='ltr'>cistis</span> <span class='ocrx_word' id='word_1_210' title='bbox 413 1728 525 1763; x_wconf 88' lang='lat' dir='ltr'>etiam</span> <span class='ocrx_word' id='word_1_211' title='bbox 552 1726 678 1763; x_wconf 84' lang='lat' dir='ltr'>Suidas</span> <span class='ocrx_word' id='word_1_212' title='bbox 703 1728 877 1764; x_wconf 90' lang='lat' dir='ltr'>meminit</span> <span class='ocrx_word' id='word_1_213' title='bbox 893 1728 931 1764; x_wconf 90' lang='lat' dir='ltr'>in</span> <span class='ocrx_word' id='word_1_214' title='bbox 952 1727 1114 1766; x_wconf 67' lang='lat' dir='ltr'>dictione</span> 
     </span>
     <span class='ocr_line' id='line_1_33' title="bbox 62 1775 1114 1825; baseline 0.002 -12.889"><span class='ocrx_word' id='word_1_215' title='bbox 62 1776 264 1823; x_wconf 69' lang='grc' dir='ltr'><em>κιςοφόρσς.</em></span> <span class='ocrx_word' id='word_1_216' title='bbox 292 1777 383 1812; x_wconf 72' lang='grc' dir='ltr'><em>’έοικε</em></span> <span class='ocrx_word' id='word_1_217' title='bbox 403 1776 466 1821; x_wconf 70' lang='grc' dir='ltr'>δὲ,</span> <span class='ocrx_word' id='word_1_218' title='bbox 494 1778 662 1825; x_wconf 83' lang='lat' dir='ltr'>inquiens</span> <span class='ocrx_word' id='word_1_219' title='bbox 682 1805 691 1819; x_wconf 94' lang='lat'>,</span> <span class='ocrx_word' id='word_1_220' title='bbox 721 1779 817 1822; x_wconf 83' lang='grc' dir='ltr'><em>ἱερΞις</em></span> <span class='ocrx_word' id='word_1_221' title='bbox 843 1775 930 1814; x_wconf 69' lang='grc' dir='ltr'><strong><em>εἶναι</em></strong></span> <span class='ocrx_word' id='word_1_222' title='bbox 963 1780 1031 1820; x_wconf 70' lang='grc' dir='ltr'>τῖες</span> <span class='ocrx_word' id='word_1_223' title='bbox 1063 1779 1114 1814; x_wconf 78' lang='grc' dir='ltr'>κῖ-</span> 
     </span>
    </p>
   </div>
   <div class='ocr_carea' id='block_1_13' title="bbox 68 1828 1116 1923">
    <p class='ocr_par' dir='ltr' id='par_1_18' title="bbox 68 1828 1116 1923">
     <span class='ocr_line' id='line_1_34' title="bbox 68 1828 1116 1872; baseline 0.003 -9"><span class='ocrx_word' id='word_1_224' title='bbox 68 1838 138 1869; x_wconf 76' lang='grc' dir='ltr'><em>ςοις</em></span> <span class='ocrx_word' id='word_1_225' title='bbox 159 1829 222 1863; x_wconf 75' lang='grc' dir='ltr'>τοῦ</span> <span class='ocrx_word' id='word_1_226' title='bbox 244 1830 401 1862; x_wconf 71' lang='grc' dir='ltr'>Διονύσου</span> <span class='ocrx_word' id='word_1_227' title='bbox 422 1828 483 1862; x_wconf 75' lang='grc' dir='ltr'>καὶ</span> <span class='ocrx_word' id='word_1_228' title='bbox 507 1829 588 1862; x_wconf 66' lang='grc' dir='ltr'>πᾶν</span> <span class='ocrx_word' id='word_1_229' title='bbox 607 1828 709 1864; x_wconf 69' lang='grc' dir='ltr'><em>θεαῖν.</em></span> <span class='ocrx_word' id='word_1_230' title='bbox 744 1829 818 1865; x_wconf 89' lang='lat' dir='ltr'>hoc</span> <span class='ocrx_word' id='word_1_231' title='bbox 837 1828 907 1872; x_wconf 85' lang='lat' dir='ltr'>est,</span> <span class='ocrx_word' id='word_1_232' title='bbox 944 1828 1116 1867; x_wconf 81' lang='lat' dir='ltr'>videntur</span> 
     </span>
     <span class='ocr_line' id='line_1_35' title="bbox 851 1880 1114 1923; baseline 0.004 -7"><span class='ocrx_word' id='word_1_233' title='bbox 851 1880 890 1916; x_wconf 68' lang='grc' dir='ltr'>ὅ(</span> <span class='ocrx_word' id='word_1_234' title='bbox 941 1880 1081 1917; x_wconf 90' lang='lat' dir='ltr'>Cereris</span> <span class='ocrx_word' id='word_1_235' title='bbox 1104 1907 1114 1923; x_wconf 82' lang='lat'>,</span> 
     </span>
    </p>
   </div>
   <div class='ocr_carea' id='block_1_14' title="bbox 123 2129 848 2178">
    <p class='ocr_par' dir='ltr' id='par_1_19' title="bbox 123 2129 848 2178">
     <span class='ocr_line' id='line_1_36' title="bbox 123 2129 848 2178; baseline 0.001 -12"><span class='ocrx_word' id='word_1_236' title='bbox 123 2136 195 2167; x_wconf 85' lang='lat' dir='ltr'>Nec</span> <span class='ocrx_word' id='word_1_237' title='bbox 214 2143 304 2166; x_wconf 68' lang='lat' dir='ltr'>cava</span> <span class='ocrx_word' id='word_1_238' title='bbox 327 2129 463 2178; x_wconf 83' lang='lat' dir='ltr'>vesanis</span> <span class='ocrx_word' id='word_1_239' title='bbox 480 2129 602 2165; x_wconf 61' lang='lat' dir='ltr'>inihus</span> <span class='ocrx_word' id='word_1_240' title='bbox 621 2141 703 2167; x_wconf 82' lang='lat' dir='ltr'>aera</span> <span class='ocrx_word' id='word_1_241' title='bbox 713 2130 848 2178; x_wconf 81' lang='lat' dir='ltr'>fiment.</span> 
     </span>
    </p>
   </div>
   <div class='ocr_carea' id='block_1_15' title="bbox 0 2179 1114 2230">
    <p class='ocr_par' dir='ltr' id='par_1_20' title="bbox 0 2179 1114 2230">
     <span class='ocr_line' id='line_1_37' title="bbox 0 2179 1114 2230; baseline 0.004 -15"><span class='ocrx_word' id='word_1_242' title='bbox 0 2182 10 2215; x_wconf 70' lang='grc' dir='ltr'>ζ</span> <span class='ocrx_word' id='word_1_243' title='bbox 70 2181 206 2230; x_wconf 84' lang='lat' dir='ltr'>Neque</span> <span class='ocrx_word' id='word_1_244' title='bbox 234 2181 334 2218; x_wconf 88' lang='lat' dir='ltr'>enim</span> <span class='ocrx_word' id='word_1_245' title='bbox 368 2180 414 2217; x_wconf 91' lang='lat' dir='ltr'>de</span> <span class='ocrx_word' id='word_1_246' title='bbox 441 2179 587 2217; x_wconf 73' lang='lat' dir='ltr'>divertis</span> <span class='ocrx_word' id='word_1_247' title='bbox 617 2180 719 2218; x_wconf 78' lang='lat' dir='ltr'>sacris</span> <span class='ocrx_word' id='word_1_248' title='bbox 755 2181 957 2229; x_wconf 85' lang='lat' dir='ltr'>intelligere</span> <span class='ocrx_word' id='word_1_249' title='bbox 994 2181 1114 2219; x_wconf 83' lang='lat' dir='ltr'>versus</span> 
     </span>
    </p>
   </div>
   <div class='ocr_carea' id='block_1_16' title="bbox 42 2230 1117 2433">
    <p class='ocr_par' dir='ltr' id='par_1_21' title="bbox 42 2230 1117 2433">
     <span class='ocr_line' id='line_1_38' title="bbox 66 2230 1114 2280; baseline -0.001 -10"><span class='ocrx_word' id='word_1_250' title='bbox 66 2232 136 2270; x_wconf 90' lang='lat' dir='ltr'>hos</span> <span class='ocrx_word' id='word_1_251' title='bbox 152 2231 250 2269; x_wconf 86' lang='lat' dir='ltr'>libet.</span> <span class='ocrx_word' id='word_1_252' title='bbox 286 2232 511 2268; x_wconf 72' lang='lat' dir='ltr'>Micrttus.</span> <span class='ocrx_word' id='word_1_253' title='bbox 548 2230 666 2268; x_wconf 62' lang='lat' dir='ltr'>Reete</span> <span class='ocrx_word' id='word_1_254' title='bbox 697 2231 892 2280; x_wconf 87' lang='lat' dir='ltr'>Micyllus,</span> <span class='ocrx_word' id='word_1_255' title='bbox 921 2233 958 2269; x_wconf 75' lang='grc' dir='ltr'>ὅ(</span> <span class='ocrx_word' id='word_1_256' title='bbox 977 2231 1024 2269; x_wconf 89' lang='lat' dir='ltr'>de</span> <span class='ocrx_word' id='word_1_257' title='bbox 1043 2233 1114 2270; x_wconf 89' lang='lat' dir='ltr'>Ca-</span> 
     </span>
     <span class='ocr_line' id='line_1_39' title="bbox 42 2281 1113 2331; baseline 0.001 -11"><span class='ocrx_word' id='word_1_258' title='bbox 42 2290 51 2300; x_wconf 78' lang='lat'><strong>·</strong></span> <span class='ocrx_word' id='word_1_259' title='bbox 68 2283 242 2331; x_wconf 81' lang='lat' dir='ltr'>nephoris</span> <span class='ocrx_word' id='word_1_260' title='bbox 265 2282 463 2331; x_wconf 84' lang='lat' dir='ltr'>virginibus</span> <span class='ocrx_word' id='word_1_261' title='bbox 484 2283 563 2330; x_wconf 84' lang='lat' dir='ltr'>jam</span> <span class='ocrx_word' id='word_1_262' title='bbox 583 2282 706 2319; x_wconf 89' lang='lat' dir='ltr'>multis</span> <span class='ocrx_word' id='word_1_263' title='bbox 732 2291 886 2331; x_wconf 84' lang='lat' dir='ltr'>egerunt</span> <span class='ocrx_word' id='word_1_264' title='bbox 913 2282 980 2319; x_wconf 86' lang='lat' dir='ltr'>viri</span> <span class='ocrx_word' id='word_1_265' title='bbox 1000 2281 1113 2321; x_wconf 66' lang='lat' dir='ltr'>docti.</span> 
     </span>
     <span class='ocr_line' id='line_1_40' title="bbox 65 2332 1115 2382; baseline 0.003 -13"><span class='ocrx_word' id='word_1_266' title='bbox 65 2333 147 2372; x_wconf 61' lang='lat' dir='ltr'>vid.</span> <span class='ocrx_word' id='word_1_267' title='bbox 167 2332 359 2370; x_wconf 84' lang='lat' dir='ltr'>Fasolduin</span> <span class='ocrx_word' id='word_1_268' title='bbox 384 2332 428 2370; x_wconf 90' lang='lat' dir='ltr'>de</span> <span class='ocrx_word' id='word_1_269' title='bbox 449 2332 557 2369; x_wconf 66' lang='lat' dir='ltr'>Ferus</span> <span class='ocrx_word' id='word_1_270' title='bbox 577 2333 753 2370; x_wconf 78' lang='lat' dir='ltr'>Graecor.</span> <span class='ocrx_word' id='word_1_271' title='bbox 769 2332 895 2370; x_wconf 82' lang='lat' dir='ltr'>decad.</span> <span class='ocrx_word' id='word_1_272' title='bbox 915 2345 951 2370; x_wconf 92' lang='lat' dir='ltr'>v.</span> <span class='ocrx_word' id='word_1_273' title='bbox 973 2333 1050 2371; x_wconf 82' lang='lat' dir='ltr'>fest.</span> <span class='ocrx_word' id='word_1_274' title='bbox 1077 2346 1115 2382; x_wconf 76' lang='lat'>9.</span> 
     </span>
     <span class='ocr_line' id='line_1_41' title="bbox 71 2383 1117 2433; baseline 0.003 -13"><span class='ocrx_word' id='word_1_275' title='bbox 71 2383 261 2420; x_wconf 75' lang='lat' dir='ltr'>Castellan.</span> <span class='ocrx_word' id='word_1_276' title='bbox 290 2385 327 2420; x_wconf 90' lang='lat' dir='ltr'>in</span> <span class='ocrx_word' id='word_1_277' title='bbox 356 2384 568 2429; x_wconf 71' lang='grc' dir='ltr'>Κανηφέρικ.</span> <span class='ocrx_word' id='word_1_278' title='bbox 607 2383 743 2420; x_wconf 87' lang='lat' dir='ltr'>Meurs.</span> <span class='ocrx_word' id='word_1_279' title='bbox 775 2383 812 2420; x_wconf 91' lang='lat' dir='ltr'>in</span> <span class='ocrx_word' id='word_1_280' title='bbox 847 2383 1006 2432; x_wconf 88' lang='lat' dir='ltr'>Cecrop.</span> <span class='ocrx_word' id='word_1_281' title='bbox 1038 2396 1117 2433; x_wconf 90' lang='lat' dir='ltr'>cap.</span> 
     </span>
    </p>
   </div>
   <div class='ocr_carea' id='block_1_17' title="bbox 12 2433 1116 2481">
    <p class='ocr_par' dir='ltr' id='par_1_22' title="bbox 12 2433 1116 2481">
     <span class='ocr_line' id='line_1_42' title="bbox 12 2433 1116 2481; baseline 0.002 -11"><span class='ocrx_word' id='word_1_282' title='bbox 12 2447 20 2461; x_wconf 74' lang='lat'>·›</span> <span class='ocrx_word' id='word_1_283' title='bbox 71 2445 184 2471; x_wconf 74' lang='lat' dir='ltr'>xxiii.</span> <span class='ocrx_word' id='word_1_284' title='bbox 205 2434 377 2481; x_wconf 83' lang='lat' dir='ltr'>gerebant</span> <span class='ocrx_word' id='word_1_285' title='bbox 395 2445 484 2470; x_wconf 83' lang='lat' dir='ltr'>vero</span> <span class='ocrx_word' id='word_1_286' title='bbox 504 2434 601 2470; x_wconf 86' lang='lat' dir='ltr'>cistas</span> <span class='ocrx_word' id='word_1_287' title='bbox 619 2434 654 2470; x_wconf 88' lang='lat' dir='ltr'>in</span> <span class='ocrx_word' id='word_1_288' title='bbox 677 2433 822 2471; x_wconf 77' lang='lat' dir='ltr'>divertis</span> <span class='ocrx_word' id='word_1_289' title='bbox 834 2434 958 2478; x_wconf 84' lang='lat' dir='ltr'>sacris,</span> <span class='ocrx_word' id='word_1_290' title='bbox 986 2442 1026 2472; x_wconf 89' lang='lat' dir='ltr'>ut</span> <span class='ocrx_word' id='word_1_291' title='bbox 1036 2435 1116 2472; x_wconf 88' lang='lat' dir='ltr'>Pal·</span> 
     </span>
    </p>
   </div>
   <div class='ocr_carea' id='block_1_18' title="bbox 69 2483 1117 2528">
    <p class='ocr_par' dir='ltr' id='par_1_23' title="bbox 69 2483 1117 2528">
     <span class='ocr_line' id='line_1_43' title="bbox 69 2483 1117 2528; baseline 0 -6"><span class='ocrx_word' id='word_1_292' title='bbox 69 2483 156 2522; x_wconf 87' lang='lat' dir='ltr'>ladis</span> <span class='ocrx_word' id='word_1_293' title='bbox 172 2511 181 2527; x_wconf 93' lang='lat'>,</span> <span class='ocrx_word' id='word_1_294' title='bbox 212 2484 353 2520; x_wconf 89' lang='lat' dir='ltr'>Cereris</span> <span class='ocrx_word' id='word_1_295' title='bbox 367 2511 377 2528; x_wconf 91' lang='lat'>,</span> <span class='ocrx_word' id='word_1_296' title='bbox 406 2483 550 2520; x_wconf 82' lang='lat' dir='ltr'>Dianae</span> <span class='ocrx_word' id='word_1_297' title='bbox 564 2511 575 2527; x_wconf 89' lang='lat'>,</span> <span class='ocrx_word' id='word_1_298' title='bbox 607 2484 718 2520; x_wconf 83' lang='lat' dir='ltr'>etiam</span> <span class='ocrx_word' id='word_1_299' title='bbox 737 2484 864 2521; x_wconf 73' lang='lat' dir='ltr'>Bacchi</span> <span class='ocrx_word' id='word_1_300' title='bbox 887 2485 959 2521; x_wconf 91' lang='lat' dir='ltr'>vid.</span> <span class='ocrx_word' id='word_1_301' title='bbox 981 2485 1117 2522; x_wconf 87' lang='lat' dir='ltr'>Castel-</span> 
     </span>
    </p>
   </div>
   <div class='ocr_carea' id='block_1_19' title="bbox 7 2532 1118 2635">
    <p class='ocr_par' dir='ltr' id='par_1_24' title="bbox 7 2532 1118 2635">
     <span class='ocr_line' id='line_1_44' title="bbox 17 2532 1118 2582; baseline 0.004 -12"><span class='ocrx_word' id='word_1_302' title='bbox 17 2540 19 2544; x_wconf 84' lang='grc'>’</span> <span class='ocrx_word' id='word_1_303' title='bbox 70 2535 142 2571; x_wconf 82' lang='lat' dir='ltr'>lan.</span> <span class='ocrx_word' id='word_1_304' title='bbox 163 2536 198 2572; x_wconf 90' lang='lat' dir='ltr'>in</span> <span class='ocrx_word' id='word_1_305' title='bbox 221 2532 403 2582; x_wconf 73' lang='lat' dir='ltr'>Dionyfiis.</span> <span class='ocrx_word' id='word_1_306' title='bbox 429 2534 566 2570; x_wconf 84' lang='lat' dir='ltr'>Meuts.</span> <span class='ocrx_word' id='word_1_307' title='bbox 590 2533 748 2571; x_wconf 89' lang='lat' dir='ltr'>Eleufin.</span> <span class='ocrx_word' id='word_1_308' title='bbox 777 2545 853 2582; x_wconf 84' lang='lat' dir='ltr'>cap.</span> <span class='ocrx_word' id='word_1_309' title='bbox 886 2545 974 2571; x_wconf 84' lang='lat' dir='ltr'>xxv.</span> <span class='ocrx_word' id='word_1_310' title='bbox 1002 2535 1118 2574; x_wconf 85' lang='lat' dir='ltr'>Pana-</span> 
     </span>
     <span class='ocr_line' id='line_1_45' title="bbox 7 2583 735 2635; baseline -0.001 -14"><span class='ocrx_word' id='word_1_311' title='bbox 7 2612 24 2635; x_wconf 47' lang='lat'>„</span> <span class='ocrx_word' id='word_1_312' title='bbox 68 2583 176 2620; x_wconf 75' lang='lat' dir='ltr'>then.</span> <span class='ocrx_word' id='word_1_313' title='bbox 191 2595 266 2633; x_wconf 81' lang='lat' dir='ltr'>cap.</span> <span class='ocrx_word' id='word_1_314' title='bbox 287 2597 407 2622; x_wconf 75' lang='lat' dir='ltr'>xxxxi.</span> <span class='ocrx_word' id='word_1_315' title='bbox 427 2585 465 2621; x_wconf 82' lang='lat'>&amp;</span> <span class='ocrx_word' id='word_1_316' title='bbox 482 2586 582 2622; x_wconf 87' lang='lat' dir='ltr'>alios.</span> <span class='ocrx_word' id='word_1_317' title='bbox 606 2583 735 2622; x_wconf 58' lang='lat' dir='ltr'>Brun«.</span> 
     </span>
    </p>
   </div>
   <div class='ocr_carea' id='block_1_20' title="bbox 126 2632 1118 2684">
    <p class='ocr_par' dir='ltr' id='par_1_25' title="bbox 126 2632 1118 2684">
     <span class='ocr_line' id='line_1_46' title="bbox 126 2632 1118 2684; baseline 0.007 -16"><span class='ocrx_word' id='word_1_318' title='bbox 126 2632 210 2670; x_wconf 85' lang='lat'>610.</span> <span class='ocrx_word' id='word_1_319' title='bbox 240 2635 362 2671; x_wconf 59' lang='lat' dir='ltr'>mrbus</span> <span class='ocrx_word' id='word_1_320' title='bbox 390 2648 471 2672; x_wconf 81' lang='lat' dir='ltr'>aera</span> <span class='ocrx_word' id='word_1_321' title='bbox 493 2636 661 2684; x_wconf 58' lang='lat' dir='ltr'>sormam]</span> <span class='ocrx_word' id='word_1_322' title='bbox 703 2635 953 2674; x_wconf 81' lang='lat' dir='ltr'>Amiciffimus</span> <span class='ocrx_word' id='word_1_323' title='bbox 985 2636 1023 2674; x_wconf 85' lang='lat'>&amp;</span> <span class='ocrx_word' id='word_1_324' title='bbox 1049 2635 1118 2675; x_wconf 84' lang='lat' dir='ltr'>do-</span> 
     </span>
    </p>
   </div>
   <div class='ocr_carea' id='block_1_21' title="bbox 16 2681 802 2724">
    <p class='ocr_par' dir='ltr' id='par_1_26' title="bbox 16 2681 802 2724">
     <span class='ocr_line' id='line_1_47' title="bbox 16 2681 802 2724; baseline 0.006 -5"><span class='ocrx_word' id='word_1_325' title='bbox 16 2696 20 2711; x_wconf 73' lang='lat'>2</span> <span class='ocrx_word' id='word_1_326' title='bbox 73 2681 249 2721; x_wconf 66' lang='lat' dir='ltr'>¹‹ftiffimus</span> <span class='ocrx_word' id='word_1_327' title='bbox 268 2686 471 2724; x_wconf 82' lang='lat' dir='ltr'>Hadrianus</span> <span class='ocrx_word' id='word_1_328' title='bbox 491 2687 643 2724; x_wconf 73' lang='lat' dir='ltr'>Wailius</span> <span class='ocrx_word' id='word_1_329' title='bbox 665 2686 802 2724; x_wconf 89' lang='lat' dir='ltr'>noster:</span> 
     </span>
    </p>
   </div>
   <div class='ocr_carea' id='block_1_22' title="bbox 130 2737 853 2787">
    <p class='ocr_par' dir='ltr' id='par_1_27' title="bbox 130 2737 853 2787">
     <span class='ocr_line' id='line_1_48' title="bbox 130 2737 853 2787; baseline 0.008 -18"><span class='ocrx_word' id='word_1_330' title='bbox 130 2740 201 2770; x_wconf 81' lang='lat' dir='ltr'>Nec</span> <span class='ocrx_word' id='word_1_331' title='bbox 221 2747 307 2771; x_wconf 80' lang='lat' dir='ltr'>cava</span> <span class='ocrx_word' id='word_1_332' title='bbox 329 2738 462 2784; x_wconf 79' lang='lat' dir='ltr'>vesanis</span> <span class='ocrx_word' id='word_1_333' title='bbox 484 2737 607 2774; x_wconf 62' lang='lat' dir='ltr'>iaibm</span> <span class='ocrx_word' id='word_1_334' title='bbox 623 2751 703 2774; x_wconf 74' lang='lat' dir='ltr'>aera</span> <span class='ocrx_word' id='word_1_335' title='bbox 717 2740 853 2787; x_wconf 72' lang='lat' dir='ltr'>sonent.</span> 
     </span>
    </p>
   </div>
   <div class='ocr_carea' id='block_1_23' title="bbox 5 2782 1120 2983">
    <p class='ocr_par' dir='ltr' id='par_1_28' title="bbox 5 2782 1120 2983">
     <span class='ocr_line' id='line_1_49' title="bbox 16 2782 1118 2839; baseline 0.007 -19"><span class='ocrx_word' id='word_1_336' title='bbox 16 2794 31 2837; x_wconf 61' lang='lat' dir='ltr'><em>J</em></span> <span class='ocrx_word' id='word_1_337' title='bbox 73 2782 124 2822; x_wconf 82' lang='lat' dir='ltr'>Et</span> <span class='ocrx_word' id='word_1_338' title='bbox 153 2784 261 2822; x_wconf 68' lang='lat' dir='ltr'>recte.</span> <span class='ocrx_word' id='word_1_339' title='bbox 309 2787 442 2825; x_wconf 82' lang='lat' dir='ltr'>Monet</span> <span class='ocrx_word' id='word_1_340' title='bbox 473 2788 548 2826; x_wconf 86' lang='lat' dir='ltr'>fine</span> <span class='ocrx_word' id='word_1_341' title='bbox 576 2790 695 2827; x_wconf 86' lang='lat' dir='ltr'>multo</span> <span class='ocrx_word' id='word_1_342' title='bbox 730 2790 875 2838; x_wconf 81' lang='lat' dir='ltr'>strepitu</span> <span class='ocrx_word' id='word_1_343' title='bbox 914 2790 1118 2839; x_wconf 80' lang='lat' dir='ltr'>peragenda</span> 
     </span>
     <span class='ocr_line' id='line_1_50' title="bbox 15 2832 1118 2889; baseline 0.006 -18"><span class='ocrx_word' id='word_1_344' title='bbox 15 2837 31 2854; x_wconf 65' lang='lat'>·³</span> <span class='ocrx_word' id='word_1_345' title='bbox 77 2832 148 2872; x_wconf 80' lang='lat' dir='ltr'>effe</span> <span class='ocrx_word' id='word_1_346' title='bbox 172 2835 324 2873; x_wconf 82' lang='lat' dir='ltr'>Veneris</span> <span class='ocrx_word' id='word_1_347' title='bbox 339 2837 443 2875; x_wconf 80' lang='lat' dir='ltr'>sacra.</span> <span class='ocrx_word' id='word_1_348' title='bbox 471 2840 508 2876; x_wconf 86' lang='lat'><strong>&amp;</strong></span> <span class='ocrx_word' id='word_1_349' title='bbox 525 2840 650 2878; x_wconf 84' lang='lat' dir='ltr'>alludit</span> <span class='ocrx_word' id='word_1_350' title='bbox 667 2840 710 2878; x_wconf 85' lang='lat' dir='ltr'>ad</span> <span class='ocrx_word' id='word_1_351' title='bbox 731 2839 823 2878; x_wconf 82' lang='lat' dir='ltr'>sacta</span> <span class='ocrx_word' id='word_1_352' title='bbox 849 2839 946 2877; x_wconf 87' lang='lat' dir='ltr'>lfidis</span> <span class='ocrx_word' id='word_1_353' title='bbox 979 2853 1020 2878; x_wconf 85' lang='lat' dir='ltr'>ac</span> <span class='ocrx_word' id='word_1_354' title='bbox 1042 2841 1118 2889; x_wconf 91' lang='lat' dir='ltr'>Cy-</span> 
     </span>
     <span class='ocr_line' id='line_1_51' title="bbox 75 2885 1120 2941; baseline 0.007 -20"><span class='ocrx_word' id='word_1_355' title='bbox 75 2885 199 2929; x_wconf 83' lang='lat' dir='ltr'>beles,</span> <span class='ocrx_word' id='word_1_356' title='bbox 216 2887 271 2941; x_wconf 65' lang='lat' dir='ltr'>⁴in</span> <span class='ocrx_word' id='word_1_357' title='bbox 301 2888 426 2934; x_wconf 86' lang='lat' dir='ltr'>quibus</span> <span class='ocrx_word' id='word_1_358' title='bbox 458 2890 631 2938; x_wconf 81' lang='lat' dir='ltr'>plurimus</span> <span class='ocrx_word' id='word_1_359' title='bbox 650 2890 829 2927; x_wconf 81' lang='lat' dir='ltr'>sistrorum</span> <span class='ocrx_word' id='word_1_360' title='bbox 858 2903 900 2927; x_wconf 87' lang='lat' dir='ltr'>ac</span> <span class='ocrx_word' id='word_1_361' title='bbox 918 2899 1120 2939; x_wconf 85' lang='lat' dir='ltr'>tympano—</span> 
     </span>
     <span class='ocr_line' id='line_1_52' title="bbox 5 2939 1029 2983; baseline 0.004 -9"><span class='ocrx_word' id='word_1_362' title='bbox 5 2964 7 2967; x_wconf 77' lang='lat'>·</span> <span class='ocrx_word' id='word_1_363' title='bbox 32 2948 33 2974; x_wconf 60' lang='lat' dir='ltr'>l</span> <span class='ocrx_word' id='word_1_364' title='bbox 77 2946 158 2973; x_wconf 85' lang='lat' dir='ltr'>rum</span> <span class='ocrx_word' id='word_1_365' title='bbox 182 2945 272 2972; x_wconf 82' lang='lat' dir='ltr'>uius.</span> <span class='ocrx_word' id='word_1_366' title='bbox 300 2939 468 2983; x_wconf 78' lang='lat' dir='ltr'>proximo</span> <span class='ocrx_word' id='word_1_367' title='bbox 493 2941 594 2978; x_wconf 84' lang='lat' dir='ltr'>versu</span> <span class='ocrx_word' id='word_1_368' title='bbox 617 2941 759 2977; x_wconf 82' lang='lat' dir='ltr'>videtur</span> <span class='ocrx_word' id='word_1_369' title='bbox 781 2941 1029 2979; x_wconf 80' lang='lat' dir='ltr'>scribendum:</span> 
     </span>
    </p>
   </div>
   <div class='ocr_carea' id='block_1_24' title="bbox 131 2985 1032 3040">
    <p class='ocr_par' dir='ltr' id='par_1_29' title="bbox 131 2985 1032 3040">
     <span class='ocr_line' id='line_1_53' title="bbox 131 2985 1032 3040; baseline 0.007 -18"><span class='ocrx_word' id='word_1_370' title='bbox 131 2985 196 3022; x_wconf 73' lang='lat' dir='ltr'>Illa</span> <span class='ocrx_word' id='word_1_371' title='bbox 215 2986 352 3036; x_wconf 71' lang='lat' dir='ltr'>quidem</span> <span class='ocrx_word' id='word_1_372' title='bbox 372 2987 460 3023; x_wconf 82' lang='lat' dir='ltr'>inter</span> <span class='ocrx_word' id='word_1_373' title='bbox 481 3002 538 3025; x_wconf 79' lang='lat' dir='ltr'>nos</span> <span class='ocrx_word' id='word_1_374' title='bbox 563 2991 672 3027; x_wconf 77' lang='lat' dir='ltr'>medio</span> <span class='ocrx_word' id='word_1_375' title='bbox 692 2991 878 3040; x_wconf 79' lang='lat' dir='ltr'>versantur</span> <span class='ocrx_word' id='word_1_376' title='bbox 900 2992 935 3027; x_wconf 84' lang='lat' dir='ltr'>in</span> <span class='ocrx_word' id='word_1_377' title='bbox 956 2993 1032 3039; x_wconf 77' lang='lat' dir='ltr'>usu.</span> 
     </span>
    </p>
   </div>
   <div class='ocr_carea' id='block_1_25' title="bbox 31 3036 1117 3092">
    <p class='ocr_par' dir='ltr' id='par_1_30' title="bbox 31 3036 1117 3092">
     <span class='ocr_line' id='line_1_54' title="bbox 31 3036 1117 3092; baseline 0.008 -20"><span class='ocrx_word' id='word_1_378' title='bbox 31 3074 34 3092; x_wconf 40' lang='lat'>!</span> <span class='ocrx_word' id='word_1_379' title='bbox 77 3036 291 3074; x_wconf 65' lang='lat' dir='ltr'>Hmsxus.</span> <span class='ocrx_word' id='word_1_380' title='bbox 330 3037 751 3086; x_wconf 76' lang='lat' dir='ltr'>Retinendumfimant,</span> <span class='ocrx_word' id='word_1_381' title='bbox 778 3051 819 3080; x_wconf 88' lang='lat' dir='ltr'>ut</span> <span class='ocrx_word' id='word_1_382' title='bbox 846 3043 962 3080; x_wconf 86' lang='lat' dir='ltr'>sensus</span> <span class='ocrx_word' id='word_1_383' title='bbox 988 3042 1031 3080; x_wconf 81' lang='lat' dir='ltr'>fit</span> <span class='ocrx_word' id='word_1_384' title='bbox 1050 3070 1061 3086; x_wconf 91' lang='lat'>,</span> <span class='ocrx_word' id='word_1_385' title='bbox 1091 3043 1117 3081; x_wconf 84' lang='lat' dir='ltr'>fi</span> 
     </span>
    </p>
   </div>
   <div class='ocr_carea' id='block_1_26' title="bbox 77 3086 1116 3142">
    <p class='ocr_par' dir='ltr' id='par_1_31' title="bbox 77 3086 1116 3142">
     <span class='ocr_line' id='line_1_55' title="bbox 77 3086 1116 3142; baseline 0.01 -20"><span class='ocrx_word' id='word_1_386' title='bbox 77 3086 236 3124; x_wconf 87' lang='lat' dir='ltr'>Veneris</span> <span class='ocrx_word' id='word_1_387' title='bbox 262 3087 355 3124; x_wconf 81' lang='lat' dir='ltr'>sacra</span> <span class='ocrx_word' id='word_1_388' title='bbox 375 3099 450 3124; x_wconf 90' lang='lat' dir='ltr'>non</span> <span class='ocrx_word' id='word_1_389' title='bbox 466 3087 545 3124; x_wconf 86' lang='lat' dir='ltr'>sunt</span> <span class='ocrx_word' id='word_1_390' title='bbox 565 3098 639 3125; x_wconf 87' lang='lat' dir='ltr'>tam</span> <span class='ocrx_word' id='word_1_391' title='bbox 660 3093 893 3138; x_wconf 84' lang='lat' dir='ltr'>occulta,aut</span> <span class='ocrx_word' id='word_1_392' title='bbox 911 3102 1010 3131; x_wconf 79' lang='lat' dir='ltr'>tanta</span> <span class='ocrx_word' id='word_1_393' title='bbox 1032 3105 1116 3142; x_wconf 85' lang='lat' dir='ltr'>my-</span> 
     </span>
    </p>
   </div>
   <div class='ocr_carea' id='block_1_27' title="bbox 34 3136 1113 3189">
    <p class='ocr_par' dir='ltr' id='par_1_32' title="bbox 34 3136 1113 3189">
     <span class='ocr_line' id='line_1_56' title="bbox 34 3136 1113 3189; baseline 0.006 -13"><span class='ocrx_word' id='word_1_394' title='bbox 34 3147 35 3151; x_wconf 74' lang='grc'>’</span> <span class='ocrx_word' id='word_1_395' title='bbox 72 3136 174 3176; x_wconf 83' lang='lat' dir='ltr'>steria</span> <span class='ocrx_word' id='word_1_396' title='bbox 188 3166 198 3181; x_wconf 93' lang='lat'>‚</span> <span class='ocrx_word' id='word_1_397' title='bbox 228 3146 267 3175; x_wconf 85' lang='lat' dir='ltr'>ut</span> <span class='ocrx_word' id='word_1_398' title='bbox 286 3138 425 3174; x_wconf 85' lang='lat' dir='ltr'>Cereris</span> <span class='ocrx_word' id='word_1_399' title='bbox 443 3140 480 3175; x_wconf 69' lang='grc' dir='ltr'>ὃ(</span> <span class='ocrx_word' id='word_1_400' title='bbox 493 3139 647 3175; x_wconf 85' lang='lat' dir='ltr'>aliorum</span> <span class='ocrx_word' id='word_1_401' title='bbox 668 3144 862 3182; x_wconf 82' lang='lat' dir='ltr'>numinum</span> <span class='ocrx_word' id='word_1_402' title='bbox 876 3173 886 3189; x_wconf 92' lang='lat'>,</span> <span class='ocrx_word' id='word_1_403' title='bbox 914 3157 990 3181; x_wconf 88' lang='lat' dir='ltr'>non</span> <span class='ocrx_word' id='word_1_404' title='bbox 1001 3146 1113 3182; x_wconf 84' lang='lat' dir='ltr'>etiarn</span> 
     </span>
    </p>
   </div>
   <div class='ocr_carea' id='block_1_28' title="bbox 74 3187 1112 3239">
    <p class='ocr_par' dir='ltr' id='par_1_33' title="bbox 74 3187 1112 3239">
     <span class='ocr_line' id='line_1_57' title="bbox 74 3187 1112 3239; baseline 0.007 -13"><span class='ocrx_word' id='word_1_405' title='bbox 74 3188 122 3227; x_wconf 78' lang='lat' dir='ltr'>ita</span> <span class='ocrx_word' id='word_1_406' title='bbox 150 3197 272 3236; x_wconf 74' lang='lat' dir='ltr'>aperta</span> <span class='ocrx_word' id='word_1_407' title='bbox 303 3188 436 3226; x_wconf 86' lang='lat' dir='ltr'>debent</span> <span class='ocrx_word' id='word_1_408' title='bbox 465 3187 561 3232; x_wconf 76' lang='lat' dir='ltr'>effe,</span> <span class='ocrx_word' id='word_1_409' title='bbox 598 3197 637 3226; x_wconf 92' lang='lat' dir='ltr'>ut</span> <span class='ocrx_word' id='word_1_410' title='bbox 666 3191 821 3238; x_wconf 83' lang='lat' dir='ltr'>Cybeles</span> <span class='ocrx_word' id='word_1_411' title='bbox 842 3222 852 3239; x_wconf 96' lang='lat'>,</span> <span class='ocrx_word' id='word_1_412' title='bbox 888 3196 948 3232; x_wconf 86' lang='lat' dir='ltr'>ubi</span> <span class='ocrx_word' id='word_1_413' title='bbox 978 3196 1112 3233; x_wconf 75' lang='lat' dir='ltr'>vesano</span> 
     </span>
    </p>
   </div>
   <div class='ocr_carea' id='block_1_29' title="bbox 35 3239 1114 3293">
    <p class='ocr_par' dir='ltr' id='par_1_34' title="bbox 35 3239 1114 3293">
     <span class='ocr_line' id='line_1_58' title="bbox 35 3239 1114 3293; baseline 0.007 -18"><span class='ocrx_word' id='word_1_414' title='bbox 35 3261 37 3264; x_wconf 85' lang='lat'>.</span> <span class='ocrx_word' id='word_1_415' title='bbox 73 3239 236 3276; x_wconf 75' lang='lat' dir='ltr'>tumultu</span> <span class='ocrx_word' id='word_1_416' title='bbox 263 3240 299 3275; x_wconf 70' lang='grc' dir='ltr'>ὅ(</span> <span class='ocrx_word' id='word_1_417' title='bbox 322 3239 495 3287; x_wconf 81' lang='lat' dir='ltr'>cymbalis</span> <span class='ocrx_word' id='word_1_418' title='bbox 519 3252 572 3277; x_wconf 89' lang='lat' dir='ltr'>res</span> <span class='ocrx_word' id='word_1_419' title='bbox 595 3241 731 3288; x_wconf 83' lang='lat' dir='ltr'>agitur,</span> <span class='ocrx_word' id='word_1_420' title='bbox 766 3242 824 3279; x_wconf 89' lang='lat' dir='ltr'>sed</span> <span class='ocrx_word' id='word_1_421' title='bbox 842 3244 976 3282; x_wconf 86' lang='lat' dir='ltr'>habent</span> <span class='ocrx_word' id='word_1_422' title='bbox 993 3245 1114 3293; x_wconf 88' lang='lat' dir='ltr'>quod-</span> 
     </span>
    </p>
   </div>
   <div class='ocr_carea' id='block_1_30' title="bbox 74 3288 1113 3335">
    <p class='ocr_par' dir='ltr' id='par_1_35' title="bbox 74 3288 1113 3335">
     <span class='ocr_line' id='line_1_59' title="bbox 74 3288 1113 3335; baseline 0.007 -8"><span class='ocrx_word' id='word_1_423' title='bbox 74 3288 161 3328; x_wconf 77' lang='lat' dir='ltr'>dam</span> <span class='ocrx_word' id='word_1_424' title='bbox 187 3289 353 3328; x_wconf 82' lang='lat' dir='ltr'>medium</span> <span class='ocrx_word' id='word_1_425' title='bbox 371 3317 381 3335; x_wconf 94' lang='lat'>,</span> <span class='ocrx_word' id='word_1_426' title='bbox 419 3290 457 3327; x_wconf 64' lang='grc' dir='ltr'>ὃς</span> <span class='ocrx_word' id='word_1_427' title='bbox 482 3291 531 3327; x_wconf 78' lang='lat' dir='ltr'>ita</span> <span class='ocrx_word' id='word_1_428' title='bbox 561 3291 655 3329; x_wconf 82' lang='lat' dir='ltr'>inter</span> <span class='ocrx_word' id='word_1_429' title='bbox 683 3303 752 3329; x_wconf 86' lang='lat' dir='ltr'>nos</span> <span class='ocrx_word' id='word_1_430' title='bbox 785 3293 965 3332; x_wconf 76' lang='lat' dir='ltr'>versantur</span> <span class='ocrx_word' id='word_1_431' title='bbox 999 3295 1113 3334; x_wconf 91' lang='lat' dir='ltr'>obvio</span> 
     </span>
    </p>
   </div>
   <div class='ocr_carea' id='block_1_31' title="bbox 430 941 1811 1017">
    <p class='ocr_par' dir='ltr' id='par_1_36' title="bbox 430 941 1811 1017">
     <span class='ocr_line' id='line_1_60' title="bbox 430 941 1811 1017; baseline 0.001 -21"><span class='ocrx_word' id='word_1_432' title='bbox 430 941 781 1015; x_wconf 80' lang='lat' dir='ltr'>Quaerimus3</span> <span class='ocrx_word' id='word_1_433' title='bbox 823 956 984 1017; x_wconf 85' lang='lat' dir='ltr'>atque</span> <span class='ocrx_word' id='word_1_434' title='bbox 1009 941 1209 1015; x_wconf 82' lang='lat' dir='ltr'>aliquid</span> <span class='ocrx_word' id='word_1_435' title='bbox 1234 942 1353 997; x_wconf 91' lang='lat' dir='ltr'>luce</span> <span class='ocrx_word' id='word_1_436' title='bbox 1376 955 1594 1015; x_wconf 87' lang='lat' dir='ltr'>patente</span> <span class='ocrx_word' id='word_1_437' title='bbox 1621 943 1811 998; x_wconf 66' lang='lat' dir='ltr'>minus„</span> 
     </span>
    </p>
   </div>
   <div class='ocr_carea' id='block_1_32' title="bbox 1167 1014 2227 1876">
    <p class='ocr_par' dir='ltr' id='par_1_37' title="bbox 1174 1014 2227 1373">
     <span class='ocr_line' id='line_1_61' title="bbox 2058 1014 2226 1072; baseline 0.024 -3"><span class='ocrx_word' id='word_1_438' title='bbox 2058 1014 2226 1072; x_wconf 75' lang='lat' dir='ltr'>Tunc</span> 
     </span>
     <span class='ocr_line' id='line_1_62' title="bbox 1174 1118 2226 1170; baseline 0.008 -14"><span class='ocrx_word' id='word_1_439' title='bbox 1174 1118 1261 1164; x_wconf 88' lang='lat' dir='ltr'>usu,</span> <span class='ocrx_word' id='word_1_440' title='bbox 1290 1120 1329 1158; x_wconf 88' lang='lat'>&amp;</span> <span class='ocrx_word' id='word_1_441' title='bbox 1349 1118 1521 1159; x_wconf 84' lang='lat' dir='ltr'>omnibus</span> <span class='ocrx_word' id='word_1_442' title='bbox 1547 1120 1700 1170; x_wconf 85' lang='lat' dir='ltr'>vulgato</span> <span class='ocrx_word' id='word_1_443' title='bbox 1724 1149 1734 1166; x_wconf 94' lang='lat'>,</span> <span class='ocrx_word' id='word_1_444' title='bbox 1763 1126 1805 1158; x_wconf 89' lang='lat' dir='ltr'>ut</span> <span class='ocrx_word' id='word_1_445' title='bbox 1830 1126 1959 1162; x_wconf 80' lang='lat' dir='ltr'>tamen</span> <span class='ocrx_word' id='word_1_446' title='bbox 1986 1120 2102 1160; x_wconf 84' lang='lat' dir='ltr'>velint</span> <span class='ocrx_word' id='word_1_447' title='bbox 2129 1124 2226 1164; x_wconf 79' lang='lat' dir='ltr'>inter</span> 
     </span>
     <span class='ocr_line' id='line_1_63' title="bbox 1176 1171 2223 1221; baseline 0.004 -13"><span class='ocrx_word' id='word_1_448' title='bbox 1176 1181 1264 1215; x_wconf 63' lang='grc' dir='ltr'>θος,</span> <span class='ocrx_word' id='word_1_449' title='bbox 1292 1172 1356 1220; x_wconf 90' lang='lat' dir='ltr'>qui</span> <span class='ocrx_word' id='word_1_450' title='bbox 1374 1171 1477 1209; x_wconf 86' lang='lat' dir='ltr'>sacris</span> <span class='ocrx_word' id='word_1_451' title='bbox 1496 1172 1548 1209; x_wconf 90' lang='lat' dir='ltr'>his</span> <span class='ocrx_word' id='word_1_452' title='bbox 1571 1180 1789 1221; x_wconf 88' lang='lat' dir='ltr'>operantur,</span> <span class='ocrx_word' id='word_1_453' title='bbox 1818 1172 1954 1216; x_wconf 87' lang='lat' dir='ltr'>latere,</span> <span class='ocrx_word' id='word_1_454' title='bbox 1983 1172 2021 1209; x_wconf 68' lang='grc' dir='ltr'>ὃ(</span> <span class='ocrx_word' id='word_1_455' title='bbox 2041 1173 2223 1214; x_wconf 86' lang='lat' dir='ltr'>secretum</span> 
     </span>
     <span class='ocr_line' id='line_1_64' title="bbox 1174 1220 2227 1270; baseline 0.006 -13"><span class='ocrx_word' id='word_1_456' title='bbox 1174 1220 1249 1258; x_wconf 88' lang='lat' dir='ltr'>hoc</span> <span class='ocrx_word' id='word_1_457' title='bbox 1265 1223 1438 1260; x_wconf 88' lang='lat' dir='ltr'>horribile</span> <span class='ocrx_word' id='word_1_458' title='bbox 1457 1223 1584 1270; x_wconf 86' lang='lat' dir='ltr'>perire.</span> <span class='ocrx_word' id='word_1_459' title='bbox 1612 1225 1647 1260; x_wconf 86' lang='lat' dir='ltr'>in</span> <span class='ocrx_word' id='word_1_460' title='bbox 1669 1224 1741 1260; x_wconf 89' lang='lat' dir='ltr'>hoc</span> <span class='ocrx_word' id='word_1_461' title='bbox 1760 1223 1864 1260; x_wconf 88' lang='lat' dir='ltr'>versu</span> <span class='ocrx_word' id='word_1_462' title='bbox 1888 1222 2006 1260; x_wconf 88' lang='lat' dir='ltr'>modo</span> <span class='ocrx_word' id='word_1_463' title='bbox 2026 1222 2227 1263; x_wconf 87' lang='lat' dir='ltr'>subintelli-</span> 
     </span>
     <span class='ocr_line' id='line_1_65' title="bbox 1174 1272 2226 1321; baseline 0.007 -13"><span class='ocrx_word' id='word_1_464' title='bbox 1174 1272 1293 1320; x_wconf 79' lang='lat' dir='ltr'>genda</span> <span class='ocrx_word' id='word_1_465' title='bbox 1313 1285 1389 1310; x_wconf 81' lang='lat' dir='ltr'>vox</span> <span class='ocrx_word' id='word_1_466' title='bbox 1407 1272 1514 1309; x_wconf 84' lang='lat' dir='ltr'>etiam</span> <span class='ocrx_word' id='word_1_467' title='bbox 1527 1301 1537 1316; x_wconf 91' lang='lat'>,</span> <span class='ocrx_word' id='word_1_468' title='bbox 1550 1273 1607 1309; x_wconf 83' lang='lat' dir='ltr'>vel</span> <span class='ocrx_word' id='word_1_469' title='bbox 1626 1283 1756 1310; x_wconf 85' lang='lat' dir='ltr'>tamen.</span> <span class='ocrx_word' id='word_1_470' title='bbox 1777 1273 1901 1310; x_wconf 62' lang='lat' dir='ltr'>ictibus</span> <span class='ocrx_word' id='word_1_471' title='bbox 1921 1286 2002 1310; x_wconf 86' lang='lat' dir='ltr'>aera</span> <span class='ocrx_word' id='word_1_472' title='bbox 2013 1273 2137 1321; x_wconf 79' lang='lat' dir='ltr'>fhnent</span> <span class='ocrx_word' id='word_1_473' title='bbox 2149 1283 2226 1316; x_wconf 82' lang='lat' dir='ltr'>erat</span> 
     </span>
     <span class='ocr_line' id='line_1_66' title="bbox 1175 1323 1866 1373; baseline 0.003 -14"><span class='ocrx_word' id='word_1_474' title='bbox 1175 1323 1214 1359; x_wconf 92' lang='lat' dir='ltr'>in</span> <span class='ocrx_word' id='word_1_475' title='bbox 1233 1324 1375 1362; x_wconf 86' lang='lat' dir='ltr'>Moreti</span> <span class='ocrx_word' id='word_1_476' title='bbox 1394 1324 1432 1362; x_wconf 63' lang='grc' dir='ltr'>ὃς</span> <span class='ocrx_word' id='word_1_477' title='bbox 1445 1325 1609 1373; x_wconf 88' lang='lat' dir='ltr'>quinque</span> <span class='ocrx_word' id='word_1_478' title='bbox 1623 1324 1709 1361; x_wconf 84' lang='lat' dir='ltr'>aliis.</span> <span class='ocrx_word' id='word_1_479' title='bbox 1741 1326 1866 1361; x_wconf 62' lang='lat' dir='ltr'>buum.</span> 
     </span>
    </p>

    <p class='ocr_par' dir='ltr' id='par_1_38' title="bbox 1170 1373 2227 1677">
     <span class='ocr_line' id='line_1_67' title="bbox 1226 1373 2227 1423; baseline 0.006 -13"><span class='ocrx_word' id='word_1_480' title='bbox 1226 1375 1309 1412; x_wconf 84' lang='lat'>612.</span> <span class='ocrx_word' id='word_1_481' title='bbox 1337 1375 1390 1411; x_wconf 86' lang='lat' dir='ltr'>Sic</span> <span class='ocrx_word' id='word_1_482' title='bbox 1411 1380 1568 1423; x_wconf 64' lang='lat' dir='ltr'>tamem]</span> <span class='ocrx_word' id='word_1_483' title='bbox 1596 1374 1658 1410; x_wconf 78' lang='lat' dir='ltr'>Sed</span> <span class='ocrx_word' id='word_1_484' title='bbox 1672 1373 1721 1423; x_wconf 83' lang='lat' dir='ltr'>fic</span> <span class='ocrx_word' id='word_1_485' title='bbox 1748 1375 1840 1411; x_wconf 80' lang='lat' dir='ltr'>inter</span> <span class='ocrx_word' id='word_1_486' title='bbox 1859 1388 1941 1419; x_wconf 86' lang='lat' dir='ltr'>nos,</span> <span class='ocrx_word' id='word_1_487' title='bbox 1974 1374 2053 1413; x_wconf 84' lang='lat' dir='ltr'>libri</span> <span class='ocrx_word' id='word_1_488' title='bbox 2083 1385 2227 1417; x_wconf 75' lang='lat' dir='ltr'>veteres</span> 
     </span>
     <span class='ocr_line' id='line_1_68' title="bbox 1174 1424 2227 1475; baseline 0.005 -13"><span class='ocrx_word' id='word_1_489' title='bbox 1174 1424 1337 1475; x_wconf 86' lang='lat' dir='ltr'>plerique</span> <span class='ocrx_word' id='word_1_490' title='bbox 1357 1437 1441 1464; x_wconf 85' lang='lat' dir='ltr'>cum</span> <span class='ocrx_word' id='word_1_491' title='bbox 1463 1426 1580 1474; x_wconf 83' lang='lat' dir='ltr'>prima</span> <span class='ocrx_word' id='word_1_492' title='bbox 1604 1425 1781 1463; x_wconf 85' lang='lat' dir='ltr'>editione.</span> <span class='ocrx_word' id='word_1_493' title='bbox 1817 1427 2030 1464; x_wconf 76' lang='lat' dir='ltr'>HEINSIUS.</span> <span class='ocrx_word' id='word_1_494' title='bbox 2066 1427 2227 1467; x_wconf 76' lang='lat' dir='ltr'>offendit</span> 
     </span>
     <span class='ocr_line' id='line_1_69' title="bbox 1173 1476 2224 1528; baseline 0.003 -14"><span class='ocrx_word' id='word_1_495' title='bbox 1173 1477 1308 1514; x_wconf 89' lang='lat' dir='ltr'>merito</span> <span class='ocrx_word' id='word_1_496' title='bbox 1328 1476 1380 1514; x_wconf 86' lang='lat' dir='ltr'>bis</span> <span class='ocrx_word' id='word_1_497' title='bbox 1401 1477 1598 1525; x_wconf 84' lang='lat' dir='ltr'>repetitum</span> <span class='ocrx_word' id='word_1_498' title='bbox 1618 1476 1707 1514; x_wconf 89' lang='lat' dir='ltr'>illud</span> <span class='ocrx_word' id='word_1_499' title='bbox 1726 1486 1845 1513; x_wconf 85' lang='lat' dir='ltr'>tamen</span> <span class='ocrx_word' id='word_1_500' title='bbox 1858 1505 1869 1521; x_wconf 89' lang='lat'>,</span> <span class='ocrx_word' id='word_1_501' title='bbox 1908 1489 2020 1526; x_wconf 87' lang='lat' dir='ltr'>quare</span> <span class='ocrx_word' id='word_1_502' title='bbox 2041 1479 2224 1528; x_wconf 88' lang='lat' dir='ltr'>recipien-</span> 
     </span>
     <span class='ocr_line' id='line_1_70' title="bbox 1171 1525 2224 1577; baseline 0.004 -13"><span class='ocrx_word' id='word_1_503' title='bbox 1171 1526 1257 1564; x_wconf 85' lang='lat' dir='ltr'>dam</span> <span class='ocrx_word' id='word_1_504' title='bbox 1278 1525 1348 1564; x_wconf 76' lang='lat' dir='ltr'>effe</span> <span class='ocrx_word' id='word_1_505' title='bbox 1367 1535 1460 1575; x_wconf 91' lang='lat' dir='ltr'>puto</span> <span class='ocrx_word' id='word_1_506' title='bbox 1484 1528 1655 1564; x_wconf 79' lang='lat' dir='ltr'>cOdicum</span> <span class='ocrx_word' id='word_1_507' title='bbox 1677 1527 1900 1575; x_wconf 83' lang='lat' dir='ltr'>scripturam.</span> <span class='ocrx_word' id='word_1_508' title='bbox 1928 1536 1968 1564; x_wconf 86' lang='lat' dir='ltr'>ut</span> <span class='ocrx_word' id='word_1_509' title='bbox 1990 1528 2105 1567; x_wconf 81' lang='lat' dir='ltr'>Aldus</span> <span class='ocrx_word' id='word_1_510' title='bbox 2121 1530 2224 1577; x_wconf 89' lang='lat' dir='ltr'>prio-</span> 
     </span>
     <span class='ocr_line' id='line_1_71' title="bbox 1170 1577 2227 1626; baseline 0.005 -13"><span class='ocrx_word' id='word_1_511' title='bbox 1170 1588 1208 1614; x_wconf 92' lang='lat' dir='ltr'>re</span> <span class='ocrx_word' id='word_1_512' title='bbox 1229 1577 1869 1626; x_wconf 77' lang='lat' dir='ltr'>editione‚Micyllus,Bersmannus</span> <span class='ocrx_word' id='word_1_513' title='bbox 1891 1578 1997 1615; x_wconf 86' lang='lat' dir='ltr'>&amp;alii</span> <span class='ocrx_word' id='word_1_514' title='bbox 2018 1579 2227 1618; x_wconf 82' lang='lat' dir='ltr'>ediderunt.</span> 
     </span>
     <span class='ocr_line' id='line_1_72' title="bbox 1170 1626 2181 1677; baseline 0.001 -13"><span class='ocrx_word' id='word_1_515' title='bbox 1170 1626 1272 1677; x_wconf 62' lang='lat' dir='ltr'>&amp;fic</span> <span class='ocrx_word' id='word_1_516' title='bbox 1291 1628 1449 1665; x_wconf 83' lang='lat' dir='ltr'>internos</span> <span class='ocrx_word' id='word_1_517' title='bbox 1460 1627 1735 1673; x_wconf 69' lang='lat' dir='ltr'>Palatin.sedfic</span> <span class='ocrx_word' id='word_1_518' title='bbox 1747 1629 1837 1662; x_wconf 79' lang='lat' dir='ltr'>inter</span> <span class='ocrx_word' id='word_1_519' title='bbox 1848 1642 1908 1662; x_wconf 80' lang='lat' dir='ltr'>vos</span> <span class='ocrx_word' id='word_1_520' title='bbox 1918 1641 2010 1666; x_wconf 88' lang='lat' dir='ltr'>unus</span> <span class='ocrx_word' id='word_1_521' title='bbox 2025 1630 2181 1668; x_wconf 87' lang='lat' dir='ltr'>Heinfii.</span> 
     </span>
    </p>

    <p class='ocr_par' dir='ltr' id='par_1_39' title="bbox 1167 1675 2225 1876">
     <span class='ocr_line' id='line_1_73' title="bbox 1222 1675 2225 1729; baseline 0.008 -19"><span class='ocrx_word' id='word_1_522' title='bbox 1222 1680 1304 1721; x_wconf 77' lang='lat'>614.</span> <span class='ocrx_word' id='word_1_523' title='bbox 1333 1676 1527 1724; x_wconf 78' lang='lat' dir='ltr'>Protegitur</span> <span class='ocrx_word' id='word_1_524' title='bbox 1555 1675 1657 1712; x_wconf 77' lang='lat' dir='ltr'>laeva</span> <span class='ocrx_word' id='word_1_525' title='bbox 1679 1676 1910 1724; x_wconf 65' lang='lat' dir='ltr'>semiredufffa</span> <span class='ocrx_word' id='word_1_526' title='bbox 1950 1691 2070 1715; x_wconf 80' lang='lat' dir='ltr'>manu.</span> <span class='ocrx_word' id='word_1_527' title='bbox 2097 1680 2113 1729; x_wconf 92' lang='lat'>]</span> <span class='ocrx_word' id='word_1_528' title='bbox 2151 1681 2225 1719; x_wconf 82' lang='lat' dir='ltr'>Ca-</span> 
     </span>
     <span class='ocr_line' id='line_1_74' title="bbox 1170 1726 2224 1776; baseline 0.005 -13"><span class='ocrx_word' id='word_1_529' title='bbox 1170 1727 1333 1764; x_wconf 78' lang='lat' dir='ltr'>stiffimus</span> <span class='ocrx_word' id='word_1_530' title='bbox 1356 1727 1484 1764; x_wconf 89' lang='lat' dir='ltr'>Ovidii</span> <span class='ocrx_word' id='word_1_531' title='bbox 1507 1726 1618 1764; x_wconf 90' lang='lat' dir='ltr'>nostri</span> <span class='ocrx_word' id='word_1_532' title='bbox 1638 1728 1834 1775; x_wconf 87' lang='lat' dir='ltr'>interpres,</span> <span class='ocrx_word' id='word_1_533' title='bbox 1860 1728 2041 1776; x_wconf 77' lang='lat' dir='ltr'>Crispinus</span> <span class='ocrx_word' id='word_1_534' title='bbox 2057 1757 2067 1772; x_wconf 92' lang='lat'>‚</span> <span class='ocrx_word' id='word_1_535' title='bbox 2101 1731 2224 1769; x_wconf 84' lang='lat' dir='ltr'>famae</span> 
     </span>
     <span class='ocr_line' id='line_1_75' title="bbox 1167 1774 2221 1826; baseline 0.004 -11"><span class='ocrx_word' id='word_1_536' title='bbox 1167 1777 1254 1815; x_wconf 85' lang='lat' dir='ltr'>suae</span> <span class='ocrx_word' id='word_1_537' title='bbox 1275 1777 1375 1814; x_wconf 68' lang='lat' dir='ltr'>recte</span> <span class='ocrx_word' id='word_1_538' title='bbox 1398 1774 1613 1815; x_wconf 82' lang='lat' dir='ltr'>consuluiffe</span> <span class='ocrx_word' id='word_1_539' title='bbox 1633 1777 1799 1821; x_wconf 89' lang='lat' dir='ltr'>videtur,</span> <span class='ocrx_word' id='word_1_540' title='bbox 1826 1778 1928 1826; x_wconf 90' lang='lat' dir='ltr'>quod</span> <span class='ocrx_word' id='word_1_541' title='bbox 1960 1779 2059 1816; x_wconf 87' lang='lat' dir='ltr'>hunc</span> <span class='ocrx_word' id='word_1_542' title='bbox 2091 1779 2221 1819; x_wconf 84' lang='lat' dir='ltr'>locum</span> 
     </span>
     <span class='ocr_line' id='line_1_76' title="bbox 1170 1826 2222 1876; baseline 0.005 -11"><span class='ocrx_word' id='word_1_543' title='bbox 1170 1840 1247 1865; x_wconf 88' lang='lat' dir='ltr'>non</span> <span class='ocrx_word' id='word_1_544' title='bbox 1259 1826 1470 1866; x_wconf 72' lang='lat' dir='ltr'>intellexisse</span> <span class='ocrx_word' id='word_1_545' title='bbox 1483 1828 1657 1865; x_wconf 84' lang='lat' dir='ltr'>convinci</span> <span class='ocrx_word' id='word_1_546' title='bbox 1668 1828 1771 1865; x_wconf 83' lang='lat' dir='ltr'>facile</span> <span class='ocrx_word' id='word_1_547' title='bbox 1785 1828 1901 1876; x_wconf 76' lang='lat' dir='ltr'>poffit.</span> <span class='ocrx_word' id='word_1_548' title='bbox 1914 1840 2000 1866; x_wconf 90' lang='lat' dir='ltr'>nam</span> <span class='ocrx_word' id='word_1_549' title='bbox 2013 1830 2071 1866; x_wconf 89' lang='lat' dir='ltr'>ille</span> <span class='ocrx_word' id='word_1_550' title='bbox 2083 1841 2222 1870; x_wconf 86' lang='lat' dir='ltr'>vocem</span> 
     </span>
    </p>
   </div>
   <div class='ocr_carea' id='block_1_33' title="bbox 1160 1877 2224 1930">
    <p class='ocr_par' dir='ltr' id='par_1_40' title="bbox 1160 1877 2224 1930">
     <span class='ocr_line' id='line_1_77' title="bbox 1160 1877 2224 1930; baseline 0.005 -15"><span class='ocrx_word' id='word_1_551' title='bbox 1160 1878 1393 1927; x_wconf 59' lang='lat' dir='ltr'>ftmireduc‘la</span> <span class='ocrx_word' id='word_1_552' title='bbox 1403 1877 1448 1916; x_wconf 88' lang='lat' dir='ltr'>ad</span> <span class='ocrx_word' id='word_1_553' title='bbox 1462 1890 1614 1916; x_wconf 86' lang='lat' dir='ltr'>manum</span> <span class='ocrx_word' id='word_1_554' title='bbox 1624 1878 1767 1916; x_wconf 88' lang='lat' dir='ltr'>laevam</span> <span class='ocrx_word' id='word_1_555' title='bbox 1781 1879 1891 1916; x_wconf 82' lang='lat' dir='ltr'>refert</span> <span class='ocrx_word' id='word_1_556' title='bbox 1905 1907 1914 1922; x_wconf 92' lang='lat'>‚</span> <span class='ocrx_word' id='word_1_557' title='bbox 1926 1880 2110 1928; x_wconf 85' lang='lat' dir='ltr'>explicans</span> <span class='ocrx_word' id='word_1_558' title='bbox 2114 1882 2224 1930; x_wconf 82' lang='lat' dir='ltr'>semi-</span> 
     </span>
    </p>
   </div>
   <div class='ocr_carea' id='block_1_34' title="bbox 1166 1928 2227 3386">
    <p class='ocr_par' dir='ltr' id='par_1_41' title="bbox 1166 1928 2227 3246">
     <span class='ocr_line' id='line_1_78' title="bbox 1169 1928 2227 1981; baseline 0.006 -16"><span class='ocrx_word' id='word_1_559' title='bbox 1169 1928 1334 1978; x_wconf 82' lang='lat' dir='ltr'>reflexam</span> <span class='ocrx_word' id='word_1_560' title='bbox 1349 1958 1358 1973; x_wconf 96' lang='lat'>,</span> <span class='ocrx_word' id='word_1_561' title='bbox 1395 1929 1455 1967; x_wconf 88' lang='lat' dir='ltr'>vel</span> <span class='ocrx_word' id='word_1_562' title='bbox 1484 1929 1680 1967; x_wconf 55' lang='lat' dir='ltr'>adductam</span> <span class='ocrx_word' id='word_1_563' title='bbox 1713 1929 1758 1967; x_wconf 87' lang='lat' dir='ltr'>ad</span> <span class='ocrx_word' id='word_1_564' title='bbox 1780 1929 1939 1967; x_wconf 80' lang='lat' dir='ltr'>mediam</span> <span class='ocrx_word' id='word_1_565' title='bbox 1961 1943 2123 1980; x_wconf 87' lang='lat' dir='ltr'>corporis</span> <span class='ocrx_word' id='word_1_566' title='bbox 2144 1945 2227 1981; x_wconf 84' lang='lat' dir='ltr'>par-</span> 
     </span>
     <span class='ocr_line' id='line_1_79' title="bbox 1168 1979 2226 2031; baseline 0.004 -13"><span class='ocrx_word' id='word_1_567' title='bbox 1168 1988 1245 2018; x_wconf 90' lang='lat' dir='ltr'>tem</span> <span class='ocrx_word' id='word_1_568' title='bbox 1262 2009 1272 2024; x_wconf 93' lang='lat'>,</span> <span class='ocrx_word' id='word_1_569' title='bbox 1300 1980 1466 2018; x_wconf 83' lang='lat' dir='ltr'>dextram</span> <span class='ocrx_word' id='word_1_570' title='bbox 1485 1980 1617 2018; x_wconf 89' lang='lat' dir='ltr'>versus.</span> <span class='ocrx_word' id='word_1_571' title='bbox 1643 1979 1700 2017; x_wconf 81' lang='lat' dir='ltr'>sed</span> <span class='ocrx_word' id='word_1_572' title='bbox 1724 1981 1817 2017; x_wconf 87' lang='lat' dir='ltr'>ratio</span> <span class='ocrx_word' id='word_1_573' title='bbox 1838 1981 2033 2018; x_wconf 81' lang='lat' dir='ltr'>Prosodiae</span> <span class='ocrx_word' id='word_1_574' title='bbox 2049 1983 2226 2031; x_wconf 74' lang='lat' dir='ltr'>potuisset</span> 
     </span>
     <span class='ocr_line' id='line_1_80' title="bbox 1169 2030 2224 2081; baseline 0.005 -14"><span class='ocrx_word' id='word_1_575' title='bbox 1169 2031 1289 2067; x_wconf 90' lang='lat' dir='ltr'>virum</span> <span class='ocrx_word' id='word_1_576' title='bbox 1301 2030 1492 2079; x_wconf 86' lang='lat' dir='ltr'>pudicum,</span> <span class='ocrx_word' id='word_1_577' title='bbox 1504 2033 1568 2078; x_wconf 89' lang='lat' dir='ltr'>qui</span> <span class='ocrx_word' id='word_1_578' title='bbox 1581 2043 1787 2080; x_wconf 78' lang='lat' dir='ltr'>numquam</span> <span class='ocrx_word' id='word_1_579' title='bbox 1801 2032 1895 2068; x_wconf 85' lang='lat' dir='ltr'>forte</span> <span class='ocrx_word' id='word_1_580' title='bbox 1906 2043 1952 2068; x_wconf 94' lang='lat' dir='ltr'>eo</span> <span class='ocrx_word' id='word_1_581' title='bbox 1963 2033 2051 2070; x_wconf 84' lang='lat' dir='ltr'>statu</span> <span class='ocrx_word' id='word_1_582' title='bbox 2061 2035 2224 2081; x_wconf 87' lang='lat' dir='ltr'>puellam</span> 
     </span>
     <span class='ocr_line' id='line_1_81' title="bbox 1169 2080 2224 2132; baseline 0.005 -15"><span class='ocrx_word' id='word_1_583' title='bbox 1169 2080 1336 2125; x_wconf 88' lang='lat' dir='ltr'>viderat,</span> <span class='ocrx_word' id='word_1_584' title='bbox 1361 2092 1537 2124; x_wconf 90' lang='lat' dir='ltr'>monere,</span> <span class='ocrx_word' id='word_1_585' title='bbox 1565 2081 1733 2118; x_wconf 85' lang='lat' dir='ltr'>ultimam</span> <span class='ocrx_word' id='word_1_586' title='bbox 1755 2081 1925 2130; x_wconf 88' lang='lat' dir='ltr'>syllabam</span> <span class='ocrx_word' id='word_1_587' title='bbox 1948 2081 2019 2120; x_wconf 80' lang='lat' dir='ltr'>effe</span> <span class='ocrx_word' id='word_1_588' title='bbox 2046 2083 2197 2123; x_wconf 89' lang='lat' dir='ltr'>brevem</span> <span class='ocrx_word' id='word_1_589' title='bbox 2212 2114 2224 2132; x_wconf 89' lang='lat'>,</span> 
     </span>
     <span class='ocr_line' id='line_1_82' title="bbox 1171 2130 2223 2180; baseline 0.005 -12"><span class='ocrx_word' id='word_1_590' title='bbox 1171 2131 1210 2168; x_wconf 91' lang='lat'>&amp;</span> <span class='ocrx_word' id='word_1_591' title='bbox 1242 2131 1328 2169; x_wconf 88' lang='lat' dir='ltr'>ideo</span> <span class='ocrx_word' id='word_1_592' title='bbox 1356 2131 1402 2170; x_wconf 88' lang='lat' dir='ltr'>ad</span> <span class='ocrx_word' id='word_1_593' title='bbox 1430 2137 1589 2169; x_wconf 80' lang='lat' dir='ltr'>Venerem</span> <span class='ocrx_word' id='word_1_594' title='bbox 1619 2130 1688 2169; x_wconf 85' lang='lat' dir='ltr'>effe</span> <span class='ocrx_word' id='word_1_595' title='bbox 1708 2132 1937 2170; x_wconf 85' lang='lat' dir='ltr'>referendam</span> <span class='ocrx_word' id='word_1_596' title='bbox 1962 2147 1969 2171; x_wconf 76' lang='grc' dir='ltr'>ε</span> <span class='ocrx_word' id='word_1_597' title='bbox 1992 2133 2223 2180; x_wconf 70' lang='grc' dir='ltr'>[εηιὶνειίκέῖα</span> 
     </span>
     <span class='ocr_line' id='line_1_83' title="bbox 1170 2182 2223 2232; baseline 0.004 -12"><span class='ocrx_word' id='word_1_598' title='bbox 1170 2192 1263 2220; x_wconf 76' lang='lat' dir='ltr'>vero</span> <span class='ocrx_word' id='word_1_599' title='bbox 1286 2182 1416 2220; x_wconf 88' lang='lat' dir='ltr'>Venus</span> <span class='ocrx_word' id='word_1_600' title='bbox 1433 2182 1482 2219; x_wconf 89' lang='lat' dir='ltr'>est</span> <span class='ocrx_word' id='word_1_601' title='bbox 1499 2211 1509 2227; x_wconf 93' lang='lat'>,</span> <span class='ocrx_word' id='word_1_602' title='bbox 1548 2194 1595 2220; x_wconf 91' lang='lat' dir='ltr'>eo</span> <span class='ocrx_word' id='word_1_603' title='bbox 1625 2184 1787 2232; x_wconf 85' lang='lat' dir='ltr'>corporis</span> <span class='ocrx_word' id='word_1_604' title='bbox 1812 2183 1902 2220; x_wconf 79' lang='lat' dir='ltr'>statu</span> <span class='ocrx_word' id='word_1_605' title='bbox 1923 2185 2092 2222; x_wconf 87' lang='lat' dir='ltr'>inclinata</span> <span class='ocrx_word' id='word_1_606' title='bbox 2117 2214 2133 2230; x_wconf 72' lang='lat'>,</span> <span class='ocrx_word' id='word_1_607' title='bbox 2181 2194 2223 2224; x_wconf 86' lang='lat' dir='ltr'>ut</span> 
     </span>
     <span class='ocr_line' id='line_1_84' title="bbox 1167 2233 2221 2282; baseline 0.004 -13"><span class='ocrx_word' id='word_1_608' title='bbox 1167 2233 1290 2280; x_wconf 84' lang='lat' dir='ltr'>capite</span> <span class='ocrx_word' id='word_1_609' title='bbox 1313 2233 1517 2282; x_wconf 87' lang='lat' dir='ltr'>paullulum</span> <span class='ocrx_word' id='word_1_610' title='bbox 1540 2245 1661 2282; x_wconf 90' lang='lat' dir='ltr'>prono</span> <span class='ocrx_word' id='word_1_611' title='bbox 1676 2262 1686 2278; x_wconf 93' lang='lat'>‚</span> <span class='ocrx_word' id='word_1_612' title='bbox 1725 2234 1764 2271; x_wconf 73' lang='grc' dir='ltr'>ὃ(</span> <span class='ocrx_word' id='word_1_613' title='bbox 1791 2242 1920 2271; x_wconf 88' lang='lat' dir='ltr'>ventre</span> <span class='ocrx_word' id='word_1_614' title='bbox 1943 2236 2091 2272; x_wconf 78' lang='lat' dir='ltr'>interius</span> <span class='ocrx_word' id='word_1_615' title='bbox 2112 2235 2221 2273; x_wconf 79' lang='lat' dir='ltr'>redu-</span> 
     </span>
     <span class='ocr_line' id='line_1_85' title="bbox 1171 2282 2219 2334; baseline 0.004 -13"><span class='ocrx_word' id='word_1_616' title='bbox 1171 2282 1258 2327; x_wconf 67' lang='lat' dir='ltr'>eto,</span> <span class='ocrx_word' id='word_1_617' title='bbox 1283 2284 1520 2329; x_wconf 83' lang='lat' dir='ltr'>incurvetur,</span> <span class='ocrx_word' id='word_1_618' title='bbox 1556 2283 1737 2334; x_wconf 83' lang='lat' dir='ltr'>fimulque</span> <span class='ocrx_word' id='word_1_619' title='bbox 1775 2284 1920 2322; x_wconf 84' lang='lat' dir='ltr'>laevam</span> <span class='ocrx_word' id='word_1_620' title='bbox 1951 2287 2219 2334; x_wconf 51' lang='lat' dir='ltr'>man-ampulat</span> 
     </span>
     <span class='ocr_line' id='line_1_86' title="bbox 1168 2335 2223 2384; baseline 0.004 -14"><span class='ocrx_word' id='word_1_621' title='bbox 1168 2343 1361 2382; x_wconf 83' lang='lat' dir='ltr'>opponat,</span> <span class='ocrx_word' id='word_1_622' title='bbox 1398 2341 1439 2373; x_wconf 86' lang='lat' dir='ltr'>ut</span> <span class='ocrx_word' id='word_1_623' title='bbox 1455 2335 1573 2373; x_wconf 85' lang='lat' dir='ltr'>solent</span> <span class='ocrx_word' id='word_1_624' title='bbox 1595 2335 1737 2383; x_wconf 83' lang='lat' dir='ltr'>puellae</span> <span class='ocrx_word' id='word_1_625' title='bbox 1761 2335 1815 2373; x_wconf 84' lang='lat' dir='ltr'>isti</span> <span class='ocrx_word' id='word_1_626' title='bbox 1841 2336 1929 2384; x_wconf 86' lang='lat' dir='ltr'>parti</span> <span class='ocrx_word' id='word_1_627' title='bbox 1959 2338 2141 2374; x_wconf 78' lang='lat' dir='ltr'>timentes,</span> <span class='ocrx_word' id='word_1_628' title='bbox 2167 2351 2223 2374; x_wconf 88' lang='lat' dir='ltr'>re-</span> 
     </span>
     <span class='ocr_line' id='line_1_87' title="bbox 1166 2384 2219 2433; baseline 0.006 -13"><span class='ocrx_word' id='word_1_629' title='bbox 1166 2384 1312 2430; x_wconf 80' lang='lat' dir='ltr'>ducere,</span> <span class='ocrx_word' id='word_1_630' title='bbox 1341 2386 1443 2423; x_wconf 90' lang='lat' dir='ltr'>enim</span> <span class='ocrx_word' id='word_1_631' title='bbox 1465 2387 1502 2423; x_wconf 93' lang='lat'>&amp;</span> <span class='ocrx_word' id='word_1_632' title='bbox 1515 2386 1662 2423; x_wconf 79' lang='lat' dir='ltr'>recedere</span> <span class='ocrx_word' id='word_1_633' title='bbox 1675 2414 1685 2430; x_wconf 89' lang='lat'>‚</span> <span class='ocrx_word' id='word_1_634' title='bbox 1699 2385 1745 2423; x_wconf 89' lang='lat' dir='ltr'>de</span> <span class='ocrx_word' id='word_1_635' title='bbox 1757 2387 1929 2424; x_wconf 88' lang='lat' dir='ltr'>omnibus</span> <span class='ocrx_word' id='word_1_636' title='bbox 1950 2387 2014 2423; x_wconf 86' lang='lat' dir='ltr'>illis</span> <span class='ocrx_word' id='word_1_637' title='bbox 2033 2386 2219 2433; x_wconf 88' lang='lat' dir='ltr'>dicisolet,</span> 
     </span>
     <span class='ocr_line' id='line_1_88' title="bbox 1168 2436 2222 2485; baseline 0 -12"><span class='ocrx_word' id='word_1_638' title='bbox 1168 2447 1267 2485; x_wconf 79' lang='lat' dir='ltr'>quae</span> <span class='ocrx_word' id='word_1_639' title='bbox 1288 2436 1459 2474; x_wconf 68' lang='lat' dir='ltr'>introrsus</span> <span class='ocrx_word' id='word_1_640' title='bbox 1475 2436 1819 2479; x_wconf 85' lang='lat' dir='ltr'>abeunt,utcontra</span> <span class='ocrx_word' id='word_1_641' title='bbox 1828 2437 1974 2473; x_wconf 83' lang='lat' dir='ltr'>eminere</span> <span class='ocrx_word' id='word_1_642' title='bbox 1987 2464 1997 2480; x_wconf 90' lang='lat'>,</span> <span class='ocrx_word' id='word_1_643' title='bbox 2003 2438 2122 2485; x_wconf 84' lang='lat' dir='ltr'>projici</span> <span class='ocrx_word' id='word_1_644' title='bbox 2146 2439 2222 2478; x_wconf 69' lang='grc' dir='ltr'>δερ.</span> 
     </span>
     <span class='ocr_line' id='line_1_89' title="bbox 1174 2487 2222 2534; baseline 0.003 -10"><span class='ocrx_word' id='word_1_645' title='bbox 1174 2498 1269 2534; x_wconf 84' lang='lat' dir='ltr'>quae</span> <span class='ocrx_word' id='word_1_646' title='bbox 1293 2487 1483 2524; x_wconf 74' lang='lat' dir='ltr'>contrario</span> <span class='ocrx_word' id='word_1_647' title='bbox 1516 2487 1583 2524; x_wconf 86' lang='lat' dir='ltr'>fitu</span> <span class='ocrx_word' id='word_1_648' title='bbox 1610 2487 1700 2524; x_wconf 90' lang='lat' dir='ltr'>sunt.</span> <span class='ocrx_word' id='word_1_649' title='bbox 1728 2487 1801 2523; x_wconf 88' lang='lat' dir='ltr'>vid.</span> <span class='ocrx_word' id='word_1_650' title='bbox 1825 2487 1868 2523; x_wconf 84' lang='lat' dir='ltr'>ad</span> <span class='ocrx_word' id='word_1_651' title='bbox 1892 2487 2044 2533; x_wconf 70' lang='lat' dir='ltr'>Quinct.</span> <span class='ocrx_word' id='word_1_652' title='bbox 2066 2499 2117 2524; x_wconf 80' lang='lat' dir='ltr'>xi.</span> <span class='ocrx_word' id='word_1_653' title='bbox 2141 2488 2222 2527; x_wconf 70' lang='lat' dir='ltr'>inst.</span> 
     </span>
     <span class='ocr_line' id='line_1_90' title="bbox 1177 2536 2221 2585; baseline 0.003 -12"><span class='ocrx_word' id='word_1_654' title='bbox 1177 2538 1281 2574; x_wconf 78' lang='lat' dir='ltr'>Orat.</span> <span class='ocrx_word' id='word_1_655' title='bbox 1305 2548 1337 2585; x_wconf 86' lang='lat'>3.</span> <span class='ocrx_word' id='word_1_656' title='bbox 1361 2537 1408 2574; x_wconf 89' lang='lat' dir='ltr'>fic</span> <span class='ocrx_word' id='word_1_657' title='bbox 1424 2537 1578 2573; x_wconf 72' lang='lat' dir='ltr'>reducere</span> <span class='ocrx_word' id='word_1_658' title='bbox 1595 2536 1755 2573; x_wconf 79' lang='lat' dir='ltr'>bracchia</span> <span class='ocrx_word' id='word_1_659' title='bbox 1780 2565 1789 2580; x_wconf 91' lang='lat'>‚</span> <span class='ocrx_word' id='word_1_660' title='bbox 1818 2536 1982 2573; x_wconf 76' lang='lat' dir='ltr'>cervicem</span> <span class='ocrx_word' id='word_1_661' title='bbox 2004 2537 2042 2574; x_wconf 88' lang='lat'>&amp;</span> <span class='ocrx_word' id='word_1_662' title='bbox 2065 2537 2221 2585; x_wconf 68' lang='lat' dir='ltr'>iimina,</span> 
     </span>
     <span class='ocr_line' id='line_1_91' title="bbox 1176 2587 2221 2636; baseline 0.002 -12"><span class='ocrx_word' id='word_1_663' title='bbox 1176 2587 1221 2624; x_wconf 95' lang='lat' dir='ltr'>de</span> <span class='ocrx_word' id='word_1_664' title='bbox 1243 2589 1373 2636; x_wconf 89' lang='lat' dir='ltr'>quibus</span> <span class='ocrx_word' id='word_1_665' title='bbox 1392 2587 1558 2625; x_wconf 81' lang='lat' dir='ltr'>etiamad</span> <span class='ocrx_word' id='word_1_666' title='bbox 1570 2587 1748 2635; x_wconf 72' lang='lat' dir='ltr'>Quinctil.</span> <span class='ocrx_word' id='word_1_667' title='bbox 1763 2600 1796 2625; x_wconf 84' lang='lat' dir='ltr'>x.</span> <span class='ocrx_word' id='word_1_668' title='bbox 1818 2587 1898 2623; x_wconf 77' lang='lat' dir='ltr'>Inil.</span> <span class='ocrx_word' id='word_1_669' title='bbox 1920 2600 1953 2624; x_wconf 92' lang='lat'>2.</span> <span class='ocrx_word' id='word_1_670' title='bbox 1974 2588 2061 2624; x_wconf 88' lang='lat' dir='ltr'>hinc</span> <span class='ocrx_word' id='word_1_671' title='bbox 2072 2589 2221 2627; x_wconf 82' lang='lat' dir='ltr'>recedere</span> 
     </span>
     <span class='ocr_line' id='line_1_92' title="bbox 1172 2637 2219 2686; baseline 0.004 -12"><span class='ocrx_word' id='word_1_672' title='bbox 1172 2638 1283 2675; x_wconf 85' lang='lat' dir='ltr'>valles</span> <span class='ocrx_word' id='word_1_673' title='bbox 1297 2666 1306 2682; x_wconf 92' lang='lat'>,</span> <span class='ocrx_word' id='word_1_674' title='bbox 1319 2639 1357 2675; x_wconf 87' lang='lat' dir='ltr'>in</span> <span class='ocrx_word' id='word_1_675' title='bbox 1373 2637 1504 2674; x_wconf 83' lang='lat' dir='ltr'>theatri</span> <span class='ocrx_word' id='word_1_676' title='bbox 1522 2638 1663 2675; x_wconf 62' lang='lat' dir='ltr'>modum</span> <span class='ocrx_word' id='word_1_677' title='bbox 1678 2666 1687 2682; x_wconf 95' lang='lat'>‚</span> <span class='ocrx_word' id='word_1_678' title='bbox 1699 2649 1793 2686; x_wconf 82' lang='lat' dir='ltr'>quae</span> <span class='ocrx_word' id='word_1_679' title='bbox 1809 2650 1935 2674; x_wconf 83' lang='lat' dir='ltr'>curvae</span> <span class='ocrx_word' id='word_1_680' title='bbox 1947 2638 1985 2675; x_wconf 63' lang='grc' dir='ltr'>ὃς</span> <span class='ocrx_word' id='word_1_681' title='bbox 1996 2651 2102 2675; x_wconf 81' lang='lat' dir='ltr'>cavae</span> <span class='ocrx_word' id='word_1_682' title='bbox 2115 2640 2219 2684; x_wconf 83' lang='lat' dir='ltr'>sunt,</span> 
     </span>
     <span class='ocr_line' id='line_1_93' title="bbox 1173 2688 2221 2737; baseline 0.004 -12"><span class='ocrx_word' id='word_1_683' title='bbox 1173 2689 1298 2737; x_wconf 88' lang='lat' dir='ltr'>pasfim</span> <span class='ocrx_word' id='word_1_684' title='bbox 1322 2689 1502 2727; x_wconf 85' lang='lat' dir='ltr'>dicuntur.</span> <span class='ocrx_word' id='word_1_685' title='bbox 1528 2701 1606 2727; x_wconf 90' lang='lat' dir='ltr'>non</span> <span class='ocrx_word' id='word_1_686' title='bbox 1635 2689 1794 2726; x_wconf 82' lang='lat' dir='ltr'>multum</span> <span class='ocrx_word' id='word_1_687' title='bbox 1824 2688 1995 2726; x_wconf 85' lang='lat' dir='ltr'>dissimilis</span> <span class='ocrx_word' id='word_1_688' title='bbox 2015 2690 2122 2727; x_wconf 82' lang='lat' dir='ltr'>status</span> <span class='ocrx_word' id='word_1_689' title='bbox 2149 2692 2221 2729; x_wconf 86' lang='lat' dir='ltr'>fuit</span> 
     </span>
     <span class='ocr_line' id='line_1_94' title="bbox 1171 2739 2221 2789; baseline 0.003 -13"><span class='ocrx_word' id='word_1_690' title='bbox 1171 2740 1318 2777; x_wconf 81' lang='lat' dir='ltr'>Dianae</span> <span class='ocrx_word' id='word_1_691' title='bbox 1349 2741 1469 2778; x_wconf 86' lang='lat' dir='ltr'>nudae</span> <span class='ocrx_word' id='word_1_692' title='bbox 1492 2768 1500 2784; x_wconf 93' lang='lat'><strong><em>‚</em></strong></span> <span class='ocrx_word' id='word_1_693' title='bbox 1538 2749 1578 2777; x_wconf 87' lang='lat' dir='ltr'>ut</span> <span class='ocrx_word' id='word_1_694' title='bbox 1607 2739 1650 2776; x_wconf 84' lang='lat' dir='ltr'>ab</span> <span class='ocrx_word' id='word_1_695' title='bbox 1679 2739 1874 2777; x_wconf 64' lang='lat' dir='ltr'>Astacone</span> <span class='ocrx_word' id='word_1_696' title='bbox 1905 2741 1973 2777; x_wconf 86' lang='lat' dir='ltr'>fuit</span> <span class='ocrx_word' id='word_1_697' title='bbox 2003 2741 2221 2789; x_wconf 68' lang='lat' dir='ltr'>conspecta,</span> 
     </span>
     <span class='ocr_line' id='line_1_95' title="bbox 1172 2790 2221 2841; baseline 0.003 -13"><span class='ocrx_word' id='word_1_698' title='bbox 1172 2802 1267 2840; x_wconf 84' lang='lat' dir='ltr'>quae</span> <span class='ocrx_word' id='word_1_699' title='bbox 1297 2790 1447 2827; x_wconf 79' lang='lat' dir='ltr'>inlatus</span> <span class='ocrx_word' id='word_1_700' title='bbox 1473 2790 1648 2841; x_wconf 76' lang='lat' dir='ltr'>obliquum</span> <span class='ocrx_word' id='word_1_701' title='bbox 1676 2790 1811 2838; x_wconf 80' lang='lat' dir='ltr'>adstitit</span> <span class='ocrx_word' id='word_1_702' title='bbox 1837 2803 1900 2828; x_wconf 87' lang='lat'>111.</span> <span class='ocrx_word' id='word_1_703' title='bbox 1929 2792 2023 2828; x_wconf 84' lang='lat' dir='ltr'>Met.</span> <span class='ocrx_word' id='word_1_704' title='bbox 2052 2791 2132 2838; x_wconf 83' lang='lat'>187.</span> <span class='ocrx_word' id='word_1_705' title='bbox 2159 2793 2221 2831; x_wconf 86' lang='lat' dir='ltr'>sed</span> 
     </span>
     <span class='ocr_line' id='line_1_96' title="bbox 1174 2840 2222 2889; baseline 0.002 -11"><span class='ocrx_word' id='word_1_706' title='bbox 1174 2842 1329 2889; x_wconf 87' lang='lat' dir='ltr'>apertius</span> <span class='ocrx_word' id='word_1_707' title='bbox 1352 2842 1446 2878; x_wconf 83' lang='lat' dir='ltr'>hanc</span> <span class='ocrx_word' id='word_1_708' title='bbox 1460 2841 1614 2878; x_wconf 82' lang='lat' dir='ltr'>Veneris</span> <span class='ocrx_word' id='word_1_709' title='bbox 1634 2841 1868 2889; x_wconf 77' lang='lat' dir='ltr'>pudibundae</span> <span class='ocrx_word' id='word_1_710' title='bbox 1885 2840 2036 2889; x_wconf 80' lang='lat' dir='ltr'>figuram</span> <span class='ocrx_word' id='word_1_711' title='bbox 2049 2852 2222 2881; x_wconf 83' lang='lat' dir='ltr'>contem-</span> 
     </span>
     <span class='ocr_line' id='line_1_97' title="bbox 1172 2891 2220 2940; baseline 0.003 -12"><span class='ocrx_word' id='word_1_712' title='bbox 1172 2892 1263 2939; x_wconf 88' lang='lat' dir='ltr'>plari</span> <span class='ocrx_word' id='word_1_713' title='bbox 1282 2892 1418 2940; x_wconf 88' lang='lat' dir='ltr'>poterit</span> <span class='ocrx_word' id='word_1_714' title='bbox 1437 2891 1661 2929; x_wconf 88' lang='lat' dir='ltr'>verecundus</span> <span class='ocrx_word' id='word_1_715' title='bbox 1687 2892 1808 2929; x_wconf 86' lang='lat' dir='ltr'>noster</span> <span class='ocrx_word' id='word_1_716' title='bbox 1827 2892 2002 2940; x_wconf 87' lang='lat' dir='ltr'>interpres</span> <span class='ocrx_word' id='word_1_717' title='bbox 2018 2921 2026 2937; x_wconf 93' lang='lat'>‚</span> <span class='ocrx_word' id='word_1_718' title='bbox 2047 2892 2112 2930; x_wconf 82' lang='lat' dir='ltr'>nisi</span> <span class='ocrx_word' id='word_1_719' title='bbox 2128 2906 2220 2931; x_wconf 87' lang='lat' dir='ltr'>ocu-</span> 
     </span>
     <span class='ocr_line' id='line_1_98' title="bbox 1174 2942 2219 2992; baseline 0.001 -13"><span class='ocrx_word' id='word_1_720' title='bbox 1174 2942 1228 2979; x_wconf 86' lang='lat' dir='ltr'>los</span> <span class='ocrx_word' id='word_1_721' title='bbox 1249 2942 1387 2980; x_wconf 87' lang='lat' dir='ltr'>violare</span> <span class='ocrx_word' id='word_1_722' title='bbox 1406 2942 1568 2986; x_wconf 84' lang='lat' dir='ltr'>recuset,</span> <span class='ocrx_word' id='word_1_723' title='bbox 1591 2942 1686 2991; x_wconf 85' lang='lat' dir='ltr'>apud</span> <span class='ocrx_word' id='word_1_724' title='bbox 1701 2942 1888 2980; x_wconf 80' lang='lat' dir='ltr'>Pricaeum</span> <span class='ocrx_word' id='word_1_725' title='bbox 1902 2943 1938 2979; x_wconf 90' lang='lat' dir='ltr'>in</span> <span class='ocrx_word' id='word_1_726' title='bbox 1950 2945 2045 2980; x_wconf 84' lang='lat' dir='ltr'>notis</span> <span class='ocrx_word' id='word_1_727' title='bbox 2058 2944 2100 2980; x_wconf 80' lang='lat' dir='ltr'>ad</span> <span class='ocrx_word' id='word_1_728' title='bbox 2115 2945 2219 2992; x_wconf 73' lang='lat' dir='ltr'>Apu-</span> 
     </span>
     <span class='ocr_line' id='line_1_99' title="bbox 1172 2993 2219 3042; baseline 0 -12"><span class='ocrx_word' id='word_1_729' title='bbox 1172 2993 1234 3041; x_wconf 86' lang='lat' dir='ltr'>]ej.</span> <span class='ocrx_word' id='word_1_730' title='bbox 1254 2993 1423 3042; x_wconf 78' lang='lat' dir='ltr'>Apolog:</span> <span class='ocrx_word' id='word_1_731' title='bbox 1439 3005 1519 3042; x_wconf 82' lang='lat' dir='ltr'>pag.</span> <span class='ocrx_word' id='word_1_732' title='bbox 1539 3006 1598 3042; x_wconf 78' lang='lat'>92.</span> <span class='ocrx_word' id='word_1_733' title='bbox 1626 2994 1688 3031; x_wconf 92' lang='lat' dir='ltr'>ubi</span> <span class='ocrx_word' id='word_1_734' title='bbox 1712 2994 1789 3031; x_wconf 84' lang='lat' dir='ltr'>talis</span> <span class='ocrx_word' id='word_1_735' title='bbox 1810 2994 1920 3030; x_wconf 75' lang='lat' dir='ltr'>statua</span> <span class='ocrx_word' id='word_1_736' title='bbox 1941 2994 2150 3035; x_wconf 49' lang='lat' dir='ltr'>exhibetuU</span> <span class='ocrx_word' id='word_1_737' title='bbox 2179 2994 2219 3030; x_wconf 72' lang='grc' dir='ltr'>δε</span> 
     </span>
     <span class='ocr_line' id='line_1_100' title="bbox 1174 3043 2221 3092; baseline 0 -12"><span class='ocrx_word' id='word_1_738' title='bbox 1174 3043 1218 3080; x_wconf 89' lang='lat' dir='ltr'>ad</span> <span class='ocrx_word' id='word_1_739' title='bbox 1231 3043 1361 3081; x_wconf 88' lang='lat' dir='ltr'>Ovidii</span> <span class='ocrx_word' id='word_1_740' title='bbox 1374 3045 1482 3082; x_wconf 89' lang='lat' dir='ltr'>verba</span> <span class='ocrx_word' id='word_1_741' title='bbox 1493 3045 1688 3092; x_wconf 73' lang='lat' dir='ltr'>expressior</span> <span class='ocrx_word' id='word_1_742' title='bbox 1697 3045 1764 3081; x_wconf 88' lang='lat' dir='ltr'>alia</span> <span class='ocrx_word' id='word_1_743' title='bbox 1778 3045 2007 3081; x_wconf 83' lang='lat' dir='ltr'>interstatuas</span> <span class='ocrx_word' id='word_1_744' title='bbox 2022 3044 2125 3079; x_wconf 77' lang='lat' dir='ltr'>Urbis</span> <span class='ocrx_word' id='word_1_745' title='bbox 2140 3044 2221 3080; x_wconf 81' lang='lat' dir='ltr'>Ro-</span> 
     </span>
     <span class='ocr_line' id='line_1_101' title="bbox 1173 3092 2218 3142; baseline -0.001 -11"><span class='ocrx_word' id='word_1_746' title='bbox 1173 3106 1256 3131; x_wconf 86' lang='lat' dir='ltr'>mae</span> <span class='ocrx_word' id='word_1_747' title='bbox 1270 3106 1290 3132; x_wconf 84' lang='lat' dir='ltr'>a</span> <span class='ocrx_word' id='word_1_748' title='bbox 1301 3095 1479 3133; x_wconf 87' lang='lat' dir='ltr'>Schachio</span> <span class='ocrx_word' id='word_1_749' title='bbox 1491 3096 1602 3134; x_wconf 82' lang='lat' dir='ltr'>editas</span> <span class='ocrx_word' id='word_1_750' title='bbox 1618 3097 1732 3133; x_wconf 86' lang='lat' dir='ltr'>Num.</span> <span class='ocrx_word' id='word_1_751' title='bbox 1747 3107 1885 3132; x_wconf 70' lang='lat' dir='ltr'>xxviii.</span> <span class='ocrx_word' id='word_1_752' title='bbox 1900 3096 2014 3142; x_wconf 82' lang='lat' dir='ltr'>plures</span> <span class='ocrx_word' id='word_1_753' title='bbox 2026 3094 2060 3129; x_wconf 87' lang='lat' dir='ltr'>in</span> <span class='ocrx_word' id='word_1_754' title='bbox 2072 3092 2218 3137; x_wconf 77' lang='lat' dir='ltr'>justini-</span> 
     </span>
     <span class='ocr_line' id='line_1_102' title="bbox 1170 3142 2219 3195; baseline -0.001 -14"><span class='ocrx_word' id='word_1_755' title='bbox 1170 3156 1261 3183; x_wconf 86' lang='lat' dir='ltr'>anae</span> <span class='ocrx_word' id='word_1_756' title='bbox 1276 3147 1440 3195; x_wconf 85' lang='lat' dir='ltr'>porticus</span> <span class='ocrx_word' id='word_1_757' title='bbox 1457 3148 1713 3185; x_wconf 85' lang='lat' dir='ltr'>monumentis</span> <span class='ocrx_word' id='word_1_758' title='bbox 1731 3147 1864 3183; x_wconf 77' lang='lat' dir='ltr'>exstare</span> <span class='ocrx_word' id='word_1_759' title='bbox 1884 3146 2060 3181; x_wconf 78' lang='lat' dir='ltr'>dicuntur.</span> <span class='ocrx_word' id='word_1_760' title='bbox 2090 3142 2168 3179; x_wconf 71' lang='lat' dir='ltr'>Eun</span> <span class='ocrx_word' id='word_1_761' title='bbox 2177 3155 2219 3180; x_wconf 87' lang='lat' dir='ltr'>M.</span> 
     </span>
     <span class='ocr_line' id='line_1_103' title="bbox 1220 3192 2220 3246; baseline -0.004 -14"><span class='ocrx_word' id='word_1_762' title='bbox 1220 3197 1305 3233; x_wconf 85' lang='lat'>616.</span> <span class='ocrx_word' id='word_1_763' title='bbox 1323 3197 1504 3246; x_wconf 61' lang='lat' dir='ltr'>Avertit]</span> <span class='ocrx_word' id='word_1_764' title='bbox 1524 3198 1674 3235; x_wconf 81' lang='lat' dir='ltr'>Avertis</span> <span class='ocrx_word' id='word_1_765' title='bbox 1693 3197 1829 3244; x_wconf 84' lang='lat' dir='ltr'>Regius</span> <span class='ocrx_word' id='word_1_766' title='bbox 1842 3205 1943 3233; x_wconf 86' lang='lat' dir='ltr'>unus.</span> <span class='ocrx_word' id='word_1_767' title='bbox 1967 3192 2123 3229; x_wconf 83' lang='lat' dir='ltr'>sedtunc</span> <span class='ocrx_word' id='word_1_768' title='bbox 2143 3202 2220 3229; x_wconf 70' lang='lat' dir='ltr'>tuos</span> 
     </span>
    </p>

    <p class='ocr_par' dir='ltr' id='par_1_42' title="bbox 1167 3246 2218 3386">
     <span class='ocr_line' id='line_1_104' title="bbox 1167 3246 1380 3295; baseline 0 -11"><span class='ocrx_word' id='word_1_769' title='bbox 1167 3246 1380 3295; x_wconf 86' lang='lat' dir='ltr'>legendum.</span> 
     </span>
     <span class='ocr_line' id='line_1_105' title="bbox 1220 3290 2218 3381; baseline -0.005 -47"><span class='ocrx_word' id='word_1_770' title='bbox 1220 3296 1305 3336; x_wconf 67' lang='lat'>618,</span> <span class='ocrx_word' id='word_1_771' title='bbox 1331 3297 1485 3348; x_wconf 73' lang='lat' dir='ltr'>Parsque</span> <span class='ocrx_word' id='word_1_772' title='bbox 1507 3298 1572 3347; x_wconf 62' lang='grc' dir='ltr'>βψ</span> <span class='ocrx_word' id='word_1_773' title='bbox 1601 3298 1726 3344; x_wconf 67' lang='lat' dir='ltr'>injeffla</span> <span class='ocrx_word' id='word_1_774' title='bbox 1759 3293 1883 3343; x_wconf 82' lang='lat' dir='ltr'>veste.]</span> <span class='ocrx_word' id='word_1_775' title='bbox 1913 3290 2106 3343; x_wconf 56' lang='lat' dir='ltr'>Superffebld</span> <span class='ocrx_word' id='word_1_776' title='bbox 2130 3291 2218 3381; x_wconf 59' lang='lat' dir='ltr'>agste</span> 
     </span>
     <span class='ocr_line' id='line_1_106' title="bbox 1580 3347 2217 3386; baseline 0.003 -2"><span class='ocrx_word' id='word_1_777' title='bbox 1580 3347 1625 3385; x_wconf 89' lang='lat' dir='ltr'><strong>M</strong></span> <span class='ocrx_word' id='word_1_778' title='bbox 1637 3358 1675 3384; x_wconf 88' lang='lat' dir='ltr'>m</span> <span class='ocrx_word' id='word_1_779' title='bbox 1688 3357 1725 3383; x_wconf 89' lang='lat' dir='ltr'>m</span> <span class='ocrx_word' id='word_1_780' title='bbox 1738 3355 1776 3382; x_wconf 89' lang='lat' dir='ltr'>m</span> <span class='ocrx_word' id='word_1_781' title='bbox 2168 3355 2217 3386; x_wconf 62' lang='lat' dir='ltr'>uz</span> 
     </span>
    </p>
   </div>
  </div>
 </body>
</html>
