2553 3676
753 196 815 253 P.
892 190 1304 250 OVIDII

263 225 360 276 772

1377 191 1899 249 NASONIS

557 287 803 361 Utraque
826 287 917 342 sex
941 282 1197 346 habeant,
1235 300 1409 356 aequo
1437 281 1740 350 disti-lmine
1763 279 1797 347 5'
1817 283 1998 339 libras:

626 360 872 433 Utraque
899 359 965 412 da
989 357 1152 428 nigris
1177 356 1594 414 comminuenda
1632 357 1802 411 molis.

561 436 679 490 Nee
707 431 908 489 ceruffa
939 429 1064 494 tibi,
1114 447 1215 484 nec
1242 429 1579 503 nitrispnma
1605 422 1840 490 rubentis

635 507 816 570 Desit,
853 510 906 559 δε
929 504 1135 576 Illyrica
1163 519 1300 574 quae
1323 501 1473 554 venit
1496 500 1586 553 iris
1610 501 1810 556 humo*

455 601 519 652 75
560 580 646 636 Da
669 579 856 634 validis
877 579 1134 650 juvenum
1158 574 1354 644 pariter
1387 571 1676 642 subigenda
1702 575 1945 631 lacertis:-

640 652 747 708 Sed
768 651 964 724 justum
991 649 1129 702 tritis
1155 633 1313 701 uncia
1337 644 1549 717 pondus
1577 646 1693 701 erit⁴

269 881 307 910 ra
325 869 451 909 lefiioss
488 869 702 908 ememus.
737 866 858 906 Poffet
885 867 961 904 hoc
979 865 1146 910 admitti,
1174 863 1200 902 fi
1225 863 1325 902 bona

270 921 343 959 fide
371 923 421 960 ita
456 921 601 959 codices
630 920 763 957 habere
793 918 983 956 constaret.
1030 929 1118 955 nam
1146 917 1196 953 ita
1226 915 1324 952 nuda

270 972 399 1010 hordea
425 973 518 1021 supr.
555 971 612 1014 fis.
642 970 702 1020 56.
750 968 799 1007 sic
827 982 889 1007 111.
912 969 1002 1007 Fast.
1023 980 1106 1018 557.
1136 966 1235 1004 reete
1259 977 1326 1004 co-

271 1023 392 1062 dices:

325 1074 444 1112 Tertia
461 1072 649 1112 nudandas
669 1081 839 1122 acceperat
856 1085 938 1109 area
959 1070 1081 1120 meffes⁷

271 1125 329 1165 Ita
347 1138 462 1176 grana
481 1124 618 1170 vestita.
645 1124 792 1161 Petron.
813 1136 888 1171 cap.
911 1134 1044 1160 cxxxv.
1070 1121 1200 1160 Burtm.

325 1187 386 1225 7o.
415 1181 462 1212 Et
482 1174 593 1224 fimul
619 1173 780 1223 inflantis
809 1182 942 1221 corpora
962 1175 1090 1222 frange
1106 1173 1238 1223 serae]
1269 1173 1324 1211 Ita

270 1226 427 1277 'quidem
446 1227 484 1263 in
511 1226 705 1269 omnibus,
733 1232 809 1262 tam
829 1225 1028 1272 impreffis,
1056 1237 1168 1274 quam
1193 1237 1326 1262 manu-

273 1279 413 1326 scriptis
432 1276 699 1325 exemplaribus
723 1303 732 1319 ,
771 1287 866 1325 quae
885 1275 1078 1313 ad‘manus
1099 1277 1234 1313 nostras
1245 1287 1326 1324 per-

270 1324 444 1368 'venerint
459 1356 468 1372 ,
489 1328 622 1376 legitur
647 1327 721 1365 hoc
731 1335 1017 1375 pentametrum.
1044 1326 1105 1364 sed
1115 1327 1228 1365 dubio
1241 1339 1328 1375 pro-

273 1380 335 1418 cul
353 1379 444 1418 inest
464 1378 665 1417 mendum:
705 1390 792 1415 nam
821 1377 910 1427 quid
928 1378 966 1415 in
987 1379 1062 1415 hoc
1085 1378 1171 1416 loco
1193 1377 1329 1426 fignifi-

271 1440 335 1470 cet
353 1431 434 1480 fira
461 1443 547 1469 cum
575 1429 641 1467 suo
667 1428 854 1478 adjectivo
873 1440 951 1467 non
970 1428 1097 1480 liquet.
1125 1437 1165 1467 ut
1184 1427 1329 1467 fortaffe

272 1482 476 1533 legendum
502 1481 569 1519 fit:

328 1539 375 1570 Et
384 1532 495 1582 simul
514 1530 677 1582 inflantis
698 1543 833 1581 corpora
843 1534 972 1583 frange
984 1532 1101 1579 sabae.

274 1585 421 1623 Verum
445 1583 537 1621 nihil
555 1583 631 1621 fine
660 1585 926 1633 exemplarium
956 1586 1152 1622 autoritate
1183 1583 1232 1622 est
1258 1584 1331 1622 im-

273 1635 512 1675 mutandum.
565 1634 708 1673 Poterit
743 1636 844 1673 enim
875 1635 1101 1685 quandoque
1132 1637 1170 1673 in
1205 1636 1329 1673 lucem

273 1687 424 1737 prodire
442 1685 630 1734 exemplar
649 1686 801 1736 aliquod
815 1715 825 1731 ‚
853 1699 898 1724 ex
916 1699 994 1736 quo
1018 1687 1079 1724 hic
1097 1686 1202 1724 locus
1217 1714 1226 1729 ‚
1256 1687 1334 1724 alii-

273 1750 351 1788 que
370 1738 410 1775 in
428 1738 503 1775 hoe
523 1737 731 1786 praesertim
748 1737 873 1775 libello
889 1766 899 1782 ,
911 1750 1024 1787 quem
1045 1749 1124 1776 non
1142 1737 1306 1775 libellum
1322 1766 1333 1782 ,

271 1789 339 1828 :sed
363 1789 487 1838 potius
506 1789 709 1837 fragmenta
729 1788 840 1828 libelli
868 1788 914 1826 de
945 1789 1195 1836 medicamine
1226 1789 1334 1827 faciei

273 1840 360 1890 quis
377 1840 461 1890 jure
471 1840 707 1890 appellaverit
721 1868 732 1885 ‚
743 1836 930 1878 emendari
942 1847 1132 1890 poterunt.
1158 1840 1334 1877 Mattius.

274 1891 358 1930 Hic
385 1891 506 1929 versus
533 1891 696 1929 asterisco
725 1899 874 1930 notatur
898 1919 909 1937 ,
947 1891 1051 1941 quod
1086 1891 1185 1928 haud
1224 1890 1337 1929 dubie

275 1951 471 1993 corruptus
503 1942 563 1980 est.
616 1943 738 1980 Placet
767 1951 893 1981 autem
922 1942 1137 1981 emendatio
1157 1943 1336 1990 interpre-

273 1994 327 2040 ¹fis
342 2022 354 2039 ,
381 1994 446 2043 qui
467 2001 570 2042 putat
585 1993 806 2042 legendum:

333 2048 380 2081 Et
392 2043 504 2094 simul
524 2043 684 2091 inflantis
707 2055 840 2096 corpora
851 2048 979 2095 frange
995 2048 1110 2092 fabae.

276 2095 385 2135 Nam
410 2096 448 2133 &
470 2095 556 2134 alibi
582 2096 793 2135 lomentum
808 2127 819 2143 ‚
857 2099 931 2136 hoc
952 2099 1000 2137 est
1014 2127 1025 2144 ,
1059 2099 1216 2138 farinam
1238 2098 1340 2137 faba-

280 2157 389 2186 ceam
415 2146 572 2196 legimus
603 2148 782 2187 veteribus
811 2150 848 2187 in
885 2150 949 2187 usu
977 2148 1081 2188 fuiffe
1101 2149 1148 2189 ad
1173 2151 1340 2200 compla-

279 2197 443 2236 nandam
465 2205 603 2236 cutem.
632 2198 734 2236 Hinc
764 2201 801 2236 ὃς
820 2201 996 2240 Martialis
1015 2201 1106 2240 dixit
1127 2201 1189 2239 lib.
1203 2214 1337 2250 111.42.

331 2253 497 2287 Lomento
515 2262 618 2298 rugas
638 2250 728 2286 uteri
748 2252 838 2301 quod
858 2251 996 2289 condere
1015 2262 1130 2290 tentas

383 2299 507 2338 Polla:
534 2299 600 2338 tibi
619 2310 779 2339 ventrem
791 2329 801 2346 ,
830 2316 897 2339 non
914 2303 1003 2341 mihi
1023 2303 1125 2341 labra
1144 2303 1239 2342 linis,

332 2350 542 2401 Simpliciter
552 2360 673 2402 pateat
696 2353 830 2391 vitium
843 2353 986 2403 fortaffe
1000 2354 1166 2404 puſsilum
1180 2371 1192 2392 .-

388 2403 494 2452 Qod
514 2403 644 2452 tegitur
657 2431 668 2448 ,
681 2405 797 2452 majus
819 2405 970 2442 creditur
989 2406 1046 2455 effe
1061 2406 1210 2445 malum.

280 2454 381 2495 Item
402 2455 461 2492 lib.
484 2466 562 2492 xxv.
583 2455 643 2492 60.
673 2454 719 2492 de
738 2455 934 2495 lomento:

295 2512 299 2518 “
333 2510 489 2543 Gratum
509 2519 638 2543 munus
662 2506 727 2543 erit
749 2535 761 2552 ,
782 2506 875 2556 sciffo
893 2521 952 2544 nec
967 2499 1097 2546 'inutile
1117 2508 1238 2546 ventri
1248 2511 1261 2554 ,‘

388 2557 425 2594 si
443 2557 539 2594 clara
562 2557 726 2608 Stephani
747 2557 872 2595 balnea
894 2559 967 2596 luce
980 2569 1082 2609 petes.
1110 2561 1340 2597 chrLLus.

285 2612 334 2644 Et
350 2606 462 2656 simul
488 2608 652 2656 instantis
679 2618 812 2660 corpora
824 2609 918 2659 finge
938 2613 1059 2658 serae,
1086 2611 1125 2648 in
1143 2611 1340 2653 omnibus,

285 2667 381 2708 quos
403 2659 503 2704 vidi,
528 2660 624 2698 libris
642 2661 830 2710 impreffis.
855 2661 1025 2700 Peffime.
1073 2661 1118 2700 In
1135 2673 1213 2700 uno
1233 2661 1342 2700 Maff.

521 2711 685 2758 Instantis
709 2722 843 2761 corpora
856 2712 923 2761 fige
933 2715 1020 2761 fece.

287 2756 335 2797 In
353 2758 468 2796 altero
482 2788 492 2804 ,
524 2762 561 2798 &
579 2771 739 2813 utroque
766 2763 950 2802 Vaticano
966 2777 975 2801 ε

525 2813 689 2867 Instantis
717 2823 849 2864 corpora
859 2815 1066 2864 frugiferae.¹

289 2859 425 2898 Nullus
456 2872 501 2898 ex
530 2861 584 2898 his
612 2863 830 2903 leffionibus
860 2866 1002 2904 elicitur
1041 2866 1170 2905 sensus,
1223 2867 1347 2905 Placet

288 2912 416 3001 {dtague
434 2911 558 2961 legere
579 2924 665 2951 cum
686 2915 824 2965 Nigro,
854 2917 919 2966 qui
939 2918 1197 2967 ingenioffime
1218 2930 1348 2956 emen-

319 2974 338 3000 a
368 2975 376 3000 :

528 3013 690 3064 Instantis
712 3026 844 3066 corpora
858 3019 986 3067 frange
999 3019 1121 3065 fabae,

291 3062 397 3102 Fabis
416 3065 516 3102 enim
537 3065 576 3102 in
595 3064 650 3104 his
672 3067 799 3111 rebus,
838 3080 933 3117 quae
955 3070 975 3105 a
998 3074 1111 3117 po'e'ta
1132 3071 1195 3108 hic
1218 3070 1349 3108 descri-

293 3114 451 3160 buntur,
479 3124 631 3154 utuntur
651 3118 834 3156 mulieres.
889 3118 1052 3169 Instantis
1083 3121 1194 3158 etiam
1223 3122 1349 3170 legen—

1380 862 1484 900 habet
1514 862 1731 914 inflationem
1761 877 1928 914 magnam
1952 864 1982 902 is
2011 863 2117 904 cibusg
2158 865 2263 904 Idem
2283 866 2343 904 lib.
2372 871 2434 906 11ss

1380 913 1494 964 §hiasi
1510 929 1590 951 vero
1612 929 1644 952 eo
1657 916 1727 952 cibo
1747 917 1875 965 (faba)
1904 930 2022 962 mens,
2042 929 2110 953 non
2131 928 2252 955 venter
2277 917 2433 968 infletur,

1382 966 1600 1003 CroFANtis.
1630 968 1732 1017 Lege
1752 967 1943 1018 ,inflantis.
1967 966 2126 1017 Etfimul
2144 967 2302 1017 inflantis
2325 978 2436 1018 corpo-2

1381 1029 1422 1053 ra
1435 1017 1694 1066 frangefabae.
1722 1020 1781 1057 Ac
1815 1020 2019 1057 Ciofanum
2048 1019 2117 1057 adi.
2154 1019 2260 1056 DAN.
2288 1021 2444 1059 Ι-Ιειικιει

1381 1068 1578 1117 Frugiferae
1596 1068 1714 1118 scripti
1735 1071 1908 1119 potiores.
1936 1070 2135 1120 quomodo
2154 1070 2192 1107 &
2205 1082 2250 1109 ex
2261 1070 2327 1108 suis
2341 1072 2437 1108 Cio==

1381 1120 1487 1157 fanus
1519 1127 1637 1158 notat.
1665 1133 1758 1159 unus
1787 1134 1832 1159 ex
1855 1121 2005 1166 nostris,
2027 1122 2200 1170 frigescere.
2236 1121 2456 1160 Helmaesta.
2517 1111 2539 1154 ’ἕ

2519 1174 2527 1191 1

1374 1171 1623 1219 frangeferae.
1661 1172 1812 1210 Ciofani
1832 1185 1924 1211 unus
1949 1202 1959 1218 ‚
1989 1172 2056 1220 fige
2081 1175 2167 1219 fece.
2223 1172 2299 1220 Ipse
2330 1173 2436 1221 Nigri

1383 1223 1688 1260 emendationem
1710 1224 1841 1273 probat
1862 1252 1872 1267 ‚
1900 1225 2053 1272 legentis
2069 1252 2079 1268 ,
2117 1222 2276 1272 inflantis
2306 1233 2439 1272 corporat

1375 1274 1502 1322 frange
1514 1273 1632 1321 fabae.
1659 1275 2000 1324 quod&Mycillus
2016 1275 2269 1323 ampleetitur,
2297 1275 2335 1312 δί
2348 1275 2440 1312 Mil-e

1382 1332 1493 1362 retus.
1545 1326 1628 1374 Ego
1648 1326 1711 1364 diu
1724 1326 1772 1364 est
1794 1325 1898 1376 quod
1912 1354 1921 1369 ‚
1940 1326 2099 1363 insistens
2120 1326 2272 1375 propriis
2282 1325 2451 1375 vestigiis,

1384 1375 1603 1424 depravatae
1622 1377 1791 1415 lectionis
1807 1406 1818 1423 2
1838 1377 2080 1415 emendabam
2096 1390 2104 1414 :

1439 1431 1485 1462 Et
1499 1425 1791 1478 fimul2infla72te5
1812 1438 1945 1478 corpora
1960 1428 2049 1477 frige
2065 1426 2182 1475 fabas.

1385 1478 1486 1516 Nam
1515 1477 1679 1525 instantes
1704 1480 1858 1517 habebat
1887 1479 2007 1517 codex
2037 1491 2129 1517 unus
2151 1479 2355 1519 Patavinus.
2382 1479 2442 1517 in=¹

1379 1528 1508 1580 flantes
1533 1538 1666 1579 corpora
1687 1530 1908 1576 1’C&efaba5
1924 1531 2016 1568 dixit
2030 1557 2040 1573 ‚
2079 1529 2182 1579 quod
2202 1531 2293 1568 nihil
2312 1531 2355 1569 fit
2374 1532 2443 1569 fla·

1384 1581 1559 1619 tulentius
1576 1582 1630 1619 iis.
1658 1581 1707 1619 fic
1726 1580 1888 1631 inflantes
1907 1591 2041 1629 corpora
2059 1587 2147 1617 Deos
2166 1580 2261 1628 apud
2274 1581 2445 1622 Persam

1386 1633 1543 1681 reperies
1576 1632 1703 1682 Satyra
1731 1645 1766 1671 v.
1788 1645 1865 1683 quo
1890 1634 1927 1670 ὃς
1947 1632 2133 1680 Juvenalis
2153 1631 2212 1669 illa
2234 1631 2350 1682 Satyr.
2373 1645 2439 1671 111:

1389 1695 1476 1733 293.
1504 1684 1714 1723 referenda:

1442 1737 1553 1785 Cujus
1574 1735 1694 1773 conche
1713 1746 1849 1776 tumes?
1877 1736 1953 1788 quis
1982 1746 2094 1774 tecum
2106 1734 2223 1785 fietile
2237 1744 2381 1786 porrum

1441 1793 1562 1832 Sutor]
1593 1799 1636 1827 cy
1656 1789 1741 1826 elixi
1763 1789 1918 1826 vervecis
1937 1788 2038 1825 labra
2064 1788 2235 1825 comedit?

1390 1838 1469 1876 Ubi
1497 1839 1710 1878 Scholiastes
1739 1842 1931 1890 antiquus»,
1974 1841 2070 1889 cnjus
2086 1839 2178 1887 faba
2205 1836 2352 1888 inflatus
2381 1853 2415 1876 es
2426 1847 2473 1879 ‚1⁵²0-
2531 1863 2537 1874 x

1391 1890 1452 1928 Est
1468 1898 1593 1929 autem
1607 1892 1736 1940 frigere
1750 1920 1760 1937 ‚
1789 1892 1888 1930 idem
1902 1891 2004 1941 quod
2017 1901 2155 1928 torrere.
2181 1890 2315 1928 Plinius
2328 1903 2451 1930 xvixr..v

1393 1954 1472 1991 cap.
1492 1955 1564 1980 vxi.
1593 1943 1717 1980 Graeci
1739 1944 1916 1993 perfusum
1934 1955 2029 1993 aqua
2046 1941 2214 1978 hordeum
2226 1939 2359 1989 ficcant
2381 1955 2444 1978 no-

1394 1995 1443 2030 cte
1473 2007 1568 2038 una,
1597 2007 1637 2031 ac
1658 1994 1782 2044 postero
1811 1995 1866 2031 die
1885 1995 2051 2042 frigunt,
2089 1992 2212 2030 deinde
2229 1992 2327 2029 molis
2335 1993 2453 2039 frana·

1389 2054 1491 2094 gunt.
1546 2045 1651 2083 Hinc
1671 2046 1818 2092 frictum
1848 2045 1931 2082 cicer
1947 2044 2045 2094 apud
2072 2044 2265 2086 Plautum,
2294 2042 2474 2089 fricium'
2534 2024 2543 2063 ἶ

1393 2096 1553 2134 triticum
1567 2125 1577 2140 ‚
1597 2097 1748 2144 fric‘ium
1762 2096 1820 2146 sal
1834 2125 1843 2142 ‚
1863 2097 1976 2144 frici‘cz
1998 2095 2182 2145 ovaapud
2193 2095 2283 2132 alios
2303 2095 2456 2143 paffimi„

1393 2147 1555 2186 Produci
1573 2156 1697 2185 autem
1718 2150 1877 2197 primam
1896 2148 2067 2198 syllabam
2086 2147 2173 2185 inde
2192 2147 2331 2195 liquet,
2344 2146 2450 2196 quod

1396 2199 1544 2237 Nonius
1563 2200 1760 2237 Marcellus
1788 2199 1978 2244 observet,
2007 2198 2139 2247 Fugit,
2166 2197 2305 2248 quando
2313 2196 2454 2246 fignifi=-

1397 2260 1454 2287 cat
1471 2251 1571 2299 erigit
1583 2278 1593 2294 ,
1621 2251 1778 2300 corripere
1789 2251 1946 2301 primam
1958 2249 2147 2301 syllabam.
2173 2248 2278 2298 quod
2296 2259 2374 2285 non
2383 2248 2453 2287 ada

1396 2300 1562 2346 didiffet,
1589 2301 1616 2339 fi
1634 2302 1671 2339 in
1682 2302 1787 2350 frigit
1809 2314 1876 2351 pro
1897 2311 2003 2339 torret
2020 2300 2183 2338 eundem
2215 2298 2322 2336 usum
2353 2299 2451 2337 obti-

1395 2364 1484 2391 nere
1501 2354 1670 2401 opinatus
1691 2351 2078 2391 ess'et.Diomedeslib.
2106 2363 2137 2388 1.
2166 2356 2255 2386 Sunt
2273 2349 2454 2398 quaedam
2480 2345 2506 2360 ⁴·

1392 2405 1538 2453 perfecta
1565 2403 1591 2440 d
1619 2402 1761 2454 diversis
1788 2402 1997 2451 instantibus
2038 2402 2217 2438 derivata.
2252 2411 2292 2436 ut
2311 2401 2450 2450 frigeo,

1386 2454 1518 2504 friges,
1544 2455 1651 2501 frixi.
1681 2467 1725 2494 <5¹
1744 2455 1860 2502 frigo,
1888 2453 2016 2501 frigis‚
2044 2451 2153 2497 frixi.
2206 2450 2310 2488 Idem
2341 2461 2457 2491 notat-³

1392 2506 1534 2544 Phocas
1560 2507 1845 2544 Grammaticus.
1897 2503 2013 2552 Apud
2035 2503 2207 2546 Festum,
2244 2503 2377 2551 Frigere
2402 2503 2481 2543 σεδ

1387 2555 1709 2603 fribiumo‘zGraeco
1720 2557 1820 2594 venit
1841 2556 1989 2601 Φρικεῖν.
2018 2555 2122 2603 Lege
2135 2553 2320 2599 ,opuysfm
2347 2555 2456 2593 Nam³

1397 2609 1555 2647 vetustus
1576 2609 1695 2647 codex
1712 2607 1908 2647 Voffianus
1923 2636 1931 2651 ,
1951 2605 2077 2654 frigin.
2124 2604 2272 2643 Gloffae
2299 2605 2452 2654 Stepha-

1398 2660 1459 2697 ni:
1496 2660 1606 2708 Frigit
1619 2688 1630 2705 ‚
1669 2661 1797 2707 φρύγει
1811 2686 1821 2704 ,
1854 2657 2052 2704 τηγανῑζει.
2088 2656 2194 2693 bene.
2248 2655 2332 2693 Fuit
2361 2668 2462 2695 cum!

1396 2710 1491 2760 pinse
1500 2711 1608 2757 fabas
1627 2712 1827 2760 legendum
1846 2718 2031 2759 putarem.
2054 2715 2094 2746 ut
2113 2707 2242 2745 auctor
2253 2708 2455 2758 Panegyri-Ar

1401 2761 1434 2799 ci
1453 2762 1549 2810 apud
1571 2763 1764 2801 Pisonem:
2097 2805 2099 2807 ,

1453 2813 1613 2850 Humida
1634 2814 1758 2864 callosa
1777 2827 1854 2851 cum
1870 2814 2019 2863 pinserot
2039 2812 2166 2850 hordea
2185 2809 2325 2848 dextra.

2217 738 2435 795 Addita

1405 2863 1591 2912 Superiori
1615 2866 1718 2903 versu
1745 2878 1811 2914 pro
1827 2893 1837 2908 ,
1873 2865 2007 2902 notdare
2027 2864 2181 2914 lupinos,
2208 2862 2312 2911 quod
2339 2863 2462 2903 Marii*
2496 2887 2498 2889 ·
2551 2885 2553 2894 ι

1404 2915 1510 2964 Nigri
1538 2925 1797 2955 commentum
1830 2916 1878 2954 est
1899 2945 1909 2961 ,
1950 2920 2062 2960 (nam
2092 2916 2130 2952 in
2159 2914 2295 2962 scriptis
2321 2914 2461 2952 nudare

1404 2967 1583 3016 nusquam
1609 2977 1799 3015 comparet
1812 2996 1822 3010 ‚
1858 2966 2038 3015 quicquid
2057 2965 2117 3004 ille
2137 2964 2182 3002 de
2202 2964 2269 3002 suis
2290 2964 2327 3002 id
2347 2964 2456 3002 adfir-

1405 3026 1505 3061 met,
1545 3018 1749 3067 probetque
1781 3018 1985 3063 Ciofanus)
2033 3018 2149 3065 prima
2178 3016 2294 3053 editio
2325 3016 2363 3052 ‘de
2386 3024 2465 3055 tres

1404 3067 1549 3115 scripti,
1574 3068 1743 3117 praebere.
1770 3069 1913 3106 Mox-eti
1935 3067 2054 3106 codex
2071 3097 2080 3112 ‚
2095 3066 2221 3117 pallere
2248 3069 2285 3104 &
2304 3066 2363 3103 sex
2386 3067 2459 3105 aiii.

1404 3117 1669 3156 Ambrosianus
1689 3121 1726 3157 &
1749 3119 2116 3164 Heimaestadienfis,
2145 3129 2282 3154 torrere.
2311 3118 2459 3155 Torrida

292 3164 384 3204 dum
402 3166 544 3205 viderat
564 3168 758 3213 Muretus,
786 3178 984 3219 antequam
1013 3183 1084 3220 ego
1114 3171 1220 3220 Nigri
1242 3183 1349 3209 com-
1396 3171 1504 3217 farra
1532 3169 1621 3208 Fast.
1655 3182 1708 3208 11.
1739 3172 1846 3209 initio
1878 3171 1924 3208 de
1954 3171 2099 3208 februis.
2125 3182 2203 3207 non
2234 3168 2330 3206 male
2360 3182 2462 3208 unus·

293 3218 497 3256 mentarios
519 3218 764 3267 inspexiffem.
801 3221 918 3269 Quod
942 3222 1133 3270 epitheton
1155 3224 1346 3271 proprium
1403 3221 1596 3259 Patavirius
1627 3221 1664 3261 S.
1695 3222 1879 3266 Antonii,
1920 3232 2034 3259 terere.
2070 3222 2252 3259 Palatinus
2273 3249 2284 3265 ‚
2313 3221 2464 3267 fhrrere..

297 3267 346 3305 est
366 3268 480 3306 fabae.
510 3270 567 3306 M.
589 3269 736 3308 Tullius
754 3270 816 3308 lib.
836 3284 862 3308 1.
891 3272 951 3309 De
977 3273 1145 3310 Divinat.
1174 3273 1348 3323 Pythago-
1405 3273 1555 3317 Scribo,
1575 3272 1737 3319 frendere
1757 3273 1902 3323 lupinos.
1930 3274 2052 3310 Seren.
2082 3273 2278 3312 Sammon.
2307 3283 2384 3321 cap.
2405 3284 2459 3308 ιν,

296 3317 374 3356 eicis
393 3319 620 3360 interdictum
628 3330 783 3372 putatur
792 3350 804 3369 ,
831 3335 873 3361 ne
884 3322 976 3372 faba
997 3324 1234 3375 vescerentur,
1256 3325 1356 3376 quod.
1402 3324 1521 3376 *Copia*
1534 3324 1650 3373 farris
1679 3325 1735 3368 uti
1756 3323 2005 3374 frendentibus
2035 3324 2130 3365 edita
2146 3323 2262 3374 saxis.
2305 3322 2461 3373 Festus:

2550 2917 2553 2935 1

2550 2938 2553 2947 ι

2543 2952 2553 2974 a!

2551 2979 2553 2999 1

2324 3398 2327 3400 -
2364 3378 2496 3420 Fran}-
2551 3366 2553 3373 ⁴
