2553 3676
625 199 1303 261 HEROIDES
1376 217 1474 259 ΒΡ.
1549 223 1627 263 vr.

2200 226 2265 278 75

305 315 375 384 245
412 308 490 365 At
513 298 643 366 mihi
669 315 770 351 nec
790 294 963 366 Jun0,
996 310 1099 349 nec
1127 293 1384 368 Hymen,
1418 295 1510 352 sed
1534 296 1689 356 tristis
1709 298 1948 374 Erinnys

308 384 310 387 ’
486 370 742 430 Praetulit
766 367 1006 423 infaustas
1031 367 1437 441 sanguinolenta
1455 370 1610 426 faces
1713 418 1716 422 .

408 445 561 522 Quid
585 443 866 509 mihicum
891 440 1126 514 Minyis?
1166 442 1301 516 quid
1316 461 1452 501 ‚cum
1475 443 1771 502 Tritonide
1794 446 1958 518 pinu-,²

481 518 635 592 Quid
661 516 757 572 tibi
781 534 908 572 cum
930 516 1127 589 patria,
1164 517 1341 571 navita
1362 514 1578 589 Tiphy,
1616 520 1762 574 mea?

410 593 539 650 Non
564 604 676 657 erat
701 591 789 645 hic
814 590 945 645 aries
975 589 1104 645 villo
1127 589 1419 663 spectabilis
1443 607 1632 644 aureo:

301 687 368 740 50

476 666 595 721 Nec
619 665 753 720 senis
776 666 985 719 Aeetae
1006 663 1154 735 regia
1176 664 1420 719 Lemnos
1445 676 1573 718 erat.

407 739 670 800 Certafui
695 738 872 812 primo
900 741 921 808 <
932 737 1023 793 sed
1046 754 1135 791 me
1158 740 1294 793 mala
1319 738 1426 793 fata
1450 736 1765 806 trahebant)

481 812 713 885 Hospita
734 812 965 867 feminea
987 811 1185 882 pellere
1209 811 1372 867 castra
1396 830 1573 866 manu.

407 886 845 959 Lemniadesque
868 885 1010 938 viros
1026 923 1040 946 ‚
1079 884 1307 940 nimium

481 957 663 1013 Milite
688 971 798 1013 tam
824 957 954 1012 forti
975 957 1019 1012 ri
1060 976 1088 1010 a
1115 958 1316 1012 tuenda

1330 903 1552 1012 {lu-oque
1564 924 1580 949 ,
1620 883 1838 939 vincere
1848 885 2079 940 ‘noruntss

1360 971 1454 1013 uit.

295 1050 363 1102 55
401 1031 552 1087 Urbe
574 1032 751 1091 virum
773 1031 914 1095 vidi,
951 1030 1036 1084 tec
1061 1048 1206 1104 oque
1229 1032 1519 1106 animoque
1542 1030 1750 1102 recepi:

481 1103 595 1160 Hic
622 1102 719 1160 tibi
744 1103 930 1180 bisque
958 1103 1144 1169 aestaS,
1181 1104 1369 1180 bisque
1397 1104 1637 1162 cucurrit
1662 1102 1850 1159 hiems,

115 1308 230 1360 quirit
247 1307 357 1345 etiam
391 1306 432 1344 τὶ
454 1305 555 1353 furto
583 1303 708 1342 addita
732 1316 811 1342 vox
841 1302 997 1353 cognita,
1021 1312 1063 1343 ut
1087 1308 1164 1343 fur-

100 1362 214 1402 ·tivos
231 1369 376 1396 amores
394 1364 512 1394 notet.
532 1369 578 1394 11.
598 1356 732 1393 Amor.
754 1367 844 1392 v111.
866 1366 899 1403 3.

168 1413 217 1446 Et
234 1408 321 1446 mihi
333 1407 488 1458 jucundo
507 1420 575 1448 non
596 1405 718 1452 rustica
737 1405 868 1454 cognita
878 1406 993 1452 furto.
1028 1405 1162 1444 Eunu.

110 1502 114 1513 1
167 1473 227 1510 49.
257 1459 341 1496 Villo
360 1456 555 1508 spectabilis
582 1455 723 1506 aurea]
753 1455 944 1505 Synizefis.
971 1455 1020 1495 fic
1039 1456 1104 1505 lib.
1126 1469 1164 1507 1.

115 1511 307 1552 'Amorum
328 1510 428 1558 Eleg.
452 1521 522 1547 ux.

168 1562 236 1613 spse
254 1568 348 1598 Deus
365 1571 495 1598 vatum
507 1589 518 1605 ,
538 1558 637 1608 palla
646 1556 841 1608 spefflabilis
859 1570 991 1603 aurea,

222 1615 366 1650 Tractat
384 1612 570 1647 inauratae
583 1609 723 1656 confhna
737 1608 804 1652 fila
824 1614 947 1656 Lyrae.

113 1663 170 1707 'Et
189 1666 229 1702 in
247 1662 356 1709 Epist.
374 1661 535 1698 Medeae
556 1671 630 1696 xix.
650 1670 735 1695 201.

172 1717 312 1752 Aureus
329 1711 387 1748 ille
406 1711 510 1748 Aries
526 1709 613 1747 villo
621 1706 815 1758 spetlabilis
834 1719 937 1743 aureo

220 1770 291 1799 Dos
305 1775 393 1798 mea.
766 1758 866 1794 C10F
874 1761 989 1794 Anus.

115 1814 233 1854 Multi
273 1812 418 1849 codices
447 1810 556 1856 fulvo
584 1808 779 1859 speHabilis
816 1821 911 1844 auro.
959 1815 1001 1846 ut
1033 1808 1166 1847 vellera

108 1865 221 1916 fulva
249 1862 353 1910 supra
392 1861 495 1899 dixit.
526 1859 588 1898 sed
624 1859 717 1896 nihil
752 1858 974 1896 mutandum
1008 1865 1163 1901 temere.

71 1936 75 1938 ’
108 1916 239 1963 Ὑλὶεῑ.
257 1912 353 1951 Flac.
372 1924 464 1950 vm.
486 1922 566 1948 122.

478 1960 642 2010 Villisque
664 1969 857 1997 comantem

171 2017 312 2055 sidereis
325 2025 410 2066 totos
423 2011 548 2064 pellem
568 2024 661 2049 nunc
671 2011 801 2058 fundit
816 2011 855 2049 in
875 2017 991 2053 artus.

116 2080 192 2115 yn.
220 2080 280 2118 30.

618 2118 741 2151 Aurea
755 2111 791 2162 si
804 2115 882 2161 jam

171 2169 276 2207 Pellis
289 2198 298 2214 ‚
323 2179 367 2209 εἰν
384 2166 507 2204 oblatis
526 2165 713 2215 clarescant
733 2165 828 2202 atria
850 2163 963 2206 villis.

113 2219 246 2268 Senec.
270 2219 409 2258 Troad.
430 2229 537 2267 1035.

172 2277 266 2310 Cum
281 2271 386 2320 gregis
402 2269 522 2307 ductor
537 2266 702 2304 radiante
723 2266 811 2303 villo

114 2338 117 2343 ·
169 2327 297 2361 Aureo.
639 2318 900 2356 Bunmmuus.

173 2386 230 2423 51.
258 2373 361 2410 Mala
378 2373 465 2418 fata
490 2369 720 2419 trahebant]
748 2370 894 2407 Plautus
913 2369 952 2407 in
970 2367 1161 2408 Bacchidi-

119 2422 185 2464 bus
207 2438 215 2462 :
252 2430 316 2461 Pro
343 2423 487 2460 libidine
506 2424 593 2469 fata
615 2430 726 2469 agunt
751 2419 916 2457 homines.
945 2420 1161 2459 CioFANus.

119 2475 190 2515 Pro
210 2489 284 2513 mea
293 2476 377 2522 fata
391 2503 401 2519 ‚
429 2473 526 2510 mala
535 2473 620 2520 fata
639 2472 845 2509 Puteaneus
863 2472 902 2508 &
921 2470 996 2508 duo
1017 2472 1089 2509 alii.
1115 2471 1164 2509 fic

120 2527 236 2564 malus
254 2540 344 2563 error
362 2526 401 2563 ὃς
423 2524 562 2562 similia.
591 2522 724 2559 Noster
742 2522 781 2558 in
802 2522 974 2560 Amorib.
994 2535 1057 2560 111.
1075 2535 1113 2571 9.

171 2583 263 2616 Cum
284 2575 424 2627 rapiant
442 2574 538 2611 mala
548 2575 635 2621 fata
653 2572 764 2610 bonos.

119 2627 260 2670 Eadem
282 2629 432 2665 varietas
451 2627 536 2664 infr.
556 2623 663 2673 Epist.
688 2635 758 2660 xxx.
780 2635 836 2672 35.
864 2623 1076 2661 anusws.

174 2692 232 2728 52.
258 2678 385 2716 Pellere
404 2676 511 2725 castra
533 2674 683 2724 manu]
711 2680 822 2710 Domo
850 2674 968 2712 Vossii
995 2683 1164 2724 excerpta

125 2729 165 2766 ὃς
195 2729 310 2768 codex
341 2729 453 2776 Junii.
486 2727 546 2765 sed
570 2726 661 2763 nihil
688 2725 909 2763 mutandum
937 2725 1087 2763 suadent
1110 2725 1165 2763 se-

125 2782 284 2827 quentia.
310 2780 431 2827 Castra
459 2790 550 2816 vero
569 2778 630 2815 hic
651 2776 750 2814 reae
770 2776 997 2815 Hubertinus
1018 2775 1161 2816 claffem

127 2829 387 2878 interpretatur.
403 2830 533 2879 Virgil.
551 2842 604 2866 1v.
620 2827 707 2875 604.

180 2885 278 2916 Faces
295 2881 332 2916 in
348 2881 453 2927 castra
473 2879 627 2930 tulissem.

127 2929 206 2967 Ubi
226 2929 299 2966 vid.
317 2930 414 2968 Serv.
436 2933 474 2969 &
493 2943 562 2969 nos
583 2930 628 2969 ad
647 2942 722 2967 νη.
741 2929 901 2968 Metam.
920 2941 980 2979 99.
1006 2929 1138 2968 Banu.

182 2991 239 3029 54.
266 2979 381 3016 Milite
408 2991 482 3017 tam
504 2983 592 3028 forti
619 2981 700 3018 vita
722 2981 852 3018 tuenda
863 2980 978 3031 fuit.]
1011 2987 1164 3018 Fortuna

128 3031 259 3070 tuenda
280 3030 491 3068 Puteaneus.
517 3032 704 3070 mendose.
731 3034 784 3070 At
809 3033 847 3070 in
878 3044 955 3069 uno
985 3033 1163 3071 Voffiano

117 3083 195 3132 .(&
224 3081 417 3126 Francof.)
447 3092 512 3127 pro
535 3082 675 3121 'diversa
696 3084 857 3121 lectione
879 3111 889 3128 ,
925 3083 999 3132 ripa
1023 3083 1164 3120 tuenda.

129 3132 234 3183 quod
259 3131 386 3180 placet.
422 3129 511 3167 Hoc
533 3133 633 3169 enim
660 3135 766 3172 omni
793 3133 913 3172 studio
942 3135 1166 3173 Lemniades

121 3183 284 3232 'agebant
297 3210 306 3225 ,
319 3189 359 3218 ut
378 3181 606 3229 Argonautas
620 3182 744 3221 littore
762 3185 1007 3233 prohiberent.
1027 3186 1073 3224 de
1090 3184 1166 3224 vita

130 3234 274 3271 nullum
295 3240 479 3270 certamen
501 3232 582 3269 fuit.
609 3231 762 3270 Causam
780 3235 879 3272 dedit
896 3236 987 3273 loco'
1004 3238 1169 3285 interpo-

131 3283 243 3331 lando
257 3311 269 3330 ,
295 3283 399 3333 quod
427 3282 538 3334 ripam
569 3293 635 3333 pto
661 3281 774 3322 littore
788 3294 1057 3336 nonnunquam
1076 3288 1169 3329 sumi

2073 1167 2266 1227 Tertia

1216 1303 1392 1347 nesciret,
1419 1303 1579 1353 quisquis
1607 1300 1727 1339 vitam
1752 1301 1828 1351 ripa
1854 1300 2050 1350 supposuit.
2080 1306 2116 1338 at
2142 1299 2268 1343 Hora-3

1217 1356 1288 1392 tius
1311 1354 1372 1392 lib.
1394 1366 1458 1391 111.
1483 1353 1558 1390 Od.
1581 1365 1688 1391 xxvx.

1268 1404 1441 1456 Aequoris
1460 1403 1551 1452 nigri
1561 1403 1754 1450 fremitum
1771 1413 1814 1440 ω’
1831 1410 2014 1438 trementes

1696 1451 1835 1489 Verbere
1851 1452 1942 1502 ripas
2028 1480 2040 1486 -
2056 1480 2067 1484 -
2130 1473 2132 1475 -
2233 1466 2246 1471 ⁷

1217 1504 1322 1543 dixit.
1350 1504 1478 1556 Florus
1505 1516 1655 1559 quoque
1673 1504 1735 1541 lib.
1754 1515 1807 1540 xv.
1829 1515 1907 1555 cap.
1930 1516 1975 1540 11.
1997 1498 2043 1539 de
2060 1499 2165 1538 Bello
2187 1499 2270 1539 An?-

1218 1557 1314 1594 tonii
1330 1556 1519 1593 Parthico:
1533 1556 1948 1604 Purpuram·aurumque
1964 1553 2002 1589 in
2018 1552 2132 1602 ripam
2148 1550 2274 1599 affidue

1219 1617 1316 1643 mota
1335 1607 1451 1643 ventis
1470 1606 1586 1644 maria
1605 1604 1844 1652 reveniebant.
1870 1607 2010 1641 Contra
2041 1603 2142 1639 littus
2168 1603 2272 1648 fluvii

1216 1668 1286 1705 pro
1306 1657 1382 1706 ripa
1400 1657 1527 1706 paffim
1550 1652 1648 1704 a'pud
1674 1656 1839 1704 optimos
1861 1653 2030 1691 auctores
2052 1653 2275 1697 Latinitatis.

1219 1706 1320 1745 Litus
1337 1708 1427 1745 tueri
1443 1708 1553 1746 habet
1576 1706 1710 1744 Noster
1727 1706 1822 1742 Met.
1843 1717 1914 1742 xn.
1931 1704 1990 1741 66.
2185 1708 2188 1709 ’

1396 1758 1586 1796 Prohibent
1603 1756 1707 1793 aditu
1718 1783 1730 1800 ,
1758 1752 1923 1804 littusque
1939 1763 2087 1791 tuentur

1271 1814 1381 1846 Troes.
1931 1848 1934 1850 ,

1218 1856 1333 1908 Apud
1354 1860 1623 1897 Germanicum
1644 1858 1683 1896 in
1705 1854 1849 1895 Arateis
1863 1884 1874 1900 ,
1896 1867 1964 1905 pro
1985 1854 2066 1892 vita
2089 1855 2128 1894 &
2150 1855 2249 1893 vitta
2257 1857 2273 1901 ζ

1216 1910 1309 1959 ripae
1333 1910 1468 1960 legitur
1498 1911 1611 1949 etiam
1643 1910 1682 1946 in
1713 1907 1965 1957 antiquissimo
1988 1907 2117 1945 codice
2138 1907 2273 1945 Putea-

1216 1973 1292 1999 neo
1318 1961 1372 1999 bis
1398 1971 1515 2000 terve.
1554 1968 1682 1999 contra
1711 1973 1766 1998 xx.
1799 1960 1959 1997 Metam.
1991 1958 2072 2007 138.
2099 1971 2145 1995 ex
2173 1958 2273 2006 opti-

1218 2012 1288 2049 mis
1315 2013 1567 2051 membranis:
1604 2017 1737 2060 Perque
1760 2011 1887 2060 jugum
1914 2009 2015 2047 vitae
2031 2036 2043 2053 ‚
2076 2020 2143 2057 pro
2169 2009 2271 2058 ripae.

1220 2061 1431 2101 Hztnsms.

1273 2127 1332 2162 55.
1359 2114 1444 2150 Urbe
1469 2113 1591 2150 virum
1619 2111 1738 2160 vidi]
1767 2111 1818 2147 Τὸ
1845 2109 1924 2147 vidi
1941 2110 2184 2148 vehementer
2202 2109 2267 2148 fri-

1219 2172 1293 2215 get.
1311 2176 1381 2202 nec
1395 2165 1529 2214 juvant
1542 2173 1669 2201 tamen
1690 2162 1928 2200 membranae
1944 2161 2097 2198 nostrae.
2122 2160 2245 2197 Scribo
2258 2173 2273 2207 :-

1274 2214 1360 2252 Urbe
1379 2216 1502 2252 virum
1522 2213 1640 2251 vidua
1653 2242 1663 2259 ‚
1691 2215 1860 2262 testaque,
1889 2212 2073 2263 animoque
2088 2209 2201 2259 recepi.

1222 2265 1375 2304 Viduam
1400 2265 1521 2304 urbem
1552 2266 1736 2314 eleganter
1766 2264 1859 2302 dixit
1882 2293 1891 2306 ‚
1928 2263 2031 2312 quod
2057 2263 2124 2299 viri
2157 2262 2194 2298 in
2226 2271 2270 2299 ea

1220 2328 1354 2355 omnes
1379 2318 1423 2355 ab
1454 2317 1629 2355 uxoribus
1657 2314 1770 2354 effent
1792 2315 2011 2352 obtruncati.
2033 2312 2123 2350 nihil
2142 2311 2269 2350 notius

1215 2367 1285 2406 hac
1306 2367 1438 2406 fabula.
1457 2368 1615 2406 eandem
1633 2366 1886 2415 conjeeturam
1908 2365 2132 2413 Capoferreo
2155 2363 2268 2400 etiam

1214 2419 1253 2456 in
1283 2428 1452 2457 mentem
1478 2417 1616 2457 veniss'e
1643 2418 1737 2456 serus
1765 2429 1865 2454 nunc
1884 2415 2060 2463 intelligo.
2089 2412 2268 2462 Virgilius

1215 2469 1276 2508 lib.
1298 2483 1389 2508 vm.
1411 2482 1494 2519 571.

1270 2520 1400 2557 Multis
1419 2520 1592 2568 viduaffet
1609 2518 1744 2556 civibus
1764 2517 1894 2554 urbem.

1219 2570 1279 2609 Sic
1300 2584 1454 2608 vacuam
1481 2570 1600 2607 urbem
1628 2568 1720 2606 dixit
1751 2567 1873 2604 Valet.
1903 2564 2021 2603 Flaco
2044 2578 2088 2603 11.
2119 2563 2202 2613 308.
2227 2564 2267 2603 in

1217 2622 1287 2660 hac
1316 2623 1525 2661 narratione
1547 2650 1559 2666 ,
1586 2631 1699 2671 quam
1722 2618 1855 2656 Noster
1885 2616 2047 2654 viduam.
2075 2615 2114 2652 ὃς
2143 2614 2269 2664 paullo

1218 2682 1304 2712 ante
1322 2687 1359 2711 v.
1377 2686 1460 2723 290.

1272 2727 1396 2774 Qum
1408 2724 1542 2774 genitor
1551 2722 1723 2774 patriam,
1737 2729 1872 2771 quanta
1890 2718 1987 2757 modo
2003 2717 2134 2767 linquis
2147 2716 2267 2754 inan&

1272 2776 1367 2813 Pube
1384 2777 1512 2814 domos.

1219 2828 1276 2865 Ut
1306 2828 1357 2865 ibi
1383 2826 1584 2876 legendum
1615 2825 1662 2863 ad
1696 2823 1813 2873 ipsum
1849 2822 2023 2860 Flaccum
2053 2828 2267 2858 monemus.

1219 2878 1432 2916 Hfixnsxus.
1462 2877 1654 2926 Ingeniosa
1683 2883 1781 2913 certe
1807 2873 2043 2923 conjeetura,
2068 2883 2181 2921 quam
2202 2867 2266 2912 ad<

1213 2929 1348 2978 juvant
1371 2940 1524 2978 quoque
1543 2928 1601 2965 illa
1620 2926 1758 2964 Valerii
1775 2924 1897 2962 Flacci
1913 2924 1973 2962 lib.
1993 2936 2039 2961 11.
2062 2934 2145 2971 370.

1272 2979 1358 3016 Urbe
1368 2980 1490 3029 sedent
1507 2978 1590 3015 laeti
1608 2978 1753 3026 Minyae
1766 3004 1776 3021 ,
1802 2974 1987 3025 viduisque
2005 2983 2171 3010 vacantes

1271 3031 1456 3079 Indulgent
1475 3029 1656 3067 thalamis.

1220 3081 1292 3120 Sed
1313 3083 1399 3132 quia
1417 3094 1481 3131 per
1500 3080 1629 3130 gradus
1649 3092 1755 3118 amor
1773 3078 1901 3116 venire
1921 3076 2082 3119 solet,&
2102 3070 2261 3121 aspeftuss

1218 3133 1404 3183 praecedit
1431 3132 1630 3181 hospitium
1646 3160 1656 3176 ‚
1683 3132 1722 3169 ὃ(
1749 3130 1893 3179 penitus
1923 3129 2048 3165 animo
2070 3131 2259 3171 receptum

1221 3197 1389 3223 amorem
1412 3212 1422 3227 ,
1456 3183 1546 3221 nihil
1575 3192 1682 3221 muto
1703 3197 1714 3227 ς
1755 3181 1917 3219 maxime
1947 3178 1995 3214 ob
2023 3176 2082 3213 illa
2110 3183 2263 3224 quoque

1224 3236 1349 3276 Nostri
1365 3235 1430 3273 inf.
1447 3247 1518 3272 xix.
1539 3234 1607 3283 Ep.
1626 3246 1662 3281 9.
1994 3277 1999 3282 ⁸

1277 3292 1354 3336 Cur
1370 3298 1540 3335 umquam
1561 3283 1680 3323 Colchi
1699 3280 1905 3328 Magnetida
1921 3277 2078 3330 vidimus
2094 3280 2203 3327 Argo.

1750 3332 1834 3380 lit.
2220 3325 2270 3366 Et
