2553 3676
632 171 1284 231 HEROIDES.

1361 194 1391 229 E
1429 198 1472 230 P.
1548 196 1664 235 XII.

2125 197 2220 245 157

379 267 587 328 Semina
603 263 833 336 jeciffet3
871 263 1103 317 totidem
1125 263 1349 318 sensisset
1375 267 1430 321 δε
1453 266 1655 322 hostes:

449 337 524 390 Ut
547 337 760 390 caderet
786 337 936 389 cultu
959 337 1133 390 cultor
1156 337 1218 390 ab
1243 337 1351 407 ipse
1374 339 1484 394 suo,

373 409 647 480 Quantum
669 407 922 478 perfidiae
945 421 1154 471 tecum,
1192 409 1466 474 scelerate,
1502 414 1739 482 perisset!

261 500 330 533 20
436 479 633 532 Demta
654 480 832 532 forent
856 480 1014 551 capiti
1037 498 1195 552 quam
1217 480 1347 533 mala
1371 484 1535 536 multa
1560 489 1707 538 mco!

365 549 458 604 Est
482 551 651 623 aliqua
674 552 884 622 ingrato
909 553 1159 606 meritum
1184 553 1503 623 exprobrare
1528 557 1796 626 voluptas:

443 621 566 676 Hac
591 622 758 677 fruar:
800 625 927 678 hacc
952 625 1020 678 de
1046 639 1098 678 te
1124 624 1313 695 gaudia
1335 625 1440 680 sola
1464 626 1645 680 feram.

359 693 528 763 Jussus
551 695 886 767 inexpertam
908 696 1143 750 Colchos
1168 698 1446 753 advertere
1470 700 1722 771 puppim,

440 766 642 823 Intrasti
665 770 861 840 patriae
886 787 1047 840 regna
1071 768 1220 822 beata
1243 787 1408 824 meae.

260 857 327 906 25
367 837 498 892 Hoc
523 840 627 894 illic
653 840 856 895 Medea
878 841 982 904 fui,
1020 860 1157 895 nova
1180 856 1342 912 nupta
1366 844 1515 915 quod
1539 843 1626 898 1116
1653 844 1742 898 est.

433 911 611 983 Quam
632 926 781 984 pater
806 913 880 967 est
902 914 1001 977 illi,
1040 926 1148 967 tam
1170 914 1300 967 mihi
1323 914 1471 968 dives
1496 930 1622 970 erat.

366 982 481 1038 Hic
506 983 760 1057 Ephyren
783 986 1066 1047 bimarem3
1109 985 1322 1056 Scythia
1347 1001 1497 1040 tenus
1523 988 1607 1041 1116
1631 988 1810 1042 nivosa

435 1056 614 1110 Omne
639 1070 815 1122 tenet,
850 1058 1012 1111 Ponti
1036 1076 1139 1130 qua
1162 1059 1309 1129 plaga
1330 1059 1473 1113 laeva
1492 1058 1646 1128 jacet.

360 1128 578 1211 Accipit
602 1129 832 1201 hospitio
851 1130 1070 1201 juvenes
1097 1131 1270 1183 Aeeta
1292 1130 1563 1202 Pelasgos,

259 1220 326 1267 30

129 1382 186 1419 ῖς,
213 1377 292 1410 Non
304 1373 616 1423 praemedicatus.]
648 1374 702 1411 Ita
720 1373 918 1422 legendum
933 1402 942 1418 ‚
969 1385 1048 1411 non
1067 1380 1110 1411 ut

77 1432 360 1467 commentator,
366 1425 648 1472 praemeditatus.
674 1425 808 1474 Neque
821 1425 922 1462 enim
942 1435 1108 1473 praeme-

74 1472 203 1511 ditatus
223 1483 370 1511 venerat
386 1474 504 1521 Jason.
533 1475 670 1512 Medea
684 1484 809 1513 autem
830 1475 1108 1513 medicamentis

0 1533 1 1564 ζ
74 1525 255 1561 munierat
278 1524 382 1562 illum
399 1553 409 1568 ,
437 1537 522 1562 611111
552 1524 637 1562 61161
664 1527 778 1563 boves
799 1527 923 1575 ignem
945 1526 1109 1563 efflantes

0 1610 1 1617 ,
72 1572 281 1622 subjugum
302 1573 465 1611 missurus
480 1603 489 1618 ,
517 1588 563 1612 ne
591 1576 681 1624 quid
708 1577 854 1613 illorum
883 1578 967 1624 igne
989 1576 1110 1614 laede-

0 1632 1 1656 1
72 1632 182 1662 retur.
208 1634 248 1662 ut
265 1625 312 1661 est
332 1624 427 1672 apud
449 1625 693 1672 Apollonium
718 1628 756 1662 ὃς
776 1627 847 1673 ipsa
866 1627 979 1662 infra:

133 1684 201 1732 Ipsa
219 1698 271 1733 ego
284 1712 294 1729 ‚
306 1698 392 1736 quae
409 1685 568 1723 dederam
586 1686 817 1724 medicamina
831 1713 840 1731 ‚
845 1686 983 1735 pallida
995 1688 1084 1736 sedi.

74 1733 301 1773 Mrcittus.

128 1805 183 1839 17.
209 1796 346 1831 Semina
362 1796 487 1846 jecisset
506 1826 516 1841 ‚
548 1798 690 1834 totidem
708 1798 873 1849 sumfiffi’t
902 1810 945 1838 (φ’
967 1799 1106 1849 hostes.]

73 1843 179 1881 Haec
204 1844 327 1882 denuo
357 1847 531 1883 mendosa
557 1847 650 1884 sunt.
677 1849 903 1893 Puteaneus,
931 1850 977 1886 ad
995 1862 1107 1898 quem

2 1894 4 1958 L
69 1894 277 1982 frl<13quenter
303 1897 519 1934 recurrimus
541 1923 552 1941 ‚
591 1905 767 1945 tanquam
802 1899 848 1935 ad
881 1900 1015 1936 sacram
1044 1912 1108 1937 an-

2 1973 3 1977 ,
72 1956 93 1983 c
120 1957 245 1984 oram:

123 2008 260 2045 Semina
273 2007 412 2059 senfiffet
432 2011 641 2061 totidemque
660 2020 703 2050 (9²
714 2009 851 2060 fi‘mina
871 2022 914 2050 ω’
932 2011 1047 2058 hostes.

4 2092 5 2095 =
73 2067 145 2106 Sed
163 2068 308 2120 sensiffet
334 2071 354 2108 a
380 2085 492 2115 manu
509 2074 664 2111 secunda
684 2081 782 2118 erat,
810 2075 926 2111 veteri
945 2074 1107 2112 lectione

73 2121 215 2157 extrita.
242 2122 375 2170 opinor
386 2123 521 2172 flevisset
544 2123 658 2162 fuiffe.
686 2123 819 2161 deinde
832 2124 986 2172 seminat
1006 2124 1108 2171 hostes

73 2170 311 2259 acillterasiiilaigp
334 2183 408 2211 erat
436 2174 652 2213 con-ectum.
680 2174 1019 2214 Helmaestadienfis
1041 2187 1107 2224 pro

4 2232 6 2249 ι
102 2231 211 2258 ivera
243 2234 262 2258 e
302 2234 411 2261 ione:

127 2271 281 2309 Totidem
297 2284 378 2322 quot
387 2275 524 2322 semina
545 2286 589 2315 ω’
604 2275 716 2324 hostes.

6 2319 8 2361 ξ
77 2319 241 2359 Melioris
261 2332 370 2360 notae
389 2326 574 2374 plerique:

126 2372 261 2408 Semina
272 2373 416 2423 senstffet
434 2377 575 2412 totidem
595 2378 686 2427 quod
701 2378 850 2422 fhminat
869 2378 981 2426 hostes.

8 2445 9 2454 1
75 2419 148 2458 Vel
161 2422 293 2471 jeciffet.
312 2426 460 2473 quidam
480 2428 589 2465 etiam
602 2428 764 2472 ‚totidem
774 2428 918 2478 senfiffet
934 2441 976 2469 (φ’
996 2429 1108 2477 hostes.

8 2474 9 2512 j
77 2470 293 2521 Simpliciter
312 2476 486 2514 rescribo:

129 2524 263 2560 Semina
275 2525 398 2573 jeciffet
412 2555 421 2571 ‚
447 2528 589 2565 totidem
600 2528 723 2576 jecisset
745 2540 788 2568 ω’
807 2529 920 2576 hostes.

75 2572 187 2620 Supra
217 2575 390 2623 posterius
418 2578 552 2626 fhviſjet
588 2577 699 2627 gloffa
732 2581 798 2616 fuit
830 2580 1000 2628 adscripta
1029 2591 1110 2631 quot

10 2635 11 2659 ι
69 2622 324 2674 semina,quae
343 2627 380 2663 in
398 2627 573 2665 Puteanei
592 2629 728 2666 codicis
749 2638 966 2667 contextum
987 2633 1109 2679 postea

77 2673 222 2721 irrepsit.
249 2677 362 2714 Aliud
383 2678 532 2726 quidem
560 2691 658 2716 nunc
683 2680 734 2716 nil
755 2682 977 2719 occurrebat.
997 2682 1110 2730 jacere

78 2733 145 2769 pro
166 2724 288 2763 serere.
314 2726 361 2764 fic
380 2729 416 2764 in
438 2728 564 2770 Fastis,
590 2730 649 2766 lib.
671 2742 726 2766 11.
746 2731 828 2768 662.

133 2774 318 2812 Seminibus
332 2778 437 2826 jablis
452 2779 495 2826 est
515 2778 572 2816 ubi
582 2782 698 2826 foetus
718 2793 806 2829 ager.

12 2846 13 2854 1
82 2821 238 2859 Metam.
257 2837 291 2862 v.
313 2827 395 2871 485.

136 2873 269 2908 semina
280 2877 374 2922 jafia
392 2878 517 2927 legunt.

82 2921 172 2960 Fall.
195 2934 247 2958 11.
270 2937 348 2971 519.

137 2978 246 3029 Isana
263 2983 375 3029 tamen
393 2988 518 3016 veteres
529 2981 705 3029 jaciebant
718 3011 728 3028 ‚
747 2986 853 3030 sarra
874 2985 1056 3023 metebant.

84 3022 204 3060 Ponet
223 3023 343 3071 &legi
362 3038 369 3060 ε

48 3129 52 3132 ι
86 3120 122 3159 V
137 3072 273 3160 Slemina
285 3072 439 3122 sevisset,
467 3078 604 3116 totidem
614 3082 749 3133 fiviffet
769 3097 812 3125 ω’
828 3085 942 3133 hostes.

126 3134 144 3159 6
173 3137 180 3159 ;

135 3173 271 3209 Semina
289 3184 370 3224 quot
384 3174 510 3225 jaceret
524 3203 534 3218 ‚
560 3179 698 3216 totidem
712 3183 853 3233 sensiffit
872 3199 914 3226 (φ
933 3186 1046 3235 host-05,

88 3221 198 3272 Apud
218 3225 380 3274 l'ropert.
400 3238 465 3264 nx.
484 3226 586 3275 hlcg.
608 3240 658 3265 Di.
686 3237 791 3271 Serere
802 3237 959 3283 praelia.-

435 1200 508 1255 ht
533 1204 769 1272 premitis
791 1202 959 1276 pictos
983 1220 1210 1275 corpora
1233 1201 1396 1275 Graja
1422 1217 1588 1260 toros,

2041 1275 2203 1330 Tunc

1217 1370 1352 1408 Colchis
1367 1369 1557 1421 flagrantes
1573 1374 1807 1413 adamantina
1819 1372 1886 1425 sub
1900 1375 1986 1424 juga
2003 1383 2121 1410 tauros

1262 1423 1342 1471 Egit
1355 1450 1365 1466 ‚
1389 1436 1433 1462 <9⁹
1450 1426 1616 1472 armifera
1631 1427 1766 1476 praelia
1775 1427 1871 1475 sevit
1891 1428 2007 1463 hamo.
2061 1424 2207 1460 HE1NS.

1164 1484 1261 1521 Mihi
1280 1485 1420 1533 placet,
1442 1496 1481 1524 ut
1501 1487 1642 1525 editum
1664 1489 1707 1526 ab
1726 1489 1802 1537 ipso
1823 1486 2000 1525 Heinfio:

1217 1550 1355 1586 Semina
1367 1550 1512 1600 jecifflet‚
1541 1552 1683 1590 totidem
1693 1551 1837 1602 senfiffi’t
1857 1564 1900 1592 <7
1917 1551 2028 1596 h0st85·

1165 1613 1294 1650 sentire
1328 1623 1451 1652 autem
1491 1618 1636 1665 proprie
1667 1617 1746 1654 illos
1779 1617 1934 1654 dicimus
1957 1644 1967 1658 ,
2015 1626 2035 1651 a
2073 1613 2204 1663 quibus

1165 1663 1280 1700 clades
1312 1665 1349 1701 δέ
1379 1666 1556 1704 damnum
1583 1668 1792 1715 accipimus.
1817 1666 1891 1704 vid.
1917 1667 1983 1713 Ep.
2010 1677 2065 1702 ix.
2083 1666 2143 1711 46.
2164 1666 2204 1700 &

1164 1712 1209 1750 ad
1226 1714 1372 1751 Petron.
1392 1728 1422 1753 c.
1448 1728 1527 1763 139.
1555 1717 1815 1755 BuRMANNus.

1214 1775 1273 1811 ις.
1301 1765 1426 1801 Medea
1443 1766 1544 1815 fail]
1575 1768 1653 1803 Fuit
1680 1768 1884 1804 Puteaneus
1912 1778 1998 1804 cum
2019 1765 2095 1802 aliis
2118 1764 2201 1812 qui-

1163 1811 1323 1850 busdam.
1350 1815 1411 1853 sed
1432 1817 1540 1852 male.
1568 1818 1780 1854 Htrusms.

1214 1874 1272 1909 27.
1310 1864 1376 1900 Hic
1407 1866 1564 1914 Ephyren
1587 1866 1765 1904 bimarem.
1790 1866 1805 1916 ]
1852 1864 2031 1914 Appofite
2059 1865 2199 1902 faciunt

1162 1913 1235 1951 huc
1266 1914 1400 1963 Velleji
1427 1917 1605 1954 Paterculi
1632 1918 1742 1955 verba
1770 1929 1816 1954 ex
1841 1917 1901 1953 lib.
1929 1929 1958 1953 1.
1978 1915 2100 1951 Paullo
2119 1915 2202 1950 ante

1164 1964 1302 2001 Haletes
1319 1993 1330 2009 ,
1350 1967 1469 2013 sextus
1497 1967 1541 2003 ab
1569 1967 1713 2004 Hercule
1735 1996 1744 2011 ,
1780 1967 1931 2016 Hippotis
1952 1965 2050 2014 filius
2079 1966 2203 2001 Corin-

1164 2013 1290 2059 thum,
1318 2028 1404 2065 quae
1431 2027 1535 2053 antea
1547 2019 1668 2064 fuerat
1697 2017 1849 2067 Ephyre,
1878 2016 2023 2063 claustra
2045 2015 2203 2064 Pelopon-

1163 2077 1228 2099 nez
1259 2066 1511 2109 concinentem,
1536 2068 1575 2103 in
1606 2068 1728 2115 Isthmo
1758 2067 1921 2104 condidit.
1950 2066 2066 2102 Aliter
2095 2065 2202 2102 sentit

1163 2114 1335 2162 Hyginus
1356 2128 1431 2165 cap.
1455 2130 1617 2155 ccrxxv.
1645 2117 1778 2168 Ephyre
1797 2116 1960 2166 Nympha
1982 2116 2108 2152 Oceani
2117 2115 2200 2162 filia

1163 2166 1343 2212 Ephyren,
1372 2181 1478 2216 quam
1500 2168 1609 2217 postea
1630 2168 1840 2206 Corinthum
1857 2166 2094 2217 appellarunt,
2123 2179 2201 2202 con-

1164 2215 1268 2252 didit.
1296 2217 1510 2255 CIOFANus.

1214 2277 1272 2312 27.
1300 2267 1442 2315 Scythia
1471 2280 1569 2305 tenus
1596 2268 1650 2307 ille
1675 2267 1799 2318 nivosd
1818 2275 1928 2305 Omne
1950 2266 2085 2315 tenet.]
2122 2272 2201 2321 Scy-

1163 2315 1278 2353 thiam
1298 2327 1390 2354 tenet
1410 2318 1468 2355 ille
1485 2320 1643 2368 nivosam
1661 2320 1808 2370 quidam
1831 2347 1842 2364 ,
1878 2319 1937 2355 vel
1966 2316 2120 2366 scythiae
2145 2329 2201 2352 m-

1163 2368 1272 2415 vosae.
1300 2369 1541 2408 Scriverianus
1557 2397 1566 2414 ,
1587 2372 1725 2418 Scythia
1750 2379 1847 2406 tenus
1867 2369 1924 2405 ille
1943 2368 2061 2414 nivosa
2089 2372 2200 2402 Omne

1163 2416 1268 2455 latus.
1295 2419 1384 2468 quid
1410 2420 1435 2456 fi
1458 2421 1499 2458 sit
1514 2449 1523 2465 ‚
1543 2421 1699 2468 Scythiae
1720 2430 1811 2457 tenet
1844 2419 1901 2455 ille
1924 2418 2060 2465 nivosae
2089 2422 2202 2454 Omne

1164 2467 1283 2506 latus?
1314 2470 1390 2507 vel:

1214 2533 1279 2569 Hic
1298 2534 1452 2582 Ephyrae
1469 2534 1611 2570 bimaris
1624 2560 1634 2577 ‚
1653 2532 1808 2581 Scythiae
1823 2541 1913 2569 tenet
1930 2530 1988 2568 ille
2008 2529 2146 2579 nivosae

1269 2589 1378 2620 Omne
1395 2584 1500 2622 latus.

1166 2633 1274 2681 Epist.
1298 2634 1423 2671 Ari-ad.

1217 2690 1326 2720 Omne
1348 2684 1441 2721 latus
1462 2696 1571 2722 terrae
1591 2684 1694 2733 cingit
1712 2696 1819 2723 mare.

1165 2735 1250 2771 Stat.
1278 2734 1337 2771 lib.
1370 2748 1423 2772 iv.
1463 2737 1534 2785 Syl.
1565 2736 1608 2772 ad
1645 2736 1806 2771 Marcell,
1843 2745 1931 2772 vers¹
1977 2733 2037 2780 63.
2074 2731 2198 2779 Istrum

1164 2785 1257 2820 latus
1299 2797 1363 2833 pro
1402 2786 1508 2823 [stria.
1547 2787 1585 2822 &
1621 2786 1772 2822 Praefat.
1806 2785 1868 2822 lib.
1892 2797 1927 2822 v.
1960 2783 2057 2833 Sylv.
2089 2789 2201 2819 Omne

1164 2835 1257 2871 latus
1278 2836 1397 2872 domus
1418 2837 1570 2872 divinae.
1597 2836 1763 2882 Juvenal.
1788 2836 1857 2872 Sat.
1889 2847 1978 2871 vixi.
2016 2845 2094 2879 117.
2117 2834 2198 2880 llly-

1163 2886 1225 2920 rici
1245 2885 1348 2923 latus.
1375 2893 1482 2922 Latus
1499 2896 1621 2923 autem
1642 2898 1707 2933 pro
1726 2885 1809 2921 litus
1830 2897 1873 2922 ex
1896 2884 2116 2921 membranis
2135 2896 2200 2918 ve-

1163 2935 1259 2971 tustis
1287 2937 1347 2972 hic
1375 2938 1447 2973 illic
1483 2936 1736 2984 reponendum
1776 2937 1923 2972 monuit
1955 2934 1998 2971 ad
2031 2934 2197 2970 Solinum

1165 2985 1351 3023 Salmasius
1370 2999 1405 3034 p.
1425 2997 1482 3034 57.
1504 2986 1550 3023 sic
1568 2987 1667 3022 idem
1689 2985 1875 3022 Salmasius
1898 2997 1974 3032 cap.
1993 2996 2075 3020 xix,
2097 2988 2200 3017 Μανε

1164 3037 1326 3083 Caspium
1355 3050 1395 3072 cx
1424 3036 1530 3071 altero
1561 3036 1661 3072 Ponti
1688 3036 1803 3071 latere.
1828 3035 1886 3072 sed
1914 3037 1985 3071 hoc
2004 3035 2087 3069 loco
2107 3032 2201 3088 {atus

1165 3085 1378 3134 subintelligi
1396 3086 1543 3135 praestat
1562 3088 1599 3122 &
1617 3086 1667 3122 nil
1683 3095 1820 3123 temere
1837 3084 2065 3122 imitandum.
2088 3082 2200 3116 (311111-

1166 3136 1316 3173 dianus:
2113 3179 2118 3184 Ι

1219 3193 1328 3222 Omne
1345 3187 1434 3236 quod
1452 3194 1626 3224 Oceanum
1636 3188 1837 3235 fontemque
1852 3184 2026 3229 intersacet
2048 3179 2129 3225 Isin.

1168 3235 1295 3275 Florus
1330 3250 1383 3275 11·
1418 3250 1473 3286 17.
1500 3247 1540 3276 ut
1568 3239 1635 3276 viri
1660 3236 1765 3321 {lsocsti
1796 3232 2059 3272 emendarunt:
2089 3235 2200 3315 O‘mtm

1658 3326 1662 3331 .
1725 3296 1743 3332 3
2104 3292 2141 3316 172
2161 3291 2208 3315 rm
