2553 3676
655 183 1565 243 HEROIDES.E1›.‘

1575 209 1651 247 1v.

2155 213 2226 273 51.

386 285 462 340 At
486 295 553 335 ne
576 286 740 347 nupta
761 273 1011 347 quidem,
1049 273 1312 347 taedaque
1343 290 1561 350 accepta
1580 279 1757 350 jugali,

455 350 598 405 Cur?
638 347 733 402 nifi
756 365 825 400 ne
849 364 1064 419 caperes
1090 365 1253 417 regna
1276 359 1496 419 paterna
1518 351 1728 406 nothus.

383 421 615 481 Addidit
640 419 695 474 &
718 420 903 474 fratres
926 437 995 476 ex
1016 436 1103 473 me
1128 419 1253 473 tibi:

1292 438 1427 492 quos
1449 436 1628 479 tamen
1653 442 1838 479 omnes

451 495 580 550 Non
603 511 705 564 ego
732 491 954 546 tollendi
979 491 1174 555 eauffa,
1210 491 1302 545 sed
1324 492 1411 546 ille
1432 493 1549 548 fuit.

244 588 337 639 125
375 569 427 625 O
450 567 652 621 utinam
674 565 918 619 nocitura
944 564 1064 629 tibi,
1101 563 1461 637 pulcherrime
1483 585 1694 633 rerum,

452 640 511 695 In
533 637 717 692 medio
741 638 856 692 nisu
878 637 1076 691 viscera
1101 650 1256 709 rupta
1277 637 1482 693 forent!

377 713 400 768 I
421 730 590 775 nunc,
626 710 693 764 fic
718 711 896 764 meriti
918 709 1116 764 letium
1139 728 1386 765 reverere
1410 712 1673 784 parentis;

450 785 633 859 Quem
653 782 818 854 fugit,
855 782 910 835 δε
932 781 1078 837 faffis
1102 781 1311 837 abdicat
1334 784 1420 838 ille
1445 785 1560 838 suis,

376 859 523 920 Nee,
561 856 683 929 quia
707 855 954 927 privigno
978 855 1161 910 videar
1185 862 1393 910 coitura
1416 874 1676 919 noverca,

237 951 335 998 130

82 1128 195 1178 miffi’t
213 1127 376 1178 adsuunt
386 1128 568 1179 perducere
595 1127 815 1165 voluntatem
830 1155 840 1170 ,
867 1124 1012 1163 tabellas
1032 1125 1121 1173 scri-

78 1188 157 1229 ptas
176 1180 223 1216 ad
243 1180 364 1217 virum
376 1181 483 1227 suum
503 1178 594 1229 misit
613 1207 623 1222 ‚
647 1179 685 1227 ſse
706 1178 750 1214 ab
772 1178 946 1228 Hippolyto
962 1177 1121 1226 compres-

76 1229 159 1279 sam
176 1230 232 1279 effe
249 1257 260 1272 ‚
280 1234 381 1281 seque
398 1230 466 1279 ipsit
480 1227 656 1280 suspendio
676 1229 817 1265 necavit
830 1257 840 1273 ‚
868 1240 911 1268 (φ’
930 1227 1071 1277 Theseus
1085 1242 1120 1265 re

84 1281 209 1317 audita
218 1280 337 1326 filium
348 1283 455 1330 ficum
476 1280 608 1317 laribus
626 1280 778 1316 excedere
802 1278 893 1327 suffit
913 1307 923 1324 ,
959 1290 1004 1318 (φ’
1025 1287 1120 1327 opta—

82 1331 143 1367 vit
162 1331 187 1367 ὰ
207 1338 360 1380 Neptuno
378 1340 477 1380 patre
496 1330 572 1377 filio
589 1331 653 1379 suo
681 1330 841 1369 exitium.
894 1336 1016 1380 Itaque
1039 1329 1119 1366 cum

82 1381 282 1430 qupolytus
306 1381 400 1432 equis
416 1381 550 1429 junctis
579 1379 761 1417 veheretur
781 1408 790 1424 ‚
827 1389 957 1430 repente
980 1381 998 1416 ἒ
1026 1381 1120 1417 mari

83 1436 219 1468 Taurus
233 1431 411 1481 apparuit,
438 1432 534 1481 cujus
554 1431 690 1480 mugitu
709 1431 787 1480 equi
803 1431 1018 1480 expavefac‘ii
1033 1431 1120 1480 Hip-

73 1481 232 1532 polytum
249 1482 502 1530 distraxerunt,
530 1482 677 1532 vitaque
689 1482 894 1531 privarunt.
923 1482 1094 1520 CxofAN.

137 1545 151 1570 1
163 1545 217 1583 13.
243 1538 313 1572 Nec
326 1533 402 1582 sola
421 1533 502 1570 haec
519 1532 567 1569 ad
587 1546 644 1570 nos
660 1532 794 1582 injuria
812 1531 942 1582 venit.]
964 1532 1042 1568 Sola
1060 1545 1120 1569 nec

80 1582 163 1621 haec
181 1584 321 1632 scripti,
348 1592 487 1632 praeter
507 1583 745 1621 Barberinum
773 1583 943 1620 codicem
972 1583 1011 1619 ὃς
1030 1583 1120 1620 alte-

82 1645 165 1672 rum
197 1633 468 1671 Lovaniensem
507 1633 695 1670 Societatis
733 1632 817 1678 Jesu
841 1659 852 1676 ,
895 1633 933 1668 in
963 1632 1116 1680 quibus:

84 1683 162 1719 Sola
184 1697 242 1720 nec
260 1683 342 1719 haec
361 1682 454 1719 nohis
477 1682 609 1732 injuria
636 1681 745 1718 venit.
766 1682 959 1730 eleganter.
987 1683 1038 1717 Tb
1057 1696 1118 1718 ve-

83 1733 158 1768 nire
180 1735 279 1771 enim
301 1746 381 1770 cum
405 1733 515 1770 tertio
546 1732 624 1769 casu
650 1732 774 1780 jungit
791 1732 1002 1779 frequenter
1021 1732 1118 1770 Ovi-

78 1781 183 1871 ἕυε,
212 1784 306 1820 utin
328 1783 434 1820 Fastis
457 1783 517 1820 lib.
538 1794 574 1819 v.
596 1782 679 1828 648.
704 1781 777 1819 fide
799 1782 1029 1830 optimorum
1053 1793 1117 1819 co-

119 1844 226 1870 cum:

130 1888 176 1919 Et
195 1883 336 1920 tandem
358 1889 446 1921 Caco
463 1881 578 1918 debita
589 1891 696 1931 poena
713 1881 825 1919 venit.

81 1932 139 1971 Sic
157 1935 196 1971 &
215 1935 347 1972 Graeci
369 1934 532 1980 ἔρχεσθαι
555 1944 622 1981 pro
654 1931 721 1981 effe.
746 1932 955 1981 Propertius
981 1932 1118 1971 multus

79 1996 230 2034 quoque
251 1985 299 2022 est
317 1986 355 2022 in
377 1987 445 2022 hac
470 1984 674 2023 locutione.
711 1982 845 2021 Noster
874 1983 973 2021 Artis
998 1984 1115 2021 Ama-

80 2042 151 2072 tor.
171 2036 230 2073 lib.
253 2049 282 2073 1.
301 2035 385 2085 483.

131 2085 285 2135 Forfitan
303 2099 346 2126 ω’
360 2086 472 2136 primo
492 2084 608 2122 veniet
626 2084 690 2122 tibi
709 2083 828 2121 littera
845 2083 963 2132 tristis.

82 2134 165 2174 Lib.
189 2149 245 2175 11.
269 2138 347 2175 161.

132 2193 212 2224 Non
231 2202 283 2236 ego
300 2186 471 2224 divitibus
489 2186 590 2224 venio
597 2195 790 2237 praeceptor
807 2185 967 2226 amandi.

79 2235 149 2281 Et,
173 2238 233 2275 lib.
253 2252 313 2275 111.
334 2251 416 2286 251.

131 2294 211 2325 Non
229 2289 318 2326 mihi
335 2288 474 2337 venistis
493 2287 617 2326 Semele
634 2288 766 2324 Ledeve
781 2287 960 2330 docendae,

78 2338 147 2387 Ep·
166 2352 252 2377 xm.
274 2352 353 2387 104.

128 2394 180 2426 Tu
196 2390 283 2428 mihi
302 2391 374 2429 luce
391 2391 505 2436 dolor,
530 2401 570 2428 tu
587 2389 676 2428 mihi
692 2393 785 2427 nocte
801 2390 914 2428 venis.

79 2438 158 2478 Art.
176 2442 264 2478 Ain.
289 2454 343 2480 11.
362 2455 442 2485 117·

129 2495 175 2527 Ee
194 2491 257 2528 tibi
269 2493 349 2541 jam
368 2493 445 2531 cani
464 2492 625 2537 venient,
641 2492 810 2540 fhrmose,
832 2490 958 2542 capilli.

80 2540 177 2579 Mox
192 2570 202 2586 ‚
231 2554 314 2593 323.

132 2598 203 2629 Nec
220 2593 283 2630 tibi
300 2592 418 2643 morosi
433 2594 580 2631 veniant
585 2593 732 2642 fastidia
751 2592 873 2632 morbi.

81 2640 193 2680 Libro
220 2655 298 2682 111.
318 2646 398 2682 Art.
418 2647 504 2684 Am.
524 2657 608 2692 477.

133 2698 198 2730 Fac
213 2705 346 2732 metuat
354 2695 526 2746 speretque
534 2694 643 2745 fimul
654 2724 664 2740 ‚
691 2694 881 2746 quotiesque
899 2694 1073 2741 remittes,

117 2790 123 2797 ἡ
182 2750 253 2793 Spes
272 2748 378 2795 magis
395 2745 474 2782 huic
494 2747 616 2783 veniat
633 2757 724 2783 certa
743 2747 921 2795 minorque
938 2756 1061 2784 metus.

90 2790 155 2848 3¹0,
175 2794 210 2831 &
240 2796 288 2833 ibi
313 2797 396 2846 lego
416 2824 427 2841 ‚
461 2809 540 2835 non
562 2809 647 2836 cum
669 2797 822 2846 vulgatis
836 2825 846 2842 ,
874 2796 955 2833 hinc
974 2797 1110 2836 veniat.

88 2841 242 2889 Epistola
262 2847 455 2884 Oenones:

139 2894 236 2939 Qtae
252 2897 348 2932 venit
366 2898 524 2946 indignae
533 2907 639 2947 poena
652 2927 662 2944 ‚
690 2898 834 2935 dolenda
852 2897 964 2936 venit.

83 2941 276 3029 {elmerum
297 2947 403 2995 vulgo
418 2975 428 2992 ‚
447 2949 596 2998 indigne.
621 2958 730 2999 atque
751 2950 800 2987 ita
819 2948 957 2998 paffim.
980 2947 1109 2987 Statius

111 3004 133 3041 y
150 3005 224 3030 vis:

136 3043 339 3099 Qcicunque
356 3046 451 3083 venit
468 3048 554 3092 mihi
571 3051 688 3088 dexter
703 3050 863 3100 Apolline
879 3050 1020 3100 Caefizr.

85 3092 203 3149 Vetus
225 3102 396 3142 interpres
415 3097 544 3136 Matth.
564 3113 639 3138 xxx.
663 3115 694 3149 ς.
722 3107 803 3138 Ecce
822 3108 893 3138 Rex
911 3112 991 3138 tuus
1009 3100 1110 3138 venit

84 3142 148 3180 ²¹5¹
174 3145 392 3192 manfist’tm,
420 3145 489 3182 ἰδοῦ
512 3150 526 3184 ὁ
551 3151 719 3194 βασιλεῦς
743 3155 794 3188 oo?
812 3152 964 3199 ἔρχεται
982 3143 1110 3197 πραΰς.

85 3194 190 3231 Plura
212 3195 291 3231 Art.
314 3197 400 3233 Am.
417 3196 476 3234 lib.
500 3210 553 3234 Π.
572 3201 686 3239 initio.
713 3203 920 3241 Hemsrus.
944 3204 1108 3247 ,Mollius

84 3245 165 3283 fore
177 3243 203 3283 fi
221 3245 358 3294 legatur
371 3274 381 3293 ,
393 3246 470 3295 stila
487 3261 591 3298 neque
607 3250 687 3287 haec
700 3278 711 3297 ‚
730 3254 892 3293 censebat
918 3254 1111 3302 Francius,
1154 3292 1157 3294 .

443 930 765 984 Terruerint
789 931 991 983 animos
1018 929 1236 983 nomina
1259 947 1390 983 vana
1413 942 1550 984 tuos,

2126 1003 2221 1060 Ista

1175 1138 1223 1163 ne
1254 1135 1473 1166 concurrant
1502 1140 1561 1165 nec
1591 1127 1630 1165 δε
1659 1125 1752 1165 haec.
1778 1132 1820 1165 ut
1840 1137 1931 1165 vero
1950 1125 2083 1176 injuria
2102 1126 2220 1166 venire

1174 1177 1236 1214 hie
1255 1177 1386 1216 dicitur
1400 1180 1468 1224 ,ita
1490 1180 1528 1216 ὃς
1550 1179 1680 1216 Statius
1704 1190 1757 1223 vr.
1779 1179 1864 1227 634.

1229 1233 1323 1278 Eque
1338 1239 1395 1265 tuo
1413 1229 1513 1266 venit
1529 1228 1611 1266 haec
1627 1226 1759 1278 injuria
1781 1239 1872 1265 voto,
1925 1228 2184 1266 BURMANnus.

1231 1278 1312 1316 118.
1342 1280 1432 1316 Nati
1463 1281 1569 1328 digna
1587 1283 1715 1326 favore
1731 1288 1873 1328 parens.
1897 1278 1913 1329 ]
1944 1279 2062 1328 Digna
2082 1280 2220 1328 vigore,=

1174 1341 1252 1366 uno
1285 1330 1460 1367 consensu
1488 1339 1629 1378 praeter
1660 1329 1991 1368 Hehnstadiensem
2020 1329 2151 1379 scripti.
2178 1329 2219 1368 ὃς

1175 1391 1273 1417 vere.
1305 1379 1408 1417 Silius
1428 1380 1487 1417 lib.
1514 1393 1594 1418 111.

1229 1444 1321 1452 ·-
1336 1430 1471 1467 Gelidos
1492 1444 1551 1467 nec
1562 1430 1727 1480 scandere
1742 1441 1856 1468 tecum

1224 1479 1394 1528 Deficiam
1411 1492 1542 1519 montes
1559 1483 1682 1532 conjux
1698 1492 1772 1520 tua.
1800 1481 1895 1519 crede
1911 1480 2023 1532 vigori

1227 1532 1413 1570 Foemineo.

1171 1580 1293 1619 Poffet
1323 1584 1361 1620 ὃς
1389 1583 1494 1631 rigore
1524 1584 1597 1633 legi
1623 1596 1710 1623 cum
1737 1584 1914 1632 excerptis
1941 1582 2148 1627 Voffianis,
2175 1588 2218 1621 u!

1172 1631 1296 1680 supra,
1327 1638 1371 1669 Te
1399 1644 1481 1669 tuus
1509 1634 1567 1680 iste
1593 1635 1705 1683 rigor,
1732 1635 1944 1671 Hssmsms.
1973 1634 2069 1682 Vigor
2088 1641 2214 1680 autem

1173 1693 1240 1729 pro
1271 1683 1376 1731 rigore
1400 1684 1562 1732 ponitur.
1593 1696 1629 1723 v.
1660 1684 1804 1723 Salmas.
1835 1684 1882 1722 ad
1911 1683 2057 1721 Tertul.
2084 1683 2158 1721 Pal.
2179 1694 2217 1732 p.

1172 1743 1258 1780 293.
1282 1733 1387 1781 Epist.
1411 1746 1489 1772 xw.
1514 1747 1573 1783 51.

1224 1788 1350 1819 Forma
1368 1783 1531 1833 vigorque
1548 1783 1674 1820 animi.

1173 1830 1210 1868 Si
1229 1844 1320 1870 vero
1353 1834 1538 1882 vulgatam
1557 1835 1686 1880 favore
1704 1834 1800 1871 tueri
1819 1832 1928 1872 alicui
1949 1832 2062 1872 libeat
2082 1861 2093 1878 ‚
2120 1834 2216 1882 refe-⁴

1170 1890 1223 1920 rat
1245 1882 1289 1920 ad
1312 1883 1371 1922 illa
1393 1896 1488 1933 quae
1507 1884 1728 1933 sequuntur:

1224 1939 1297 1970 Nec
1314 1944 1428 1971 mater
1443 1945 1542 1971 tanto
1561 1935 1699 1984 pignore
1718 1944 1799 1971 tuta
1809 1934 1898 1981 fuit.
1952 1934 2163 1973 HEINsms.

1172 1982 1221 2021 Et
1240 1985 1290 2022 ita
1313 1985 1447 2034 Vellej.
1468 1986 1583 2023 Pater.
1611 1999 1656 2023 11.
1682 1985 1741 2033 98.
1769 1984 1905 2023 Pisonis
1924 1999 2031 2022 mores
2050 1985 2139 2023 dicit
2158 1986 2214 2035 effe

1171 2035 1285 2082 vigore
1303 2048 1344 2072 ac
1370 2035 1513 2072 lenitate
1540 2034 1755 2084 mixtiffimos
1776 2064 1786 2081 ‚
1814 2036 1876 2074 ubi
1900 2036 2010 2074 etiam
2032 2036 2136 2085 rigore
2158 2048 2214 2074 re—

1169 2083 1325 2124 scribunt
1344 2086 1413 2124 viri
1434 2086 1547 2124 doen.
1574 2086 1835 2124 BuRMANNus.

1218 2134 1308 2174 '121.
1344 2142 1401 2173 At
1429 2150 1488 2174 nec
1513 2137 1660 2187 nupta.]
1690 2138 1843 2175 Mollius
1864 2136 1936 2181 est,
1967 2146 2006 2173 at
2033 2150 2075 2173 ne
2104 2146 2212 2187 nupta

1169 2185 1331 2236 quidem,
1359 2196 1400 2225 ut
1421 2188 1470 2225 est
1494 2188 1532 2226 in
1552 2187 1846 2226 Francofurtenfi
1869 2188 1908 2225 ὅ(
1929 2188 2090 2236 plurimis
2111 2189 2210 2234 aliis,

1168 2249 1240 2275 nec
1257 2250 1336 2276 non
1355 2238 1393 2275 in
1415 2239 1564 2276 vetustis
1584 2239 1804 2277 editionibus
1826 2238 1872 2276 ali
1900 2246 1978 2276 uot.
2006 2238 2135 2275 BURM.

1224 2301 1302 2336 124.
1329 2289 1392 2325 Sed
1415 2288 1474 2326 ille
1490 2289 1579 2336 fuit.
1601 2289 1617 2339 ]
1656 2296 1736 2328 Non
1763 2303 1815 2338 ego
1837 2288 1885 2326 tol
1901 2289 1980 2325 endi
1997 2289 2127 2338 cauſju,
2147 2287 2210 2336 sed

1165 2338 1247 2384 ille,
1266 2341 1336 2387 fui.
1365 2340 1523 2378 malebat
1550 2340 1732 2379 Francius.
1758 2348 1799 2378 ut
1822 2339 1928 2388 Epist.
1952 2352 2039 2377 vm.
2069 2352 2126 2385 41.
2156 2343 2209 2377 Tu

1166 2391 1278 2435 mihi,
1308 2391 1399 2441 quod
1415 2392 1524 2428 matri
1537 2400 1637 2440 pater
1650 2420 1661 2436 ,
1688 2406 1730 2429 es.
1758 2391 1817 2429 sed
1839 2402 1965 2440 parum
1984 2390 2103 2427 refert.

1222 2443 1300 2480 126.
1330 2449 1372 2479 In
1387 2442 1496 2479 medio
1515 2442 1633 2491 nixu]
1657 2442 1746 2491 Nisu
1764 2443 1968 2479 Puteaneus
1989 2441 2025 2476 &
2047 2439 2106 2477 aiii
2127 2450 2207 2477 me-

1163 2491 1285 2531 liores.
1318 2505 1448 2542 parum
1479 2493 1599 2531 refert.
1634 2492 1683 2531 fic
1713 2494 1751 2530 ὃς
1791 2492 1852 2530 lib.
1886 2503 1922 2529 v.
1959 2489 2092 2529 Pastor.
2125 2501 2205 2537 171.

1164 2545 1318 2593 quidum
1338 2552 1500 2582 veteres:

1217 2602 1320 2632 Hunc
1330 2593 1430 2644 stirps
1448 2593 1575 2630 Oceani
1594 2592 1745 2631 maturis
1762 2589 1888 2641 nisibus
1913 2589 2054 2628 Aethra

1217 2646 1352 2683 Edidit.

1165 2695 1369 2734 Metamor.
1394 2708 1449 2733 1x.
1467 2708 1552 2745 294.

1216 2747 1386 2784 Lucinam
1404 2747 1566 2797 nixosque
1578 2745 1655 2795 pari
1674 2744 1819 2783 clamore
1836 2742 2019 2782 vocabam.

1164 2796 1294 2846 Virgil.
1318 2810 1373 2835 1v.
1397 2799 1534 2846 Georg.
1558 2809 1639 2845 199.

1217 2854 1259 2884 In
1277 2854 1435 2884 Venerem
1443 2847 1593 2896 solvunt
1612 2856 1676 2883 aut
1686 2855 1811 2896 partus
1830 2843 1971 2883 nixibus
1988 2845 2108 2884 edunt.

1165 2898 1375 2936 Hismsrus.
1401 2897 1475 2936 vid.
1496 2898 1620 2935 Gifan.
1638 2896 1752 2935 Indic.
1776 2897 1924 2934 Lucret.

1220 2960 1298 2995 127.
1328 2955 1348 2985 Ι
1362 2961 1475 2992 nunc,
1494 2960 1537 2988 ω’
1552 2947 1707 2997 meriti.]
1738 2948 1867 2996 Scripti
1888 2946 2056 2985 nonnulli
2080 2945 2200 2982 imme-

1165 2999 1247 3044 riti,
1275 2999 1359 3042 vel,
1387 2999 1531 3036 emeriti.
1567 2999 1610 3036 In
1636 2998 1850 3048 quibusdam
1880 3007 1984 3036 vetus
2012 2997 2122 3034 leetio
2153 2996 2201 3050 est

1167 3050 1272 3088 erasa.
1299 3052 1478 3098 Excerpta
1504 3051 1619 3098 Jureti
1650 3052 1689 3087 ὃς
1721 3049 1968 3087 Helmaestad.
1999 3046 2049 3096 fic
2075 3056 2203 3085 meriti.

1162 3101 1369 3140 Puteaneus
1388 3101 1414 3137 ii
1432 3102 1548 3138 meriti
1567 3100 1587 3138 ἐι
1610 3113 1722 3138 manu
1742 3099 1869 3150 primu.
1898 3101 2021 3148 Lego:

1218 3159 1237 3189 Ι
1251 3166 1363 3197 nunc,
1392 3153 1426 3196 i,
1453 3152 1568 3189 meriti
1587 3151 1711 3188 leolum
1727 3165 1878 3189 reverere
1890 3149 2057 3201 parentis.

1164 3202 1274 3242 Trist.
1296 3204 1356 3242 lib.
1380 3216 1410 3241 1.
1430 3203 1485 3241 Ei.
1512 3217 1542 3242 1.

1218 3261 1238 3294 1
1253 3265 1394 3301 tamen,
1419 3254 1431 3301 i
1446 3264 1507 3305 pro
1525 3268 1580 3293 me
1595 3265 1636 3293 tu
1647 3282 1660 3301 ,
1688 3254 1741 3342 σέ
1757 3253 1858 3300 licet,
1884 3250 1987 3300 aspice
2002 3254 2180 3339 Romam&

1765 3317 1786 3341 2
2170 3309 2207 3338 lc
