2553 3676
737 195 1386 253 HEROIDES.

1459 218 1491 254 E
1528 219 1572 255 P.
1647 223 1702 260 11.

417 298 494 353 At
517 293 554 349 fi
576 290 750 347 nostra
774 303 870 345 tuo
893 290 1222 363 spumescant
1247 309 1478 366 aequora
1501 311 1683 361 rem0‚

482 367 600 436 Jam
623 364 780 429 mihi,
817 365 924 435 jam
949 363 1095 418 dicar
1120 365 1430 420 consuluisse
1454 367 1601 421 meis.

414 437 520 493 Sed
545 455 721 517 neque
746 436 1011 491 consului:
1056 455 1157 492 nec
1184 450 1240 491 te
1262 455 1382 492 mea
1404 440 1550 510 regia
1575 452 1788 514 tanget,

308 531 374 584 90

480 510 694 564 Fessave
719 508 953 564 Bistonia
977 509 1216 564 membra
1240 510 1432 565 lavabis
1456 529 1606 586 aqua.

408 582 496 637 Illa
519 582 651 636 meis
675 583 842 636 oculis
867 582 1067 654 species
1091 582 1331 638 abeuntis
1355 583 1624 648 inhaeret,

481 653 627 708 Cum
648 668 919 727 premeret
941 668 1128 728 portus
1153 655 1318 711 claffis
1343 657 1482 711 itura
1506 674 1673 712 meos,

410 726 584 782 Ausus
610 745 664 781 63
689 727 960 800 3111016611,
997 729 1249 802 colloque
1270 729 1469 784 infusus
1493 730 1715 784 amantis

480 799 673 856 Oscula
693 818 790 874 per
813 802 994 874 longas
1013 800 1237 875 jungere
1259 802 1426 875 pressa
1461 820 1665 859 moras:

123 995 207 1041 '²73-
227 990 265 1029 &
285 1002 337 1029 rv.
359 1001 443 1041 329.
462 1002 515 1029 xv.
535 1001 582 1029 ex
602 990 711 1029 Pont.
735 1002 770 1027 v.
787 990 845 1028 26.
865 989 904 1028 &
924 990 973 1027 ita
994 1001 1039 1027 ex
1056 989 1164 1028 MSS.

118 1042 316 1092 legendum
329 1043 394 1081 inf.
406 1043 474 1092 Ep.
486 1053 669 1091 v.152.e9⁴
685 1054 708 1078 a
727 1040 833 1089 nostro
845 1041 985 1092 sczucius
997 1040 1071 1091 igne
1073 1041 1164 1088 fuit.

123 1095 162 1132 ὃ(
182 1106 215 1131 x.
246 1094 301 1131 16.
327 1107 349 1130 a
361 1094 481 1144 fhmno
498 1093 651 1130 turbida.
671 1092 735 1130 ubi
753 1091 851 1130 vide.
879 1092 1009 1130 melius
1027 1092 1166 1140 potuis-

120 1144 172 1182 set
200 1144 363 1183 Barthius
393 1144 670 1194 praepositionis
696 1143 804 1192 hujus
832 1142 1162 1192 significationem,

117 1207 232 1247 quam
255 1194 319 1244 ipsi
342 1195 510 1245 adfingit,
540 1207 585 1233 ex
615 1194 758 1244 aliquot
787 1193 898 1231 nostri
919 1194 1055 1231 Poetae
1072 1193 1164 1233 locis

119 1245 159 1284 in
178 1246 275 1284 libris
295 1245 484 1284 Fastorum
502 1246 681 1284 adstruere
695 1273 705 1289 ‚
733 1252 772 1281 ut
798 1255 829 1282 1.
847 1243 936 1281 Fast.
956 1255 1042 1291 711.

121 1345 155 1386 E
194 1327 201 1338 ,.
214 1303 318 1345 ,xl-laec
333 1298 397 1335 erit
414 1310 436 1333 a
455 1295 576 1348 menfis
584 1296 658 1346 fine
669 1295 822 1346 ftcunda
845 1294 929 1334 dies.

156 1355 171 1385 t
190 1347 236 1385 11'.
256 1347 340 1384 686.

165 1402 169 1405 ⁴
223 1403 344 1435 Sextus
361 1397 406 1434 ab
424 1408 574 1436 extremo
593 1396 736 1434 nomina
757 1396 868 1446 menfi’
885 1395 966 1434 dies.

119 1447 196 1486 Ubi
217 1450 313 1486 certe
336 1449 411 1494 dies
440 1457 524 1487 ante
548 1448 662 1486 finem
686 1447 817 1486 mensis
835 1447 1011 1486 secundus
1034 1447 1074 1485 &
1090 1446 1168 1485 sex-

120 1506 178 1537 tus
196 1498 329 1537 debent
349 1500 525 1549 intelligi,
550 1498 612 1537 sed
640 1500 678 1537 in
707 1498 774 1536 illis
802 1498 941 1536 diversa
956 1499 1075 1541 ratio;
1104 1498 1168 1536 ubi

121 1550 224 1588 enirn
251 1549 338 1589 licet
368 1562 561 1588 numerare
580 1549 643 1588 vel
658 1549 702 1587 ab
719 1549 796 1598 ipso
818 1549 877 1587 die
895 1549 940 1587 ad
960 1549 1074 1587 finem
1089 1576 1100 1593 ,
1128 1550 1167 1586 &

120 1599 209 1639 hinc
229 1599 296 1638 6111
314 1600 389 1638 dies
408 1601 612 1643 sextus,vel
629 1600 807 1637 secundus
824 1608 909 1636 ante
932 1599 1047 1637 finem
1062 1610 1170 1636 men-

121 1650 192 1693 fis,
219 1649 281 1688 vel
309 1647 488 1687 Calculum
520 1650 653 1687 ducere
681 1661 703 1685 a
734 1649 806 1685 fine
832 1649 964 1685 mensis
994 1649 1040 1685 ad
1068 1649 1168 1686 diem

125 1699 230 1746 illum
246 1727 256 1743 ,
268 1700 341 1751 qui)
352 1708 440 1737 tunc
461 1712 481 1737 a
498 1698 571 1737 fine
592 1700 658 1736 erit
677 1697 875 1742 secundus,
891 1706 931 1735 ut
951 1699 1000 1735 ita
1011 1698 1170 1747 primum

124 1750 165 1786 &
186 1749 354 1785 ultimum
379 1749 520 1787 diverso
538 1748 700 1796 respectu
717 1748 873 1784 dicimus
895 1748 1082 1784 eumdem.
1108 1749 1170 1787 sed

42 1828 47 1836 .
120 1798 212 1836 haec
232 1799 377 1851 longi-uls
394 1799 538 1836 abeunt.
567 1805 698 1834 Notare
718 1809 808 1834 vero
829 1794 900 1833 effe
917 1808 1089 1846 arguere,
1108 1809 1166 1834 re-

121 1846 381 1898 ptehendere,
396 1847 460 1886 vix
478 1860 570 1896 opus
588 1848 635 1885 est
652 1856 692 1885 ut
711 1847 909 1896 probemus
922 1875 933 1892 ,
962 1859 1047 1885 cum
1065 1849 1166 1886 Cen-

121 1899 217 1937 sores
231 1900 280 1937 113
295 1898 417 1948 notaffiae
436 1899 561 1948 paffim
576 1898 715 1936 constet
728 1898 930 1935 Senatores,
943 1910 980 1935 v.
993 1898 1168 1938 Gronov,

122 1949 170 1988 ad
190 1951 277 1988 Liv.
297 1962 424 1988 xxv11.
447 1963 505 1999 25.
531 1948 592 1986 secl
613 1948 749 1986 eodem
770 1948 888 1986 modo
905 1976 915 1994 ,
933 1956 974 1986 ut
990 1949 1051 1986 hic
1061 1951 1166 1995 fasta

123 2010 244 2037 notare
257 2029 267 2045 ,
280 2000 414 2039 Noster
433 2001 577 2039 locutus
597 2000 666 2044 est,
684 2000 752 2048 Ep.
771 2012 824 2037 xx.
844 2011 904 2037 20.
927 1999 963 2037 Si
980 2011 1045 2048 per
1060 2000 1168 2038 libra-

125 2052 200 2090 rios
218 2051 329 2095 licet;

231 2102 266 2138 si
283 2101 421 2138 macula
432 2100 541 2152 stupri
552 2102 654 2148 faffia
665 2100 782 2150 priora
803 2110 912 2138 notas.

123 2151 183 2189 Ut
199 2151 398 2202 legendum
425 2150 494 2190 effe
522 2153 584 2190 ubi
604 2151 831 2190 docebimus.
858 2162 999 2196 notare,
1026 2164 1094 2201 pro
1111 2153 1169 2191 in·-

124 2203 265 2240 famare
290 2203 523 2252 Propertium
555 2203 721 2252 usurpare
748 2202 859 2241 docet
887 2203 1169 2252 elegantiffimus

128 2252 374 2292 Broukhufius
395 2253 441 2291 ad
465 2254 527 2292 lib.
548 2267 613 2291 111.
642 2254 734 2303 eleg.
761 2267 796 2291 v.
825 2266 881 2303 52.
909 2267 1049 2303 arguere
1078 2254 1170 2292 dixit

128 2303 371 2355 Symmachus
387 2303 448 2342 lib.
472 2316 526 2343 11.
547 2305 616 2353 Ep.
633 2304 694 2342 28.
721 2309 862 2353 Argue,
889 2315 931 2341 ut
948 2305 1026 2350 vis,
1054 2319 1171 2342 rerum

129 2352 266 2404 consilia
284 2355 355 2405 post
379 2355 512 2392 exitum
525 2383 534 2399 ‚
561 2368 605 2395 <9⁴
623 2355 711 2392 mihi
730 2355 818 2392 vitio
838 2365 957 2400 verte,
985 2355 1076 2404 quod
1094 2369 1172 2392 con-

127 2414 296 2454 temptum
307 2406 365 2455 sui
383 2407 601 2451 Praefeffifura
621 2405 796 2456 conquesta
824 2406 878 2454 est.
906 2406 1019 2443 Facile
1035 2406 1172 2455 acetosa-

127 2465 189 2492 tur
205 2456 351 2505 defirtus
368 2456 512 2494 auxilio.
531 2457 591 2495 ubi
604 2457 703 2506 plura
721 2456 767 2495 ad
785 2469 876 2495 rem.
893 2457 968 2495 1106
986 2468 1074 2506 ergo
1093 2459 1172 2496 vult

130 2505 285 2555 Phyllis,
305 2507 430 2545 stultos
455 2505 525 2544 effe
538 2536 547 2551 ‚
575 2509 614 2545 ὅ(
632 2507 763 2556 dignos
777 2535 787 2552 ‚
814 2508 943 2557 quibus
962 2520 1170 2557 numquam

130 2567 186 2593 res
202 2557 273 2594 ulla
290 2557 383 2594 06116
404 2558 571 2602 eveniat,
599 2559 663 2607 qui
684 2558 762 2606 post
783 2567 962 2601 eventum
980 2558 1169 2607 judicant,

131 2605 195 2644 sed
215 2607 389 2656 sapientes
406 2608 517 2657 ipsam
536 2621 614 2646 rem
643 2608 881 2658 perpendere.
905 2611 955 2648 ita
978 2609 1170 2649 Claudian.

133 2667 180 2702 11.
200 2657 240 2695 in
258 2658 413 2708 Eutrop.
428 2659 513 2705 488.

456 2716 526 2746 Nec
538 2710 618 2758 jam
638 2709 826 2747 revocabile
842 2709 1016 2749 damnum

238 2763 380 2796 Eventu
401 2773 515 2796 rerum
523 2760 643 2808 stolido
662 2761 807 2798 didicere
823 2761 993 2810 magistra
1045 2762 1173 2801 Bunm.

161 2855 168 2861 ·
191 2806 249 2853 87.
276 2815 330 2846 At
340 2808 374 2858 fi
391 2810 542 2859 nostra]
568 2811 673 2849 Nihil
689 2820 786 2849 certe
803 2813 872 2849 tuti
887 2813 1059 2860 supererit
1079 2814 1175 2850 Poe-

143 2860 188 2911 tis
201 2884 211 2899 ,
226 2858 252 2895 fi
269 2870 311 2896 ex
331 2860 384 2897 his
402 2873 553 2910 quoque
569 2862 685 2899 verbis
705 2862 874 2900 obscaeni
892 2863 1029 2912 aliquid
1049 2865 1087 2900 &
1108 2875 1175 2910 ve-

144 2909 245 2959 nerei
257 2907 361 2961 liceat
380 2911 583 2959 exsculpere
597 2940 605 2955 ‚
617 2920 657 2949 ut
676 2913 762 2950 fecit
781 2913 960 2962 Mariang.
981 2913 1174 2951 Accursius

144 2966 185 2991 111
216 2955 381 2995 Diatribis
416 2961 462 2998 ad
490 2961 550 2999 lib.
579 2974 632 2999 1v.
668 2964 824 3000 Metam.
851 2975 918 3012 pro
937 2963 1173 3013 spumescant,

143 3005 322 3091 gmescant
348 3008 395 3045 est
420 3011 457 3048 in
483 3012 644 3062 editione
672 3014 849 3064 principe.
877 3023 918 3054 ut
942 3017 1011 3064 Ep.
1029 3028 1094 3053 111.
1116 3015 1175 3064 65.

178 3067 402 3094 URMANNUS.

201 3105 260 3153 89.
280 3112 310 3141 T
307 3106 434 3156 angit.]
448 3096 572 3157 Tanget
580 3119 648 3149 tres
658 3113 749 3152 libri.
761 3104 866 3165 quod
875 3115 1017 3155 arridet.
1031 3117 1176 3154 Herus.

2005 893 2071 945 95
2097 877 2265 935 Cum-

1221 989 1292 1028 Sed
1314 991 1376 1030 hic
1392 991 1525 1043 sequor
1542 991 1756 1031 Heinsium.
1777 988 1908 1030 diffidit
1927 990 2027 1030 enim
2042 992 2121 1041 jam
2143 992 2267 1031 Puella

1219 1042 1258 1079 ὅ(
1278 1042 1439 1092 desperat
1460 1043 1505 1081 de
1523 1044 1657 1082 reditu.
1683 1044 1815 1081 Euam.

1269 1105 1332 1142 90.
1358 1094 1515 1145 Fessaque
1532 1094 1683 1142 Bistonia
1709 1092 1865 1133 membra
1888 1091 2027 1130 lavabis
2043 1092 2178 1144 aquas}
2207 1094 2266 1131 Sic

1219 1144 1373 1193 quidem
1393 1157 1525 1183 omnes
1545 1146 1684 1195 legunt.
1712 1146 1751 1183 ὅ(
1768 1143 1907 1182 3(16111111
1926 1145 2267 1188 Commentatores,

1219 1197 1458 1244 negationem
1482 1194 1553 1234 effe
1573 1195 1848 1245 intelligendam
1862 1224 1872 1240 ,
1902 1203 1940 1233 ut
1960 1194 2001 1232 111
2018 1195 2133 1232 sensus
2146 1223 2156 1238 ‚
2185 1195 2267 1232 Nec

1217 1245 1353 1284 lavabis
1374 1247 1539 1285 membra
1558 1258 1651 1296 aqu-a
1670 1246 1840 1284 Bistonia.
1858 1247 1940 1295 Ego
1960 1258 2051 1283 vero
2066 1244 2267 1294 legendum

1222 1296 1354 1334 censeo
1377 1326 1394 1341 ‚.
1424 1298 1560 1347 Feffave
1584 1297 1735 1345 Bistonia
1760 1325 1770 1340 ‚
1808 1299 1878 1334 &c
1908 1308 1971 1346 per
2007 1295 2267 1345 disjunctivam

1221 1348 1451 1395 particulam,
1464 1361 1541 1399 quo
1563 1348 1672 1396 paeto
1691 1348 1783 1386 nihil
1799 1346 2041 1397 supplendum
2062 1348 2100 1384 in
2123 1345 2269 1395 exposi-

1223 1398 1329 1435 tione
1361 1401 1439 1437 erit.
1495 1400 1596 1437 Nam
1625 1398 1867 1448 disjunctivae
1902 1397 2160 1446 negationibus
2188 1396 2273 1433 sub-

1217 1447 1341 1496 jeftae
1354 1478 1364 1495 ,
1391 1450 1504 1488 etiam
1528 1449 1622 1499 ipsae
1641 1449 1800 1498 negandi
1819 1450 1897 1487 vim
1916 1449 2063 1486 habent.
2092 1449 2272 1485 chur..

1223 1498 1360 1548 Feffave
1383 1501 1536 1549 praestat
1555 1529 1566 1546 ‚
1605 1508 1646 1538 ut
1676 1500 1756 1549 post
1792 1501 2004 1549 negativam
2042 1511 2101 1535 nec
2128 1498 2270 1546 semper

1223 1548 1452 1590 scribendum
1475 1550 1545 1589 effe
1563 1560 1668 1601 puto.
1686 1563 1722 1588 v.
1743 1550 1861 1588 Bentl.
1882 1550 1927 1588 ad
1947 1550 2081 1588 Horat.
2097 1549 2166 1598 Ep.
2187 1559 2272 1587 xv1.

1223 1611 1260 1637 v.
1281 1601 1316 1638 6.
1334 1603 1373 1640 δί
1399 1615 1429 1641 1.
1453 1603 1524 1640 Sat.
1543 1614 1597 1639 VI.
1615 1601 1676 1639 68.
1702 1602 1968 1639 BURMANNUS.

1275 1663 1337 1700 91.
1363 1652 1541 1690 Abeuntis
1557 1651 1750 1702 inhaere&
1774 1653 1827 1689 Ita
1839 1651 2037 1701 legendum
2049 1651 2201 1699 Ep.v11.
2212 1649 2273 1689 26.

1326 1708 1465 1740 Aeneas
1481 1702 1585 1740 oculis
1593 1703 1725 1752 semper
1746 1702 1931 1750 vigilantis
1947 1701 2116 1739 inhaeret.

1224 1748 1273 1786 Et
1293 1751 1405 1789 Trist.
1426 1765 1480 1790 1v.
1501 1765 1565 1790 111.
1588 1765 1645 1799 19.
1665 1765 1710 1789 ex
1727 1754 1834 1789 MSS.

1329 1801 1489 1838 Vultibus
1503 1802 1567 1838 illa
1585 1801 1656 1838 tuis
1672 1811 1858 1852 tamquam
1870 1800 2059 1851 praesentis
2077 1799 2247 1838 inhaeret.

1221 1850 1373 1890 Rectius
1413 1853 1525 1890 etiam
1561 1853 1764 1901 legeretur,
1791 1851 1856 1888 illa
1892 1852 1976 1889 meis
2005 1851 2127 1900 species
2155 1851 2272 1891 oculis.

1221 1902 1435 1940 Hirrusrus.
1460 1903 1558 1941 Vell.
1576 1904 1691 1940 Pater.
1713 1915 1758 1940 11.
1778 1914 1835 1952 37.
1860 1909 1949 1939 Pene
1960 1902 2072 1951 stulta
2090 1901 2133 1951 est
2148 1901 2272 1940 inhae-

1220 1953 1376 1990 rentium
1392 1953 1496 1990 oculis
1512 1953 1726 2003 ingeniorum
1744 1953 1970 1991 enumeratio.

1273 2015 1333 2052 92.
1381 2010 1485 2042 Meos.
1504 2004 1519 2056 ]
1576 2004 1688 2042 MSS.
1726 2005 1875 2054 plurimi
1920 2014 2007 2043 tuos.
2050 2004 2147 2042 forte
2179 2004 2276 2053 ficos:

1223 2055 1435 2093 Hfi1us1us.

1274 2117 1337 2154 93.
1364 2104 1575 2154 Amantis.]
1605 2105 1762 2142 Amanti
1781 2105 2013 2156 conjeceram
2034 2119 2045 2148 ;
2085 2112 2195 2155 atque
2222 2105 2271 2142 ita

1224 2156 1432 2194 chartaceus
1452 2156 1660 2194 Voffianus.
1678 2158 1774 2195 Met.
1793 2170 1849 2195 xx.
1866 2157 1952 2195 602.
1979 2165 2020 2195 ut
2040 2155 2270 2194 scribendum

1252 2216 1316 2245 uto
1334 2220 1342 2244 :

1224 2219 1248 2256 p
1328 2256 1465 2306 Vidifflet
1480 2257 1674 2306 lacrymas,
1702 2257 1827 2295 vidtus
1841 2256 1978 2308 vidiffet
1996 2266 2167 2295 amantes.

1228 2309 1369 2346 Contra
1388 2307 1478 2345 Fast.
1497 2320 1552 2346 vr.

1493 2359 1617 2396 Vultus
1634 2359 1811 2397 velamine
1827 2359 1914 2397 celat
1931 2368 2077 2397 amatos.

1226 2408 1388 2459 Epistola
1406 2409 1530 2447 Herus
1545 2423 1553 2448 :

1332 2467 1521 2510 Lacrymae
1530 2469 1592 2510 per
1609 2460 1772 2498 amantia
1791 2460 1928 2498 lumina
1947 2467 2110 2497 manant.

1226 2511 1315 2550 Fast.
1334 2524 1388 2549 v1.
1658 2540 1661 2543 .

1278 2563 1370 2599 Huic
1384 2560 1514 2613 aliquis
1524 2563 1699 2610 juvenum
1718 2559 1850 2609 dixiffiet
1869 2560 2032 2597 amantia
2049 2557 2168 2596 verba.

1227 2612 1332 2650 fic&
1350 2612 1412 2650 lib.
1435 2625 1465 2649 1.
1485 2613 1642 2650 Metam.
1669 2611 1804 2648 Fabula
1825 2611 1999 2659 Daphnes
2018 2609 2272 2658 scribendumg

1227 2673 1382 2715 tergoque
1390 2662 1512 2712 fiegaci
1536 2662 1710 2700 Imminet.
1728 2674 1806 2699 non
1817 2662 1966 2710 fltgacis.
1981 2661 2043 2700 lib.
2062 2673 2116 2700 1x.

1329 2748 1393 2759 —
1409 2726 1660 2777 —Fugientia
1680 2737 1772 2775 terga
1782 2725 1917 2776 sagitta

1333 2779 1492 2829 Trajicit.

1230 2831 1268 2870 ὅ(
1284 2830 1345 2868 110.
1368 2843 1441 2868 vix.
1461 2828 1544 2867 Fab.
1562 2828 1684 2866 Peliae
1705 2839 1750 2865 ex
1768 2827 1925 2876 antiquis
1942 2826 2062 2865 libris:

1280 2894 1521 2945 suspenditque
1539 2893 1673 2930 animos
1684 2892 1772 2941 βέἷιι
1784 2892 1964 2942 gravitate
1986 2901 2153 2941 rogantes.

1230 2974 1316 3000 cum
1342 2972 1441 2998 nunc
1467 2959 1744 2997 circumferatur
1770 2969 1966 3007 rogantum.
1997 2957 2045 2995 fic
2075 2959 2114 2995 ὅ(
2133 2956 2274 2994 oranti-³

1230 3011 1385 3050 brachia.
1411 3012 1520 3048 Pont.
1538 3023 1583 3047 11.
1612 3010 1667 3047 El.
1688 3023 1740 3046 rx.
1769 3009 1977 3046 Hrmsms.

1282 3075 1340 3112 94.
1354 3061 1508 3112 Oscula.]
1523 3061 1674 3098 Moreti.
1686 3061 1841 3108 Jungere
1857 3068 1915 3108 per
1932 3060 2047 3108 longas
2060 3055 2151 3106 basia
2163 3055 2271 3112 preffiz

1230 3127 1355 3151 moras.
1382 3113 1443 3151 sed
1467 3124 1487 3150 a
1504 3123 1600 3149 voce
1619 3108 1711 3159 bafia
1730 3111 1884 3148 studiose
1901 3110 2065 3147 abstinuit
2090 3107 2246 3144 Ovidius
2259 3134 2272 3152 ‚

147 3157 274 3204 Tangit
304 3156 483 3194 editiones
511 3161 641 3206 priscae
668 3165 706 3201 ὅ(
731 3166 850 3216 scripti
875 3168 949 3205 fere
968 3179 1110 3206 omnes.
1137 3176 1178 3206 ut
1233 3177 1356 3214 neque
1385 3166 1420 3202 in
1450 3163 1621 3200 omnibus
1643 3163 1719 3210 ejus
1746 3161 1913 3210 operibus
1940 3160 1997 3196 vel
2015 3159 2122 3195 semel
2141 3169 2272 3194 occur-

148 3206 188 3244 &
205 3207 270 3244 inf.
292 3207 358 3255 Ep.
382 3220 416 3244 v.
438 3207 497 3264 81.
698 3253 702 3259 Δ
946 3250 952 3254 .

248 3262 332 3297 Non
347 3270 399 3308 ego
415 3272 521 3297 miror
537 3269 626 3310 opes,
653 3275 710 3300 nec
727 3278 779 3304 me
797 3277 860 3306 tua
874 3268 965 3319 regia
979 3270 1109 3320 tangit.

1235 3217 1302 3259 rit,
1320 3215 1388 3252 nisi
1406 3214 1571 3263 nequitia
1590 3213 1817 3250 librariorum
1831 3211 1913 3259 ,qui
1933 3221 2012 3246 eam
2031 3207 2149 3257 osculis
2165 3208 2270 3257 saepe

1237 3266 1362 3318 ejectis
1378 3265 1643 3306 substituerunt.
1667 3271 1708 3303 ut
1725 3275 1770 3311 11.
1788 3264 1919 3302 Amor,
1936 3272 1971 3300 ν.
1989 3270 2050 3310 23.
2120 3307 2282 3358 Improba
