2553 3676
653 178 1186 243 AMO'R-UM
1257 201 1430 240 LIB.

1509 186 1606 240 111.

2162 206 2183 236 Ι)

1686 208 1763 244 12.
2126 207 2154 256 5-

375 275 480 331 Per
502 294 601 331 nos
628 276 830 345 Scylla,
858 269 993 340 patri
1019 284 1178 321 canos
1204 270 1372 323 furata
1400 273 1638 344 capillos,

452 348 599 402 Pube
622 343 815 415 premit
839 340 1052 394 rabidos
1076 340 1484 413 inguinibusque
1509 364 1678 400 canes,

377 421 490 474 Nos
514 416 734 488 pedibus
762 430 956 484 penna-s
981 411 1254 475 dedimus,
1292 430 1388 465 nos
1412 416 1641 471 crinibus
1667 436 1876 491 angues,

369 536 388 555 A

449 487 638 543 Victor
666 485 990 539 Abantiades
1016 485 1136 538 alite
1160 484 1512 565 ferturequo

264 579 330 630 25
366 561 516 616 Idem
541 576 636 639 per
658 558 881 629 spatium
906 557 1116 638 Tityon
1141 574 1475 628 porreximus
1499 558 1709 628 ingens:

84 984 231 1031 misse,
258 994 298 1025 ut
325 987 468 1026 Servius
492 991 554 1028 ait.
583 990 765 1030 Munus.
792 990 921 1028 Multis
937 990 1115 1028 hocloco

85 1037 270 1076 contendit
292 1038 579 1078 Commentator
597 1069 607 1084 ‚
643 1054 720 1080 non
745 1043 790 1080 de
810 1042 937 1079 Perseo
955 1070 965 1087 ‚
991 1041 1051 1079 sed
1071 1041 1117 1079 de

81 1086 360 1135 Bellerophonte
382 1091 481 1128 hunc
506 1091 647 1128 versum
674 1092 953 1142 accipiendum:
981 1092 1118 1140 ipsum-

80 1149 150 1189 que
160 1137 483 1188 Bellerophontem
504 1150 682 1190 nepotem
703 1152 813 1181 vocat
829 1143 981 1180 Abantis
999 1143 1118 1191 cujus-

2 1221 14 1234 ,,
80 1188 185 1232 dam,
213 1192 276 1238 qui
302 1190 343 1229 sit
365 1191 522 1229 diversus
547 1193 590 1229 ab
620 1205 688 1237 eo,
717 1207 762 1232 ex
783 1194 885 1241 cujus
903 1205 1036 1241 genere
1054 1193 1117 1230 de-

1 1238 14 1282 ,Ϊ
77 1238 213 1277 scendit
231 1241 384 1279 Perseus.
411 1242 494 1291 Ego
514 1241 606 1280 vero
620 1271 629 1286 ,
651 1253 691 1281 ut
714 1243 876 1281 maxime
897 1242 1116 1287 concedam,

3 1296 5 1305 ¹
76 1289 243 1328 Perseum
272 1292 406 1340 Pegaso
442 1305 540 1343 equo
573 1305 754 1343 nusquam
786 1293 937 1332 vectum
970 1294 1118 1342 (quan-

75 1350 187 1388 quam
211 1342 393 1380 diversum
415 1344 504 1381 huic
530 1345 641 1381 etiam
662 1345 855 1383 exnostris
873 1343 1023 1393 quidam
1045 1352 1117 1381 tra-

2 1395 16 1440 2t
75 1390 222 1438 didere)
248 1391 573 1442 Bellerophontem
599 1404 726 1434 tamen
755 1395 996 1433 Abantiadem
1020 1394 1115 1439 dici,

14 1450 17 1479 ί·
75 1451 160 1480 non.
184 1443 288 1479 facile
321 1443 515 1482 dederim:
556 1446 705 1494 quando
744 1447 820 1494 ejus
855 1446 1116 1495 genealogiae,

0 1520 17 1541 Ι.
75 1501 168 1540 quae
196 1493 256 1530 hic
283 1492 303 1530 a
334 1496 644 1534 Commentatore
672 1496 844 1540 affertur,
872 1496 1013 1533 nullum
1037 1507 1115 1532 cer-

0 1547 1 1551 ’
52 1569 54 1571 >
75 1548 153 1579 tum
173 1552 271 1581 extat
292 1545 558 1584 testimonium.
585 1548 633 1584 Et
660 1547 788 1586 contra
813 1548 1001 1584 Homerus
1025 1558 1116 1584 61111ς

10 1597 13 1607 '
79 1590 160 1630 dem
188 1593 512 1643 Bellerophontem
536 1625 546 1641 ,
589 1598 720 1636 Glauci
751 1598 936 1635 Corinthii
973 1596 1114 1640 filium,

7 1644 11 1686 ᾗ
72 1641 213 1692 Sisyphi
232 1654 409 1693 nepotem
429 1647 539 1684 dicit:
567 1648 774 1696 praesertim
803 1647 951 1697 quando
972 1647 1114 1684 Perseus

12 1735 13 1738 Ἴ
73 1692 266 1731 Medusam
297 1696 457 1740 occidit,
485 1709 531 1734 ex
558 1699 658 1747 cujus
680 1699 850 1748 sanguine
876 1698 1025 1747 Pegasus
1050 1710 1113 1735 na-

10 1789 15 1795 .
73 1751 128 1781 tus
149 1743 169 1781 a
190 1746 405 1793 quibusdam
425 1749 587 1786 traditur.
614 1749 733 1797 Quod
755 1749 781 1787 fi
801 1757 925 1787 autem
947 1748 1114 1785 coactam

10 1805 16 1811 ·
75 1793 113 1831 &
142 1795 250 1833 anxie
276 1797 476 1845 quaesitam
503 1800 772 1847 expositionem
801 1800 993 1837 admittere
1021 1799 1113 1836 veli—

13 1889 23 1895 ..
76 1854 176 1889 mus,
202 1846 263 1883 hic
282 1847 384 1884 locus
411 1849 522 1885 etiam
544 1850 592 1886 ita
615 1852 752 1897 exponi
772 1850 909 1898 potest:
941 1849 1116 1886 Abantia-

19 1902 24 1933 l
75 1893 135 1933 des
154 1895 273 1934 victor
292 1898 427 1941 fertur,
456 1898 492 1936 id
514 1899 562 1936 est
581 1900 751 1937 tractatur
766 1929 776 1944 ,
805 1900 879 1937 five
901 1899 1114 1944 celebratur,

75 1957 172 1995 equo
192 1947 275 1984 alite
289 1976 299 1992 ‚
326 1949 400 1985 hoc
420 1949 490 1993 est,
519 1950 605 1998 quia
627 1962 672 1987 ex
691 1962 732 1987 ea
754 1950 864 1988 caede
880 1977 890 1994 ,
910 1962 1021 1999 quam
1042 1951 1114 2000 ipse

0 1990 25 2051 11
74 1998 316 2045 perpetravit,
345 2010 458 2047 equus
480 1999 551 2036 ales
578 1999 652 2038 five
671 2001 784 2038 alatus
806 2009 1014 2049 procreatus
1034 2001 1115 2038 fuc-

0 2054 26 2101 {l
73 2047 130 2085 rit.
159 2047 228 2084 Sed
252 2049 333 2097 quis
360 2050 445 2094 scit,
473 2061 519 2086 an
539 2050 621 2088 alibi
648 2051 745 2099 apud
768 2053 929 2089 Graecos
951 2052 1016 2097 (ut
1035 2052 1115 2089 fue-

0 2098 27 2145 111
73 2106 158 2134 runt
187 2099 285 2135 varia
317 2099 392 2146 ejus
428 2101 543 2148 gentis
572 2102 751 2150 ingenia)
786 2102 924 2139 lectum
954 2102 1062 2138 fuerit
1093 2101 1113 2138 a

0 2148 28 2197 '5⁸3
74 2147 216 2191 Poe'ta,
240 2148 405 2186 Perseum
438 2151 533 2187 alato
565 2162 663 2199 equo
696 2151 770 2188 five
797 2151 931 2199 Pegaso
964 2151 1115 2188 vectum

0 2195 30 2247 *ἶ
76 2196 176 2235 esse?
205 2199 306 2236 Nam
330 2200 368 2236 ὃ(
396 2199 587 2238 Boccatius
615 2201 661 2239 de
688 2202 815 2239 Perseo
838 2201 938 2238 idem
960 2209 1118 2239 annota-

27 2264 29 2299 3
77 2248 130 2286 vit
150 2262 158 2285 :
194 2249 259 2286 nifi
280 2249 382 2298 quod
404 2260 542 2288 certum
566 2260 733 2289 autorem
756 2253 832 2301 ejus
861 2253 913 2289 rei
932 2263 1010 2288 non
1029 2252 1117 2288 alle-

20 2304 31 2350 Ι1
77 2306 145 2347 gat.
166 2300 388 2338 Mrcrrrus.
417 2301 576 2338 Huetius
601 2302 638 2339 in
662 2303 758 2340 notis
777 2303 820 2340 ad
843 2303 1115 2351 Epigrammata

18 2352 33 2427 11
80 2348 215 2405 (J‘raeca
239 2350 300 2387 lib.
336 2363 365 2388 1.
389 2362 469 2400 pag.
501 2363 534 2400 3.
561 2361 661 2400 putat
682 2353 866 2390 Ovidium
887 2354 946 2390 hic
966 2365 1116 2390 memo-

21 2429 27 2439 .
77 2410 127 2438 na
151 2400 287 2448 lapsum
303 2429 312 2445 ‚
342 2401 583 2439 Abantiadem
604 2415 739 2440 vocare
764 2404 1086 2451 Bellerophontem
1104 2432 1116 2448 ‚

29 2428 34 2488 1
79 2461 165 2487 cum
183 2451 300 2488 nullus
318 2451 413 2488 Abas
434 2453 526 2489 inter
545 2454 620 2500 ejus
652 2455 807 2502 majores
837 2455 1010 2491 referatur
1024 2482 1034 2498 ,
1054 2454 1115 2491 scd

27 2500 36 2551 q'
79 2500 173 2538 inter
200 2501 326 2538 Persei.
362 2503 446 2550 quia
476 2502 593 2539 nullus
622 2504 820 2540 Poetarum
851 2504 1022 2551 Pegasum
1055 2505 1115 2542 dat

77 2549 206 2588 Perseo
226 2579 235 2595 ,
271 2551 331 2588 sed
358 2563 488 2589 omnes
514 2563 590 2589 uno
618 2565 681 2590 ore
698 2553 985 2601 Bellerophonti.
1016 2554 1116 2591 Hinc

81 2602 165 2649 quia
192 2601 365 2650 Pegasum
395 2603 532 2639 Poetae
560 2602 701 2652 fingunt
724 2613 848 2641 natum
873 2615 918 2640 ex
944 2603 1114 2651 sanguine

81 2651 275 2696 Medusae,
304 2664 387 2688 cum
417 2652 480 2700 ipli
508 2662 615 2700 caput
633 2666 651 2691 a
674 2654 802 2691 Perseo
821 2652 905 2690 esset
925 2654 1114 2691 resectum.

11 2702 39 2746 s·
79 2700 189 2748 (vide
216 2702 286 2739 late
312 2703 445 2739 Tzetz.
469 2702 513 2740 ad
542 2704 733 2751 Lycophr.
763 2704 940 2741 Alexand.
966 2717 1001 2741 v.
1029 2709 1111 2750 17.)

11 2752 40 2802 ‚li
79 2751 177 2789 retste
197 2751 282 2788 dicit
309 2764 393 2789 611111
423 2753 603 2790 victorem
624 2755 756 2802 Pegaso
775 2754 921 2792 vectum
944 2754 1114 2792 remeaffe

0 2789 27 2853 111
80 2802 119 2839 111
144 2802 307 2848 patriam.
335 2803 504 2850 Pegasum
537 2805 702 2852 Neptuni
733 2806 770 2840 &
799 2805 973 2842 Medusae
998 2805 1113 2843 filium

0 2854 28 2943 pv
81 2852 169 2889 facit
199 2850 298 2887 Statii
326 2851 532 2890 S'choliastes
556 2854 600 2891 ad
620 2867 690 2892 vri.
711 2855 834 2891 Theb.
854 2854 938 2903 338.
966 2856 1049 2892 vrde
1070 2857 1116 2894 ad

12 2898 25 2935 l
81 2912 136 2938 vr.
157 2901 405 2948 Metamorph.
430 2915 507 2951 119,
530 2904 651 2952 postea
671 2905 831 2942 inserviit
849 2907 909 2942 hic
929 2917 1041 2953 equus
1056 2934 1065 2949 ,
1094 2919 1113 2944 a

18 2495 25 2511 ί

0 2952 43 2993 ι
83 2951 165 2989 Diis
200 2948 320 2986 milsus
342 2978 353 2993 ‚
396 2952 679 3001 Bellerophonti.
713 2956 821 2992 altera
862 2957 1113 3004 interpretatio

42 3015 44 3018 ’
83 3001 247 3049 Micyni,
276 3012 385 3049 quam
416 3002 453 3037 ὃ(
479 3003 615 3041 Marius
639 3005 768 3049 habet,
797 3018 867 3055 qua
881 3009 999 3052 fertur
1018 3008 1114 3054 capi-

26 3048 45 3089 ,l
85 3058 141 3088 tur
168 3063 234 3099 pro
267 3051 461 3087 celebratur
489 3063 507 3087 a
529 3055 631 3090 nobis
651 3056 794 3099 Poetis,
823 3057 949 3094 coacta
969 3058 1006 3093 ὃς
1027 3057 1113 3094 dura

87 3101 157 3146 est,
182 3113 303 3149 neque
335 3108 424 3148 puto
457 3101 611 3138 Poetam
635 3110 708 3140 tam
737 3107 905 3155 ambigue
934 3108 1113 3145 locutum.

4 3127 7 3203 1
88 3161 170 3188 nam
199 3152 277 3199 quis
305 3151 395 3187 haec.
428 3150 550 3199 legens
585 3163 662 3188 non
701 3156 968 3204 conjungeret,
997 3160 1115 3205 fertur

89 3213 184 3248 equo,
199 3204 236 3238 &
254 3201 468 3249 intelligeret
484 3210 684 3249 ‚portatur?
703 3203 740 3238 &
759 3215 835 3240 non
856 3207 890 3243 in
912 3218 958 3244 eo
977 3210 1113 3245 mirum

48 3277 49 3280 ,
88 3249 170 3292 illud
197 3261 384 3301 quaereret
410 3278 421 3298 ,
466 3251 568 3301 quod
600 3263 620 3290 a
648 3252 769 3303 Poetis
796 3263 940 3294 canatur
957 3284 969 3303 ,
1015 3259 1118 3307 quod

444 631 516 684 Et
540 644 637 684 tria
662 631 881 701 vipereo
907 630 1130 683 fecimus
1156 648 1248 684 ora
1272 631 1403 684 cani.

370 703 616 757 Fecimus
642 700 954 756 Enceladon
977 702 1297 772 jaculantem
1321 703 1463 756 mille
1492 703 1696 759 lacertis
1714 726 1740 766 ς,-

443 775 742 846 Ambiguae
771 788 952 847 captos
976 775 1192 846 virginis
1219 793 1314 829 ore
1344 775 1511 830 virosa

1997 850 2222 909 Aeolios·

1171 988 1255 1028 alite
1280 1002 1379 1039 equo
1405 1000 1468 1039 per
1490 992 1572 1027 a'e‘ra
1599 989 1640 1027 fit
1670 989 1807 1027 venus.
1849 999 1960 1038 quare
1982 987 2211 1029 statuendum

1173 1040 1221 1077 est
1242 1069 1252 1085 ,
1287 1041 1411 1078 Persea
1443 1039 1616 1078 reducem
1653 1052 1672 1077 a
1700 1039 1876 1077 Medusae
1904 1038 2016 1076 caede
2035 1067 2045 1083 ‚
2080 1041 2214 1089 Pegaso

1172 1090 1373 1136 remeaffe,
1408 1091 1472 1140 qui
1504 1091 1627 1140 postea
1653 1103 1672 1128 a
1710 1091 1793 1128 Diis
1829 1087 1950 1127 missus
1982 1089 2030 1126 est
2056 1089 2218 1138 Bellero—3

1173 1143 1316 1190 phonti.
1341 1142 1607 1179 Romaanus.

1224 1205 1285 1238 27.
1304 1193 1456 1229 Fecimus
1469 1190 1714 1240 Enceladum]
1738 1190 1934 1228 Enceladon
1953 1191 2094 1228 Moreti
2113 1195 2228 1231 unusl-

1171 1242 1374 1280 Puteaneus
1390 1243 1580 1280 deficiebat
1599 1244 1672 1280 hoc
1690 1243 1790 1279 loco.
1812 1242 2025 1279 Heinsius.
2045 1242 2216 1281 Francos.

1173 1294 1283 1331 etiam
1302 1322 1312 1337 ‚
1340 1293 1547 1330 Enceladon.

1224 1343 1283 1381 28.
1312 1343 1507 1393 Ambiguae
1536 1353 1647 1393 captos
1673 1343 1820 1392 virginis
1846 1357 1899 1379 ore
1928 1342 2071 1392 viros.]
2110 1344 2217 1382 Haec

1169 1394 1317 1431 seorsim
1346 1396 1498 1442 accipio
1517 1395 1611 1432 dic‘ta
1625 1423 1634 1438 ‚
1664 1406 1742 1431 non
1767 1406 1851 1431 cum
1872 1394 2216 1443 [11116110111111311111Ἴ

1168 1443 1298 1493 genda.
1327 1445 1496 1493 Intelligo
1523 1454 1648 1482 autem
1670 1457 1735 1493 per
1758 1446 1856 1481 viros
1877 1453 2025 1493 captos,
2053 1444 2127 1481 five
2149 1444 2216 1481 defi

1170 1505 1294 1543 ceptos
1309 1523 1318 1538 ‚
1346 1496 1463 1532 socios
1486 1496 1620 1544 Ulyffis
1641 1509 1649 1533 :
1679 1508 1743 1543 per
1761 1507 1801 1532 os
1821 1495 1968 1543 virginis
1992 1494 2185 1543 ambiguae
2200 1523 2212 1540 ,

1169 1556 1317 1584 cantum
1347 1546 1514 1584 Sirenum
1537 1574 1546 1590 ‚
1580 1558 1674 1594 quae
1701 1546 1884 1593 superiore
1911 1545 1961 1582 sui
1981 1553 2080 1593 parte
2101 1545 2212 1593 virgi-

1168 1608 1231 1633 nes
1266 1605 1365 1634 erant
1390 1625 1409 1641 ‚.
1438 1597 1611 1634 inferiore
1652 1596 1763 1644 pisces
1800 1596 2022 1633 referebant.
2057 1596 2213 1633 Ponitur

1169 1655 1291 1684 autem
1316 1647 1498 1696 singularis
1526 1658 1699 1685 numerus
1728 1658 1794 1695 pro
1822 1646 1977 1694 plurali,
2013 1658 2076 1694 per
2104 1643 2214 1682 ἐυκλ-

1170 1699 1298 1742 λκγήν.
1330 1700 1571 1748 Quamquam
1593 1697 1619 1735 fi
1645 1699 1725 1747 quis
1755 1698 1912 1734 omnino
1940 1704 2100 1744 pugnet,
2129 1696 2212 1733 (311-Δ

1170 1758 1238 1784 6611
1268 1760 1332 1796 per
1361 1749 1571 1798 ambiguam
1604 1749 1784 1797 virginem
1822 1746 2096 1795 intelligendam
2121 1774 2131 1791 ‚
2171 1747 2213 1783 &

1169 1797 1369 1846 ambiguam
1397 1811 1464 1847 pro
1496 1801 1634 1837 vafram
1659 1802 1696 1835 ἅ
1725 1797 1887 1835 dolosam
1902 1826 1917 1842 ,.
1940 1809 1981 1834 os
2001 1805 2124 1834 autem
2143 1807 2213 1844 pro

1170 1849 1421 1887 incantatione
1443 1851 1582 1898 magica
1610 1848 1820 1897 accipi—enda
1841 1847 1934 1891 esse,
1963 1859 2047 1884 cum
2068 1859 2114 1884 eo
2133 1859 2213 1884 non

1171 1898 1279 1936 anxie
1309 1900 1574 1937 contenderim.
1610 1900 1670 1936 De
1702 1899 1883 1936 Sirenibus
1911 1906 2035 1934 autem
2064 1897 2218 1934 Home³

1170 1961 1251 1987 rum
1283 1951 1368 1988 vide
1401 1949 1529 2000 Odyss.
1551 1963 1620 1988 xii.
1645 1950 1872 1987 Micritus.
1910 1948 2054 1985 Dubito
2082 1947 2188 1985 valde
2202 1976 2226 1991 „

1170 2011 1215 2036 an
1255 2001 1315 2037 1116
1355 2002 1413 2038 vel
1449 2001 1588 2039 Sirenes
1621 2001 1679 2038 vel
1719 2001 1824 2037 Circe
1864 1999 2016 2047 intelligi
2046 1998 2216 2036 debeant.

1171 2051 1280 2088 Certe
1302 2052 1436 2089 Circen
1458 2053 1639 2100 virginem
1663 2051 1732 2088 dici
1755 2048 1854 2098 poffe
1875 2062 1954 2087 non
1974 2059 2066 2097 puto
2080 2077 2091 2093 ‚
2118 2060 2216 2098 quae·

1170 2101 1257 2137 teste
1283 2102 1397 2139 Diod.
1420 2101 1467 2137 fic
1488 2101 1549 2137 lib.
1574 2114 1627 2137 1v.
1647 2112 1725 2149 pag.
1751 2112 1833 2147 173.
1860 2108 1974 2149 nupta
2000 2108 2106 2137 antea
2133 2101 2215 2137 fue*

1171 2159 1224 2186 rat
1252 2151 1344 2199 Regi
1373 2153 1615 2188 Sarmatarum
1639 2179 1649 2195 ‚
1686 2163 1762 2200 quo
1787 2151 1908 2188 occiso
1930 2151 1967 2187 in
1989 2149 2128 2188 Italiam
2150 2149 2216 2186 de-

1172 2212 1276 2237 mum
1296 2203 1407 2238 venit.
1435 2213 1504 2238 nec
1523 2211 1598 2238 tam
1620 2210 1744 2250 captos
1765 2202 1841 2251 ejus
1860 2213 1923 2238 ore
1945 2201 2041 2238 viros
2061 2229 2070 2244 ‚
2098 2209 2211 2248 quam

1171 2250 1356 2288 veneficiis
1385 2252 1504 2289 versos
1535 2253 1573 2289 in
1604 2264 1736 2300 porcos
1765 2253 1901 2289 Poetae
1921 2260 2065 2289 canunt.
2092 2250 2213 2298 major

1170 2302 1304 2349 species
1325 2302 1372 2339 est
1394 2303 1429 2340 in
1450 2302 1651 2345 Sirenibus,
1671 2302 1731 2339 sed
1750 2301 1837 2340 dura
1858 2303 1949 2339 haec
1975 2301 2216 2348 enallagc,ue

1170 2365 1241 2389 una
1259 2354 1363 2401 virgo
1386 2361 1542 2401 ponatur
1558 2365 1623 2401 pro
1637 2352 1812 2401 plurimis.
1835 2355 1960 2400 Quare
1973 2353 2067 2388 forte
2079 2350 2221 2397 Sphin-

1169 2414 1212 2451 ga
1246 2404 1463 2441 intellexerit
1504 2403 1602 2441 Naso
1628 2432 1637 2447 ‚
1683 2415 1777 2452 quae
1817 2404 1913 2451 cepit
1944 2413 2067 2438 revera
2100 2401 2217 2438 viros}

1148 2465 1292 2502 ‚neque
1320 2466 1474 2491 movere
1506 2465 1731 2503 quemquam
1768 2453 1876 2490 debet
1900 2480 1910 2495 ‚
1955 2450 2055 2499 quod
2091 2450 2216 2488 fabula.

1172 2504 1338 2552 Spinghis
1367 2517 1441 2542 non
1466 2506 1639 2541 referatur
1657 2505 1692 2540 in
1715 2503 1808 2539 libris
1831 2499 2182 2548 Metamorphoseoen
2197 2513 2220 2537 ς,

1170 2564 1257 2589 nam
1288 2555 1405 2601 plures
1432 2556 1492 2591 hic
1521 2553 1773 2596 recensentur,
1803 2564 1912 2600 quam
1943 2563 2030 2600 quas
2056 2562 2099 2587 ex
2122 2562 2217 2597 pro-v

1170 2602 1259 2639 fello
1281 2605 1448 2641 metavit
1467 2605 1600 2640 Po'e'ta:
1632 2602 1678 2639 sic
1699 2603 1827 2650 Tityi,
1856 2601 2052 2645 Enceladi,
2081 2601 2210 2644 Atrei,

1171 2653 1320 2690 Tantali
1349 2655 1386 2690 ὅ(
1418 2655 1572 2691 aliorum
1606 2652 1739 2689 fabulas
1774 2664 1849 2688 non
1880 2652 2034 2700 integras
2060 2651 2215 2689 inseruic'

1171 2705 1272 2751 operi
1302 2704 1366 2741 suo
1395 2705 1587 2753 mythico,
1616 2714 1840 2752 quamquam
1864 2714 1994 2739 eorum
2015 2701 2217 2750 aliquoties

1170 2755 1207 2790 in
1229 2754 1375 2792 transitu
1395 2756 1617 2791 meminerit.
1638 2755 1675 2789 ἃ
1694 2754 1876 2800 perierunt
1893 2754 2004 2790 etiam
2026 2751 2211 2801 quaedam.

1169 2804 1294 2852 scripta
1315 2806 1452 2842 Poetae
1472 2805 1579 2841 nostri
1596 2832 1603 2846 ,
1621 2805 1748 2852 quibus
1768 2803 1860 2840 haec
1878 2804 2058 2840 contineri
2076 2811 2211 2850 potue»⁵

1170 2866 1264 2891 runt.
1294 2856 1405 2901 Quod
1432 2855 1457 2892 fi
1477 2867 1552 2892 non
1578 2855 1736 2902 placeat,
1765 2854 1871 2891 aliam
1897 2854 1957 2891 hic
1978 2853 2136 2890 fabulam
2157 2853 2215 2889 laor

1170 2906 1482 2942 terecrediderim
1513 2905 1557 2942 de
1586 2905 1723 2952 virgine
1745 2903 1901 2952 quadam
1918 2932 1927 2947 ‚
1955 2915 2048 2952 quae
2068 2914 2165 2940 nunc
2188 2914 2215 2938 a.

1171 2967 1231 2991 mc
1251 2957 1396 3004 reperiri
1419 2957 1566 3003 nequit,
1588 2966 1682 3004 quae
1703 2954 1881 2992 mutando
1902 2955 2061 2991 formam
2082 2953 2178 2989 suam
2195 2978 2216 2991 η,

1169 3006 1228 3042 vel
1259 3006 1431 3054 responlis
1463 3006 1577 3043 dubiis
1608 3007 1645 3041 ’ὀί
1672 3005 1848 3053 ambiguis
1878 3004 2062 3052 deceperit
2096 3003 2212 3056 viros,-

1170 3067 1255 3092 nam
1285 3057 1322 3093 id
1362 3056 1503 3093 videtur
1541 3056 1732 3104 epitheton
1768 3054 1946 3103 ambiguae
1984 3062 2121 3090 notare.
2156 3059 2218 3087 ita>

1169 3107 1268 3143 enim
1286 3106 1465 3154 ambiguus
1486 3113 1622 3143 Proteus
1641 3106 1699 3142 lib.
1721 3118 1765 3141 11,
1781 3106 1876 3142 Met.
1895 3106 1928 3141 S.
1949 3106 1984 3140 ἃ
2007 3103 2087 3138 Val.
2110 3100 2218 3156 Flac,-

1170 3170 1202 3192 11
1249 3157 1326 3193 118.
1357 3159 1393 3194 ὃζ
1422 3158 1482 3194 Sil.
1513 3169 1587 3193 vn.
1611 3157 1694 3204 436.
1725 3169 1790 3204 pro
1820 3157 1917 3192 vafra
1946 3162 2064 3206 autem
2090 3163 2219 3205 enlm*-

1166 3220 1273 3253 guam
1302 3207 1374 3243 dici
1404 3220 1480 3244 non
1509 3208 1625 3255 placet
1648 3234 1659 3249 0
1695 3207 1862 3254 quamvis
1893 3216 1938 3240 eo
1965 3203 2065 3239 sensu
2092 3208 2217 3237 etiam>-

1175 3257 1311 3305 Sphinx
1330 3256 1492 3307 ambigua
1514 3255 1633 3297 suill'et
1671 3257 1929 3292 Eiinnmtauus,

1629 3305 1750 3351 vav
1791 3315 1809 3350 3
2066 3305 2229 3349 291&-
