2553 3676
689 184 1339 246 HEROIDES.

1414 208 1525 245 ΕΡ.

2149 197 2206 252 81

1600 212 1678 250 VI.

379 290 561 361 Atque
583 282 764 354 aliquis
788 281 961 335 Peliae
988 279 1056 334 de
1079 278 1312 361 partibus
1336 279 1447 336 aeta
1469 288 1687 340 venenis

447 359 698 427 Imputat,
737 353 792 407 &
815 354 1098 425 populum,
1136 369 1229 424 qui
1254 352 1345 406 fibi
1369 355 1578 420 credat,
1615 358 1788 413 habet.

377 432 502 487 Non
525 431 653 480 haee
678 425 1001 488 Aesonide3‚
1040 423 1131 479 sed
1156 424 1358 478 Phasias
1383 427 1615 484 Aeetine

445 503 624 555 Aurea
648 498 923 571 Phryxeae
948 511 1096 571 terga
1121 497 1327 551 revellit
1351 498 1480 553 ovis,

91 697 275 735 Nauem.
302 690 432 729 Ae'eftae
453 689 591 738 integre
618 687 754 732 scrib0‚
783 687 842 726 sed
873 688 909 725 in
936 686 1120 727 scansione

90 747 176 784 duas
197 743 338 793 syllabas
359 739 425 789 pr'o
446 751 517 777 una
541 740 647 776 sumo
662 767 672 783 ‚
704 748 740 777 ut
764 739 824 776 fiat
843 741 1119 785 συνεκφώυησις,

88 808 164 834 non
183 795 352 844 syncope.
370 789 523 828 Perinde
541 798 580 826 ut
596 790 691 838 apud
712 792 923 827 Homerum
941 791 978 828 in
996 789 1120 826 versu:

132 842 182 882 ”H
199 845 265 888 οὐχ
286 850 366 885 amq
384 843 459 878 ἐττι
478 842 648 887 *smmum
671 840 871 883 ἀνάλκιδας
891 841 1123 886 &nepsam-a.

89 897 137 935 Et
155 898 192 934 in
212 895 333 932 versu:
749 908 754 913 ·

144 941 281 982 Bofixoa'
301 945 382 980 ἐπεὶ
401 943 481 980 οὔτε
500 943 619 990 κακῷ,
653 938 727 979 οὔτ’
740 941 863 988 ἄφρονι
881 941 979 988 spari
1000 942 1125 984 ἐὀικεις,

89 997 138 1035 Et
167 996 206 1034 id.
231 1007 343 1046 genus
371 995 458 1032 aliis.
490 996 576 1042 Qua
600 994 711 1042 figura
741 993 841 1031 idem
870 993 986 1031 Poeta
1018 995 1056 1030 &
1087 994 1126 1030 in

89 1045 446 1095 Metamorphosibus
469 1046 547 1082 usus
571 1044 628 1081 est.
648 1045 742 1081 libro
762 1056 833 1081 vrr.
856 1056 888 1090 4.

140 1096 410 1146 Diffimilequte
429 1096 591 1132 animam
603 1094 714 1144 subiit
729 1104 829 1143 pater
848 1097 961 1131 Ae'e'ta
979 1093 1126 1130 reliffas.

90 1147 258 1186 Tametsi
288 1149 387 1185 hunc
408 1146 552 1184 versum
570 1145 649 1183 sunt
670 1147 734 1196 qui
753 1146 874 1195 legant
887 1173 897 1189 ,
925 1142 1053 1183 omissa
1072 1143 1128 1182 di-

91 1198 214 1237 stione
232 1208 350 1248 pater,
369 1199 443 1235 hoc
463 1197 602 1234 modo:

140 1247 410 1300 Diffimilemque
428 1248 589 1284 animam
600 1245 711 1295 subiit
735 1249 848 1283 Ae‘e‘ta
865 1246 1012 1283 reliffas.

47 1316 55 1320 .
91 1300 164 1338 Sed
185 1301 210 1337 ii
231 1328 242 1345 ,
270 1299 358 1337 dum
380 1300 444 1336 uni
463 1298 615 1347 syllabae
640 1297 833 1335 medentur
856 1325 866 1342 ,
900 1298 1050 1335 alteram
1073 1297 1129 1334 vi·-

89 1350 218 1388 tiosam
248 1351 468 1398 relinquunt.
503 1349 562 1385 alii
590 1357 714 1386 autem
742 1348 868 1396 legunt
891 1376 901 1392 ‚
940 1355 1020 1384 Non
1047 1347 1129 1383 haec

90 1400 275 1449 Aefhnides
292 1400 354 1448 sed
374 1399 454 1446 filia
483 1397 601 1447 Phafis
627 1401 768 1435 Ae'e'tae.
797 1406 835 1436 ut
857 1397 1129 1447 diphthongus,

88 1462 185 1500 quae
214 1451 252 1488 in
278 1451 394 1498 prima
425 1448 553 1497 syllaba
578 1451 709 1484 Ae'e‘tae
727 1449 800 1493 est,
829 1449 1039 1486 communis
1068 1448 1130 1485 fiat

88 1509 238 1551 propter
274 1499 486 1550 sequentem
525 1499 694 1537 vocalem
715 1527 723 1542 ‚
770 1508 811 1537 ut
850 1501 886 1536 in
919 1498 1132 1548 sudibusque

85 1551 249 1601 praeustis
265 1551 360 1600 apud
380 1550 577 1598 Virgilium
590 1578 599 1593 .
619 1551 657 1587 ἃ
677 1550 772 1598 apud
792 1550 1007 1587 Homerum
1030 1549 1132 1586 Iliad.

95 1602 146 1640 N.
165 1598 248 1638 0sz
269 1602 396 1645 ἀρετὴν
422 1599 485 1640 οἶος
513 1600 589 1634 ἐσσὶ
621 1601 659 1636 &
686 1600 868 1636 limilibus.
899 1600 1000 1647 quod
1029 1600 1133 1648 equi-

93 1652 206 1696 dem,
233 1659 273 1688 ut
300 1662 376 1687 non
403 1662 626 1698 magnopere
649 1650 855 1696 impugno,
883 1650 931 1684 ita
961 1650 1050 1685 mihi
1080 1657 1134 1685 ta-

95 1712 185 1738 men
219 1701 517 1749 patronymicum
554 1696 694 1746 Phafias
728 1699 841 1746 magis
877 1710 987 1746 quam
1016 1696 1135 1746 Phasis

93 1752 235 1799 placet,
265 1750 413 1799 quando
435 1750 508 1786 'noc
526 1751 564 1787 in
594 1751 692 1786 idem
724 1749 818 1785 cadit
839 1760 924 1785 cum
944 1749 1133 1795 primitivo

93 1798 223 1848 Phasts.
254 1800 320 1837 Illo
349 1808 473 1837 autem
504 1801 614 1836 etiam
635 1799 717 1835 alibi
739 1800 851 1836 utitur
872 1798 973 1836 idem
994 1799 1132 1842 Petet-⁶13

95 1858 138 1890 ut
155 1862 225 1887 vn.
245 1851 401 1887 Metam.
422 1860 505 1896 297.

377 1899 505 1936 odiam
527 1911 605 1935 cam
628 1899 763 1946 conjuge
774 1897 911 1947 falsam

150 1950 290 2001 Phasias
307 1949 490 1999 affinzalat.

99 2003 234 2052 Neque
254 2003 403 2045 dubito,
422 2001 512 2050 quin
536 2007 653 2037 certos
670 1999 836 2037 auctores
853 1999 1019 2038 habuerit
1042 2001 1140 2037 Ovi-

103 2054 183 2091 dius
197 2081 207 2097 ‚
233 2064 324 2101 quos
345 2053 404 2089 hic
420 2053 560 2088 secutus
582 2051 709 2094 fuerit;
736 2050 809 2087 five
830 2051 909 2088 sane
933 2055 1028 2086 Aeta
1051 2051 1139 2088 dua-

104 2103 169 2140 bus
197 2103 331 2158 syllabis
360 2101 584 2140 scribendum
606 2130 616 2146 ‚
655 2101 729 2138 sive
755 2102 877 2139 tribus.
916 2102 1139 2138 Mrcnrus.

104 2152 224 2190 Valde
238 2153 436 2200 Naugerius
449 2181 458 2196 ‚
471 2152 605 2200 aliique
625 2152 836 2200 interpretes
856 2152 889 2188 se
911 2152 947 2188 in
961 2153 1034 2189 hoc
1051 2152 1138 2189 loco

102 2203 304 2247 torserunt,
330 2212 370 2241 ut
398 2204 524 2240 Carrio
555 2202 663 2239 Notis
686 2203 723 2240 in
748 2203 868 2240 Valer.
888 2203 1071 2239 Flaccum.
1101 2204 1139 2239 &

101 2253 251 2296 ¹Voffius
278 2255 354 2291 Art.
384 2254 587 2291 Grammat.
607 2252 667 2289 lib.
696 2265 749 2290 11.
771 2265 800 2291 c.
819 2265 878 2290 xr.
903 2254 1038 2290 &libri
1058 2254 1142 2302 qui-

105 2303 191 2342 dam
211 2302 327 2353 Phasis
346 2308 474 2340 Ae'e'tae
487 2334 494 2347 ‚
508 2304 669 2351 peilime.
688 2307 800 2339 Ae‘e'ta
820 2304 918 2341 enim
937 2304 998 2340 Vel
1018 2308 1142 2340 Aeetes

104 2354 322 2404 trisyllabum
350 2355 409 2393 est.
444 2355 543 2393 Nam
578 2353 682 2405 quod
718 2354 879 2404 Epistol-Cr
905 2354 1063 2392 Medeae
1089 2355 1142 2392 le-

134 2414 226 2443 itur:

105 2416 131 2454 g
157 2456 290 2506 Excipit
307 2456 444 2507 hospitio
460 2458 606 2506 javenes
618 2467 718 2508 pater
737 2461 831 2494 Aeta
853 2456 1017 2507 Pelas-2305.

107 2504 157 2544 Et
176 2507 424 2557 Metamorph.
445 2509 505 2546 lib.
527 2522 599 2545 vn.
624 2521 705 2553 170.

156 2555 426 2610 Diffimilemqae
440 2559 602 2595 animam
613 2558 726 2607 subiit
736 2567 836 2607 pater
854 2563 947 2595 Aeta
969 2558 1115 2597 reliffas.

106 2607 161 2643 '1⁴3
185 2616 282 2656 pater
308 2621 352 2646 ex
378 2609 448 2646 fide
481 2611 710 2658 optimorum
741 2609 913 2646 codicum
934 2609 1146 2648 delendum.

109 2657 211 2705 quod
227 2658 370 2708 decepit
393 2672 478 2697 cum
499 2661 587 2697 alios
602 2689 612 2705 ,
631 2668 712 2697 tum
734 2659 945 2697 Salmafium
967 2661 1149 2698 Animad-

113 2706 219 2761 verfis
244 2710 288 2746 ad
316 2711 413 2747 Flori
440 2711 517 2748 libr.
548 2724 612 2748 111.
640 2723 671 2748 c.
699 2723 734 2748 v.
765 2719 806 2747 ut
828 2718 924 2747 Aeta
954 2724 973 2748 a
1000 2711 1149 2748 Nasone

117 2754 254 2796 d1&u1n
282 2758 350 2797 effe
378 2761 641 2799 arbitrarentur.
678 2760 782 2798 Idem
808 2769 934 2799 tamen
962 2761 1150 2798 Salmasius

118 2809 246 2861 Aeetae
261 2821 397 2848 nomen
419 2811 491 2848 illic
510 2812 620 2850 Floro
642 2813 794 2849 feliciter
814 2811 981 2849 reddidit.
1008 2812 1152 2850 Auctor

119 2854 254 2910 elegiae
273 2859 308 2895 in
330 2862 470 2898 obitum
491 2863 734 2899 Maecenatis:

172 2906 300 2954 Vtscera
318 2909 437 2957 difficfi‘i
456 2922 658 2949 mutaverat
674 2912 792 2948 arietis
812 2925 897 2961 agno

148 3008 154 3013 ·
221 2958 358 3003 Ae'e'tis‚
377 2960 483 3006 fitccis
502 2963 702 3012 omniperita
711 2961 799 3011 suis.

119 3006 179 3045 Sic
193 3006 277 3059 lego
297 3011 508 3062 exqvestigiis
527 3022 694 3051 veterum
715 3015 901 3051 codicum.
918 3014 1019 3052 aliter
1029 3013 1154 3050 Aetias

118 3068 165 3095 ef
185 3056 305 3111 [acas.
333 3069 357 3093 11
387 3060 465 3105 quis
491 3061 606 3098 directi
633 3076 699 3112 pro
720 3064 843 3113 diffca‘ti
865 3077 948 3102 cum
972 3065 1153 3113 Scaligero

121 3108 245 3161 malit,
275 3119 350 3143 non
371 3111 575 3156 repugnabo
588 3140 597 3155 ‚
623 3114 683 3150 sed
702 3115 810 3151 nimis
829 3126 978 3152 acutum
1000 3115 1154 3152 videtur.

123 3161 222 3193 facts
258 3156 423 3204 Scaligcri
462 3171 537 3194 non
572 3163 697 3207 probo.
740 3165 841 3201 Aetis
874 3178 1025 3215 quoque
1060 3165 1156 3203 dicta

123 3207 327 3254 Apollinari
355 3208 392 3243 in
422 3208 606 3244 Narbone.
634 3223 668 3247 v.
694 3224 776 3257 271,
803 3215 881 3251 sive
909 3217 1009 3252 Aen}
1038 3228 1081 3255 <9⁴
1102 3217 1158 3251 in.

126 3255 235 3304 clytus
258 3258 364 3301 lafim.
393 3259 440 3295 ita
463 3270 506 3296 cx
527 3260 679 3307 vestigiis
708 3262 813 3300 MSS.
836 3266 917 3314 lege
932 3293 942 3311 ‚
960 3267 998 3304 in
1028 3266 1157 3315 quibus

2085 577 2212 633 Non

1177 692 1284 725 Oetes.
1311 687 1424 737 vulgo
1453 687 1566 727 aliter.
1594 688 1808 727 Gronovius
1837 690 1954 728 noster
1973 691 2007 728 in
2032 687 2214 730 Observa-

1175 739 1337 777 tionibus
1357 743 1489 776 Aetam
1511 739 1695 777 contrafte
1714 752 1781 790 pro
1803 745 1953 776 Aezitam
1972 742 2043 779 dici
2062 754 2214 791 quoque

1179 791 1351 833 monuit,
1377 790 1490 839 idque
1520 791 1648 839 probat
1680 803 1724 828 ex
1754 800 1927 839 corrupto
1958 791 2077 828 Valer.
2096 792 2216 830 Flacci

1177 838 1289 883 loco,
1317 841 1355 877 in
1387 852 1463 889 quo
1489 853 1566 878 non
1597 841 1771 878 Aetased
1789 846 1869 877 Aea
1888 840 2112 879 scribendum
2127 859 2137 886 ;
2167 842 2216 880 est

1180 890 1279 926 enim
1317 895 1395 926 Aea
1430 892 1523 928 inter
1559 892 1768 940 praecipuas
1806 891 1993 928 Colchidis
2031 893 2217 937 civitates,

1181 940 1280 977 unde
1304 942 1342 978 &
1372 941 1508 978 Medea
1532 946 1649 977 Aeaea
1671 941 1820 989 venefica
1840 941 1981 979 dicitur.
2011 942 2049 977 &
2072 941 2118 978 lic
2139 954 2220 979 me-

1181 990 1290 1028 minit
1310 992 1386 1040 ejus
1408 991 1528 1028 Schol.
1558 991 1703 1029 Pindar.
1729 992 1774 1029 ad
1802 992 1907 1041 Pyth.
1932 991 2007 1028 Od.
2029 1003 2081 1027 1v.
2110 992 2221 1029 Cete-

1180 1052 1262 1078 rum
1288 1043 1326 1079 in
1354 1043 1554 1079 veterrimo
1587 1042 1716 1078 codice
1744 1043 1932 1079 Puteaneo
1952 1053 2030 1090 pars
2045 1041 2223 1089 posterior

1181 1091 1288 1140 hujus
1319 1092 1439 1129 versus
1477 1093 1514 1130 in
1550 1092 1655 1129 litura
1691 1093 1842 1130 cubabat
1863 1120 1872 1136 ,
1910 1092 2024 1129 veteri
2060 1091 2227 1129 lectione

1183 1142 1276 1179 erasa
1300 1170 1310 1186 ‚
1345 1143 1446 1192 cujus
1467 1151 1593 1180 tamen
1613 1141 1632 1180 e
1655 1143 1811 1192 vestigiis
1828 1151 2016 1192 utcunque
2037 1149 2227 1191 appareret

1181 1192 1354 1241 scriptum
1383 1195 1505 1242 primo
1532 1191 1635 1231 fuisse
1663 1193 1806 1243 Phasias
1839 1193 1987 1229 Ae‘e'tine
2005 1221 2015 1237 ,
2055 1205 2140 1230 cum
2169 1195 2202 1228 T
2205 1195 2224 1230 ὃ

1174 1242 1257 1288 filia
1289 1242 1309 1280 a
1337 1256 1449 1281 manu
1475 1244 1630 1282 secunda
1660 1242 1744 1281 esset
1770 1243 1948 1281 additum.
1984 1245 2109 1292 Atque
2128 1245 2226 1281 hanc

1184 1292 1254 1330 else
1270 1295 1468 1342 genuinam
1496 1295 1649 1332 Nasonis
1673 1294 1777 1343 ipsius
1797 1294 2006 1342 scripturam
2026 1294 2139 1331 ausim
2162 1294 2227 1331 ad-

1184 1342 1327 1381 firmare
1341 1372 1351 1388 ‚
1380 1356 1491 1394 quam
1521 1346 1558 1382 ὃς
1578 1346 1806 1382 Mezeriacus
1827 1345 1973 1382 Gallicis
1994 1346 2031 1381 in
2052 1345 2114 1381 has
2137 1345 2227 1393 Epi-

1184 1393 1287 1431 stolas
1300 1395 1423 1438 Notis,
1436 1395 1609 1433 Salmafio
1625 1395 1852 1444 suggerente,
1863 1395 2036 1432 laudavit.
2056 1394 2203 1430 Ae'e‘tine
2213 1409 2227 1438 ;

1185 1452 1226 1481 ut
1267 1446 1463 1494 Neptuninc
1485 1475 1495 1491 ‚
1537 1448 1682 1483 Nereine
1703 1473 1712 1489 ‚
1764 1446 1934 1482 Oceanine
1955 1474 1965 1490 ‚
2008 1444 2198 1492 Adrastine
2218 1471 2230 1489 ‚

1188 1496 1412 1541 Nonacrine,
1457 1497 1638 1541 Evenine‚
1677 1497 1716 1533 &
1752 1496 1891 1534 similia.
1919 1495 2020 1545 quod
2052 1497 2162 1532 etiam
2190 1495 2231 1532 in

1187 1546 1400 1584 nominibus
1428 1547 1571 1586 obtinet
1600 1548 1791 1585 civitatum
1814 1560 1822 1584 ε
1862 1547 1909 1584 fic
1935 1545 2163 1596 Elephantine
2190 1546 2231 1583 in

1188 1597 1388 1644 Aethiopia
1418 1598 1542 1635 civitas
1562 1626 1572 1642 ‚
1599 1610 1712 1646 quam
1743 1599 1935 1635 Vitruvius
1963 1598 2000 1634 ὅ(
2029 1596 2127 1634 Mela
2152 1595 2232 1632 Ele-

1182 1645 1403 1694 phantidem.
1447 1647 1563 1685 Insula
1599 1649 1820 1696 Aethiopiae
1849 1647 2008 1696 Daphnis
2038 1647 2155 1684 Plinio
2191 1646 2232 1682 &

1190 1696 1406 1734 Ptolemaeo
1433 1698 1481 1735 est
1508 1697 1705 1746 Daphnine.
1732 1698 1812 1735 Pari
1837 1697 1954 1734 modo
1982 1696 2057 1734 duo
2078 1707 2232 1745 quoque
2255 1712 2267 1720 κ

1190 1748 1446 1795 patronymica
1465 1749 1656 1797 conjunxit
1673 1748 1733 1784 lib.
1750 1760 1822 1784 vu.
1851 1749 2007 1784 Metam.
2035 1758 2117 1794 547.
2144 1746 2233 1783 loco

1191 1796 1467 1835 mendofisfimo
1480 1827 1489 1842 ‚
1500 1798 1729 1846 Calydonides
1741 1802 1770 1832 E
1773 1797 1930 1833 veninae.
1940 1805 1980 1834 ut
1995 1797 2147 1845 quidem
2163 1795 2236 1833 illie

1192 1848 1323 1885 monui
1347 1849 1618 1897 corrigendum.
1644 1849 1693 1885 ita
1724 1848 1763 1884 ὃς
1793 1847 1929 1891 Inachis
1951 1845 2125 1896 Acrifione
2147 1847 2235 1883 Vir-

1191 1896 1278 1945 gilio
1300 1898 1431 1936 Dana'e'
1454 1898 1549 1937 dieta
1568 1900 1692 1948 Elegia
1716 1897 1760 1935 ad
1784 1896 1998 1935 Messallam.
2028 1900 2065 1935 &
2095 1897 2236 1946 Tynda-

1195 1947 1242 1983 ris
1262 1953 1418 1986 Lacaena
1439 1950 1585 1988 Helena
1601 1950 1660 1987 lib.
1674 1962 1719 1986 11.
1739 1949 1940 1987 Aeneidos.
1958 1949 2064 1996 Jason
2078 1948 2234 1996 Orpheo

1196 1997 1233 2033 in
1246 1998 1505 2048 Argonauticis
1523 2003 1707 2042 Θέσσαλσς
1727 1998 1921 2042 Amisiam.
1946 2000 2121 2036 Medeam
2144 1997 2234 2034 vero

1197 2049 1384 2087 Aeetmen
1408 2051 1543 2088 dietam
1567 2051 1611 2088 ab
1633 2052 1784 2088 Avieno
1804 2062 1957 2100 queque
1980 2050 2236 2098 Descriptione

1197 2098 1306 2136 Orbis
1325 2110 1472 2149 apparet
1488 2102 1583 2139 hisce
1601 2101 1770 2139 versibus.
1793 2115 1822 2138 v.
1845 2101 1930 2150 658.

1247 2149 1396 2198 Absyrti
1414 2161 1526 2188 cautes
1542 2164 1585 2191 &⁴
1605 2151 1736 2188 crebras
1748 2151 1905 2201 protinas
1924 2165 2016 2188 arces

1250 2202 1420 2238 Inveniet.
1450 2202 1590 2239 Colchos
1608 2202 1674 2239 hac
1693 2202 1868 2252 quondam
1891 2216 1971 2238 cara
1982 2202 2135 2253 fidesque

1249 2253 1412 2298 Extulit,
1440 2254 1603 2304 insanam
1614 2255 1782 2303 festantes
1802 2254 1997 2291 Ae'e'tinem.
2209 2301 2215 2305 .

1200 2300 1257 2338 Sic
1286 2305 1385 2341 enim
1412 2306 1531 2343 versus
1560 2305 1709 2343 ultimus
1740 2306 1893 2342 minima
1925 2306 2129 2342 mutatione
2155 2301 2237 2338 scri-

1198 2352 1347 2390 bendus.
1367 2354 1466 2393 idem
1488 2357 1652 2394 Avienus
1675 2356 1809 2393 eodem
1831 2357 2032 2392 Poemate:
2053 2355 2108 2397 ᾖς.
2134 2350 2238 2388 1226.

1252 2410 1351 2440 Nam
1372 2407 1607 2454 Medeaserox
1619 2407 1697 2454 fnit
1715 2407 1790 2442 ollis
1799 2407 1982 2455 ſswgainis
2000 2407 2127 2440 mae-ior.

1250 2461 1344 2492 Haec
1362 2458 1557 2494 Pandionia
1567 2458 1682 2505 sedem
1702 2471 1777 2493 cnm
1789 2466 1926 2506 poneret
1945 2455 2027 2491 astla
2040 2483 2050 2498 ‚

1251 2507 1378 2544 Attica
1397 2522 1466 2558 qua
1483 2507 1624 2557 pulchro
1642 2508 1743 2543 tellas
1758 2506 1942 2555 pingacjsrit
1962 2505 2043 2553 Ilsffo
2055 2533 2064 2548 ‚

1252 2558 1418 2593 Proditar
1431 2586 1441 2602 ‚
1469 2558 1573 2607 inque
1582 2559 1708 2605 fugam
1722 2566 1854 2605 propere
1875 2556 2088 2592 convertitur
2109 2554 2214 2600 exul,

1252 2607 1330 2654 Post
1349 2607 1411 2644 has
1432 2609 1470 2645 in
1488 2618 1597 2644 terras
1608 2609 1696 2657 pina
1706 2606 1804 2655 subit
1827 2607 1971 2642 Aeetine
1986 2635 1996 2650 ‚

1256 2658 1450 2709 Inseditque
1469 2658 1562 2696 locos.
1589 2670 1717 2694 veteres
1733 2657 1883 2693 accedere
1902 2657 2042 2693 Colchos

1254 2708 1368 2745 Nulla
1387 2719 1501 2746 merat
1520 2709 1628 2747 menti
1643 2708 1788 2755 fidncia.
1916 2708 2126 2745 Hrmsms.

1259 2771 1339 2805 104.
1366 2765 1489 2797 Aurea
1509 2760 1677 2797 Phrixeae
1694 2770 1787 2808 terga
1804 2756 1945 2807 revztlfit
1961 2759 2046 2795 ovis.
2061 2758 2075 2808 ]
2107 2759 2160 2796 EX
2177 2759 2245 2807 ope

1205 2810 1305 2847 timis
1323 2811 1384 2848 lib.
1405 2812 1444 2848 &
1473 2823 1516 2847 ex
1546 2811 1661 2847 Servii
1680 2810 1740 2846 lib.
1764 2822 1807 2847 1v
1844 2809 2029 2846 Aeneidos
2048 2810 2244 2846 traditione

1204 2858 1401 2908 legendum
1423 2860 1570 2897 revellit.
1598 2860 1645 2897 fic
1671 2861 1770 2897 enim
1791 2860 1875 2896 facit
1901 2859 2025 2896 revello
2051 2861 2086 2896 in
2106 2868 2246 2908 praete-

1207 2912 1279 2948 rito
1294 2938 1304 2954 ‚
1331 2924 1409 2949 non
1430 2910 1572 2960 revulfit
1586 2940 1597 2956 ‚
1623 2919 1663 2948 ut
1685 2910 1770 2948 falso
1791 2911 1850 2947 hic
1869 2910 1978 2948 docet
1998 2911 2244 2951 Hubertinus,

1209 2969 1320 3009 atque
1351 2963 1401 2999 ita
1424 2961 1555 3010 legitur
1582 2963 1619 2999 in
1643 2960 1856 3010 quibusdam
1875 2970 1962 2998 vett.
1986 2960 2247 3009 exemplaribus

1208 3011 1299 3050 illud
1321 3024 1375 3049 1x.
1393 3012 1683 3061 Metamorphos.

1262 3060 1562 3112 Afilvisfilvas,
1584 3075 1627 3102 (φ
1641 3062 1684 3099 ab
1703 3062 1802 3099 arvis
1819 3075 1909 3098 arva
1929 3061 2058 3097 revelli.
2079 3061 2247 3109 CxoraN.

1212 3117 1318 3161 Terga
1335 3112 1474 3150 revellit
1492 3114 1566 3150 ovis
1591 3114 1761 3151 meliores
1788 3115 1866 3152 libri
1882 3141 1893 3158 ,
1919 3126 1994 3150 nori
2015 3110 2166 3158 revulsa.
2187 3109 2247 3145 lib.

1217 3176 1298 3202 111.
1315 3165 1447 3201 Amor.
1469 3165 1523 3202 El.
1543 3177 1578 3202 x.

1265 3214 1390 3251 Prima
1399 3215 1480 3263 jugo
1501 3225 1615 3251 tauros
1626 3215 1807 3264 supponere
1827 3214 1909 3250 colla
1930 3212 2053 3258 cei-‘'git,

1314 3269 1362 3302 Et
1379 3274 1529 3303 veterem
1547 3279 1652 3304 curvo
1669 3266 1767 3302 dente
1788 3264 1923 3301 revellit
1939 3261 2099 3299 hamam.

1728 3315 1761 3352 L
2115 3310 2253 3351 Frustra
