2553 3676
719 202 1378 261 HEROIDES.

1454 225 1485 262 E
1524 228 1566 263 Ρ.
1643 232 1723 269 lv.

2165 236 2235 290 47

402 307 520 362 Sive
540 296 733 355 ferocis
758 296 882 369 equi
906 293 1154 349 lufiantia
1177 295 1312 350 colla
1333 313 1610 360 recurva83

295 379 360 434 80

465 372 679 442 Exiguo
702 368 873 423 flexos
898 368 1064 422 miror
1086 368 1142 422 in
1166 367 1296 422 orbe
1318 369 1499 440 pedes,

395 447 499 502 Seu
522 442 722 497 vastum
743 440 922 496 valido
948 452 1167 514 torques
1190 439 1368 495 hastile
1392 444 1620 497 lacerto:

461 516 572 570 Ora
594 514 750 568 ferox
773 514 828 567 in
850 513 901 567 se
924 514 1068 567 versa
1092 515 1317 568 lacertus
1340 513 1513 569 habet.

389 590 508 645 Sive
532 600 679 641 tenes
705 587 814 640 lato
837 585 1093 640 venabula
1117 604 1312 641 cornea
1335 586 1495 641 ferrO.

435 660 736 732 *Denique‚
770 658 942 714 nostra
960 657 1107 730 juvat
1132 660 1356 724 lumina,
1394 659 1660 733 quidquid
1686 676 1820 731 agas,

284 733 347 803 85
382 733 476 789 Tu
497 733 666 787 modo
692 731 946 786 duritiem
969 730 1103 788 silvis
1128 732 1340 804 depone
1360 732 1578 803 jugosis:

458 806 587 861 Non
613 805 727 860 sum
749 804 967 859 materia
992 803 1154 877 digna
1175 805 1350 877 perire
1375 819 1478 860 tua.

146 1005 203 1044 79.
231 993 418 1031 Luiftantia
444 993 531 1031 colla
558 991 768 1046 retorques]
807 998 979 1030 Recurvas
996 991 1129 1041 priscae

95 1045 273 1084 editiones
302 1047 339 1082 8<
374 1046 491 1094 scripti
521 1045 678 1083 codices.
713 1044 843 1094 placet.
877 1055 964 1081 nam
996 1053 1130 1093 torques

95 1108 185 1134 mox
217 1096 386 1144 sequitur.
420 1104 603 1144 praeterea
640 1096 715 1133 duo
750 1095 970 1143 exemplaria
992 1094 1130 1142 fugacis

92 1147 169 1198 equi
189 1147 356 1183 exhibere
371 1147 449 1195 jam
469 1146 568 1195 supra
590 1146 734 1184 monui.
753 1146 864 1195 idque
881 1144 1127 1194 praetulerim,

91 1196 197 1246 quod
204 1198 352 1243 ferocem
367 1198 532 1233 lacertum
545 1209 634 1234 mox
645 1197 845 1246 subjungat.
863 1208 950 1233 nam
964 1208 1008 1232 11.
1018 1195 1128 1234 Pont.

96 1259 152 1285 xx.
174 1248 230 1296 58.
259 1247 378 1284 Velocis
397 1248 508 1292 dixit,
530 1248 697 1297 quamvis
717 1247 938 1284 eriam-Stat.
962 1257 1018 1283 1v.
1039 1246 1127 1285 Silv.

97 1309 154 1336 11.
177 1310 256 1344 117.
273 1298 403 1336 dixerit
418 1312 425 1336 :
451 1304 703 1348 Vexantemque
727 1297 793 1333 Ilia
811 1296 902 1333 nudo
920 1295 1023 1332 calce
1034 1297 1127 1342 fero-

92 1348 140 1385 cis
166 1349 253 1397 equi.
290 1349 394 1385 Alter
421 1349 668 1386 Mentelianus
698 1347 807 1384 habet
829 1359 897 1396 pro
919 1347 1056 1384 diversa
1075 1347 1128 1384 le-

92 1397 216 1436 0110110
233 1398 388 1436 minacis.
415 1399 564 1436 HEINs.
590 1399 689 1436 Mihi
700 1397 824 1446 ferocis
842 1398 961 1447 placet
980 1404 1129 1447 propter

92 1449 137 1487 τὶ
161 1448 343 1487 lucrantia.

145 1499 205 1537 80.
234 1506 274 1536 ln
290 1499 393 1550 orbe]
414 1499 568 1538 Volscus
583 1500 644 1538 hic
665 1497 869 1538 admodum
886 1499 1039 1548 ineptit,
1063 1499 1128 1548 qui

91 1550 238 1599 cyclum
256 1551 414 1588 ferreum
433 1551 686 1600 interpretatur
700 1579 710 1595 ‚
723 1552 761 1588 in
781 1562 857 1600 quo
880 1550 991 1597 pedes
1012 1548 1129 1598 figunt

43 1614 46 1617 ·
91 1601 230 1650 equites
249 1628 260 1644 ‚
297 1613 389 1649 quos
409 1602 557 1650 ignotos
583 1600 685 1638 fuiss'e
702 1603 778 1637 hoc
795 1609 965 1648 tempore
987 1607 1128 1637 certum

91 1651 153 1687 est.
172 1651 257 1687 vide
274 1650 448 1687 Torrent.
467 1651 513 1687 ad
535 1651 685 1687 Sueton.
708 1650 824 1697 Calig.
847 1660 881 1696 3.
902 1649 1030 1695 Ampl.
1052 1649 1129 1685 Cu-

93 1710 157 1747 per
186 1700 231 1737 ad
260 1699 425 1737 Laftant.
447 1699 491 1737 de
511 1701 624 1736 Mort.
646 1699 782 1737 Persec.
806 1710 836 1735 c,
859 1711 890 1745 5.
917 1698 955 1734 δε
974 1698 1128 1735 Dresem

25 1778 27 1780 .
92 1749 139 1785 ad
156 1749 228 1795 Jos.
250 1750 359 1786 Iscan.
379 1750 424 1786 de
444 1750 524 1787 bell.
547 1750 655 1798 Troj.
673 1761 709 1785 v.
729 1748 813 1785 261.
839 1753 881 1782 In
900 1746 997 1791 orbe,
1018 1747 1068 1783 est
1089 1749 1129 1783 in

88 1810 190 1846 gyro:
226 1799 356 1836 Varius
375 1801 490 1836 Poeta
518 1807 620 1836 vetus
638 1798 735 1846 apud
754 1797 921 1834 Macrob.
939 1809 993 1834 vr.
1012 1796 1126 1835 Satur.

91 1859 125 1885 2.
153 1857 193 1886 ut
211 1850 383 1886 emendat
405 1849 580 1886 Torrent.
600 1848 646 1885 ad
663 1849 796 1885 Horat.
816 1859 848 1885 1.
868 1847 943 1884 Od.
964 1846 999 1886 8.

143 1899 207 1935 Sed
224 1899 359 1948 angusto
374 1900 471 1949 prius
490 1898 564 1935 orbe
584 1902 718 1936 co'e'rces.

87 1948 162 1987 vid.
184 1950 311 1998 Virgil.
331 1963 393 1987 111.
412 1951 547 1998 Georg.
570 1961 649 1998 115.
667 1950 705 1986 ὃς
721 1947 820 1986 alios.
837 1947 1098 1988 BuRMANNus.

140 2000 198 2037 81.
225 2006 288 2037 Seu
308 2000 440 2037 lentum
459 1999 615 2049 valida]
646 1998 785 2046 Vaflum
812 1999 892 2037 libri
913 2008 1052 2038 veteres
1074 2001 1125 2039 sat

91 2051 209 2088 multi.
234 2059 274 2088 ut
292 2050 462 2100 scripserit
480 2050 596 2088 forsan
619 2049 800 2087 Ovidius:

142 2101 221 2136 Sive
241 2104 356 2137 aetum
375 2101 494 2138 valido
510 2111 643 2150 torques
661 2100 778 2148 hastile
795 2100 930 2138 lacerto.

93 2151 171 2189 Aut
183 2152 284 2200 quod
302 2152 398 2189 malo
414 2181 423 2196 ‚
437 2150 498 2200 seu
515 2150 669 2202 quaffum
683 2179 692 2194 ‚
704 2150 751 2188 fic
769 2152 925 2188 Metam.
937 2165 1029 2190 vin.
1040 2164 1121 2200 404.

91 2201 215 2239 valida
244 2202 402 2251 quatiens
437 2201 612 2238 venabula
650 2202 784 2238 dextra.
819 2201 884 2239 nifi
911 2203 991 2251 quis
1021 2205 1124 2241 malit

85 2253 232 2302 jacium.
262 2254 465 2290 HEINSius.
502 2252 763 2290 Ambrosianus
790 2253 899 2290 habet
921 2253 1038 2301 rigido.
1065 2255 1126 2292 sed

89 2304 233 2352 vulgata
260 2303 340 2341 sana
367 2304 425 2341 etl.
460 2316 514 2341 11.
541 2303 630 2340 Fast.
665 2316 720 2340 11.
747 2303 780 2339 Si
806 2303 894 2339 mihi
915 2317 983 2340 non
1002 2304 1124 2341 valido

90 2363 291 2404 torquentur
317 2353 392 2404 pila
424 2354 557 2390 lacerto.
594 2353 678 2391 vide
714 2354 752 2390 8<
783 2355 891 2402 Epist.
926 2366 1006 2392 111.
1042 2368 1123 2404 ης.

88 2413 271 2452 praeterea
287 2405 425 2452 vastum
447 2405 566 2449 hastile
584 2405 722 2452 placet,
745 2404 848 2453 quod
869 2405 983 2442 feroci
1003 2406 1041 2442 &
1061 2419 1128 2444 va-

86 2454 162 2492 lido
181 2455 314 2493 lacerto
337 2456 627 2493 convenientius.
645 2455 689 2493 de
708 2467 779 2504 qua
792 2467 895 2493 ,voce
913 2468 949 2493 v.
970 2457 1015 2494 ad
1036 2470 1126 2494 vrri.

91 2505 247 2543 Metam.
277 2518 359 2555 359.
397 2506 528 2542 lentum
557 2506 737 2554 Crispinus
761 2507 1014 2554 interpretatur
1033 2518 1127 2554 pon-

92 2553 280 2601 derosum,
309 2559 346 2594 &
374 2556 458 2594 ideo
485 2558 728 2593 incurvatum.
756 2569 801 2594 an
831 2569 917 2605 ergo
947 2559 985 2594 ὃ(
1013 2557 1127 2593 lentae

49 2618 51 2621 ·
87 2605 228 2653 finires,
256 2609 294 2644 &
317 2607 411 2644 lenta
431 2606 586 2655 virgulta
608 2608 646 2644 8<
667 2606 793 2644 similia
812 2607 1016 2655 ponderosa
1034 2607 1127 2646 sunt.

93 2655 151 2694 sed
171 2657 315 2696 videbat
334 2670 460 2706 parum
477 2657 599 2695 valido
615 2658 751 2695 lacerto
772 2659 973 2696 convenire
992 2657 1127 2695 lentum

96 2704 236 2752 hastile,
262 2721 372 2757 quare
392 2708 530 2756 vastum
554 2709 683 2746 redicitis
701 2708 856 2746 videtur.
883 2709 1012 2746 BuRM.

148 2755 204 2795 86.
231 2765 310 2796 Non
331 2758 413 2808 sum
443 2759 594 2796 materiai
622 2759 726 2808 digna
751 2759 858 2808 perire
881 2759 996 2809 tua.]
1035 2760 1126 2797 Nori

100 2803 176 2842 sum
196 2807 298 2856 digna
313 2838 321 2850 ,
347 2821 440 2859 quae
459 2822 605 2858 peream
626 2818 662 2847 te
683 2810 876 2858 praebente
896 2822 939 2848 ac
960 2810 1127 2859 suppedi-

101 2861 198 2911 tante
225 2858 373 2897 caussam
401 2862 440 2898 &
470 2862 658 2899 materiam
696 2861 837 2898 mortis,
873 2862 1056 2910 eleganter
1087 2862 1125 2898 &

103 2904 233 2960 Latine
250 2909 397 2948 dietum.
414 2924 482 2949 nec
503 2909 726 2949 credidissem
746 2912 1054 2960 interpretationis
1072 2912 1127 2948 in-

102 2954 223 3002 digere
247 2958 343 3013 hunc
366 2962 491 3000 locum
512 2990 522 3006 ‚
559 2962 626 2999 nisi
653 2962 787 3000 invitus
815 2962 1126 3011 deprehenderem

103 3004 324 3062 Tanaquillo
349 3010 462 3048 Fabro
485 3041 494 3056 ,
529 3013 676 3050 homini
702 3013 846 3051 erudito
869 3040 879 3055 ‚
916 3014 1062 3062 nuperis
1089 3014 1127 3050 in

103 3056 318 3111 Lucretium
344 3061 707 3101 animadversionibus
726 3076 804 3113 pag.
833 3064 917 3111 480.
937 3076 1127 3113 perperam

101 3106 218 3161 visum
257 3106 326 3163 esse
356 3109 511 3158 castigari
542 3122 739 3161 oportere:
777 3121 857 3151 Non
885 3115 968 3165 sum
997 3115 1130 3152 duritia

104 3155 207 3205 digna
230 3166 337 3206 perire
363 3168 425 3194 tua
448 3187 458 3202 ,
494 3161 600 3210 idque
620 3165 863 3204 obnitentibus
885 3166 1105 3204 membranis
1120 3194 1131 3210 ‚

2076 882 2224 954 Quid

1184 1004 1235 1030 no
1263 993 1425 1042 ejusdem
1454 994 1556 1031 vocis
1585 992 1627 1031 sit
1653 993 1814 1042 repititio
1837 992 2039 1042 &ingrata
2068 994 2226 1043 Epistol-3

1185 1044 1417 1082 Hermionae
1438 1057 1526 1081 vni.
1548 1056 1604 1092 51.

1237 1095 1392 1132 Materia
1408 1093 1535 1131 vellem
1547 1092 1652 1138 fortis
1670 1092 1805 1130 meliore
1818 1093 1944 1143 fuisses.
2016 1095 2225 1133 Heinsius.

1185 1145 1310 1183 Locus
1339 1146 1401 1183 hic
1425 1145 1611 1183 obscurior
1629 1173 1639 1188 ,
1670 1146 1708 1181 ὃς
1730 1145 1908 1194 quidquid
1931 1144 2095 1183 adferant
2116 1148 2227 1183 inter-

1182 1204 1323 1244 pretes,
1352 1208 1428 1233 non
1459 1196 1617 1233 efficient
1638 1224 1647 1239 ,
1677 1206 1716 1233 ut
1741 1196 1849 1245 perire
1877 1195 2024 1245 alicujus
2053 1198 2225 1241 materia,

1182 1246 1246 1291 sit,
1267 1245 1381 1284 causs'a
1408 1247 1568 1296 alicujus.
1605 1246 1770 1282 Materies
1788 1247 1950 1284 hominis
1970 1259 2059 1284 vero
2080 1248 2226 1296 elegan-

1181 1305 1238 1333 ter
1258 1297 1390 1334 dicitur
1404 1326 1413 1341 ‚
1435 1297 1576 1335 indoles
1592 1325 1601 1341 ‚
1623 1298 1662 1334 &
1683 1298 1875 1345 ingenium
1895 1297 1971 1346 ejus
1986 1326 1995 1341 ,
2016 1297 2114 1334 unde
2134 1298 2226 1335 effe-

1185 1347 1242 1385 cta
1259 1348 1298 1384 in
1317 1348 1480 1385 futurum
1499 1347 1736 1396 providemus
1754 1348 1814 1384 vel
1830 1347 2023 1396 speramus.
2046 1347 2093 1385 fic
2107 1349 2228 1386 Cicer.

1184 1410 1248 1435 111.
1263 1398 1409 1435 Verrin.
1426 1398 1487 1435 68.
1506 1404 1573 1434 Fac
1590 1398 1682 1434 enim
1695 1397 1797 1447 fuisse
1817 1398 1856 1434 in
1876 1397 1935 1434 illo
1949 1425 1958 1441 ,
1972 1407 2036 1434 aut
2055 1403 2097 1435 C.
2116 1398 2229 1435 Laelii

1183 1458 1248 1484 aut
1267 1454 1322 1485 M.
1343 1449 1487 1486 Catonis
1504 1448 1683 1485 materiem
1701 1459 1805 1498 atque
1822 1448 1970 1485 indolem
1982 1476 1993 1493 ,
2021 1447 2058 1485 id
2080 1448 2128 1485 est
2148 1450 2227 1487 Vim

1182 1499 1283 1536 illam
1299 1526 1309 1542 ‚
1333 1510 1452 1548 quae,
1480 1498 1507 1536 fi
1535 1499 1722 1537 excolatur
1747 1527 1756 1541 ‚
1782 1500 1967 1536 Catonem
1992 1499 2152 1536 referret.
2180 1499 2229 1537 sic

1183 1549 1230 1587 de
1260 1550 1389 1588 Servio
1415 1550 1547 1588 Tullio
1581 1550 1711 1587 Livius
1736 1549 1799 1587 lib.
1824 1561 1855 1587 1.
1877 1560 1935 1599 39.
1964 1550 2152 1595 Materiem
2173 1550 2230 1586 in-

1178 1600 1290 1648 gentis
1309 1600 1443 1650 publice
1465 1601 1706 1649 privatimque
1733 1600 1858 1636 decoris
1886 1600 1980 1636 omni
2009 1599 2228 1648 indulgentia

1184 1650 1296 1696 nostra
1320 1651 1520 1687 nutriamus
1541 1678 1552 1693 ‚
1590 1650 1627 1688 id
1657 1650 1707 1687 est
1732 1650 1898 1687 indolem
1930 1651 2054 1694 illam,
2083 1662 2128 1687 ex
2156 1662 2229 1699 qua

1182 1699 1282 1747 spem
1313 1701 1454 1738 decoris
1486 1700 1726 1748 concipimus.
1762 1700 1867 1737 Idem
1896 1699 2030 1737 eodem
2059 1700 2120 1737 lib.
2150 1712 2230 1748 cap.

1182 1750 1240 1795 46.
1267 1750 1475 1798 Angebatur
1484 1752 1586 1795 ferox
1608 1749 1748 1794 Tullia,
1776 1749 1869 1787 nihil
1895 1750 2063 1786 materiae
2089 1749 2128 1785 in
2149 1750 2228 1786 viro

1182 1811 1289 1850 neque
1317 1801 1365 1835 ad
1393 1800 1637 1849 cupiditatem,
1665 1812 1772 1849 neque
1801 1798 1849 1834 ad
1875 1799 2064 1835 audaciam
2083 1799 2163 1847 effi,
2191 1799 2230 1839 id

1181 1849 1256 1895 est,
1284 1848 1355 1887 effe
1380 1851 1581 1899 ignavum,
1608 1849 1699 1887 nihil
1725 1851 1765 1887 in
1791 1848 1856 1886 illo
1884 1847 1953 1887 effe
1973 1849 2077 1899 quod
2096 1850 2229 1888 mulier

1176 1900 1377 1938 accendere
1412 1899 1539 1949 poffet.
1574 1912 1621 1939 ex
1649 1900 1755 1938 omni
1782 1898 1886 1948 ligno
1909 1928 1920 1944 ‚
1959 1899 2034 1937 five
2051 1901 2230 1946 materia,

1175 1962 1255 1989 non
1286 1951 1326 1989 fit
1343 1951 1572 1995 Mercurius,
1598 1959 1640 1989 ut
1666 1951 1764 1988 reete
1792 1951 1972 1988 Graevius
1991 1951 2082 1988 haec
2107 1952 2228 2000 capit,

1178 2002 1224 2039 ad
1236 2002 1270 2039 d.
1278 2002 1301 2038 1.
1316 2002 1517 2040 Ciceronis.
1531 2002 1555 2039 si
1571 2014 1658 2050 ergo
1671 2014 1717 2039 eo
1730 2001 1930 2050 significatu
1943 2002 2139 2050 capiamus,
2150 2001 2231 2038 sen-

1179 2052 1234 2089 sus
1255 2051 1363 2090 debet
1383 2051 1474 2096 effe,
1502 2065 1581 2090 non
1599 2053 1677 2089 sum
1702 2064 1772 2100 ego
1797 2052 1905 2100 digna
1921 2080 1930 2095 ,
1959 2064 2052 2100 quae
2079 2063 2226 2100 peream

1178 2113 1244 2151 per
1270 2110 1373 2140 tuam
1401 2103 1572 2141 duritiem
1595 2131 1605 2147 ‚
1641 2103 1666 2140 si
1693 2104 1732 2140 in
1760 2114 1801 2138 ea
1828 2102 2006 2150 perstabis.
2041 2102 2101 2139 sed
2128 2115 2225 2151 quo-

1180 2152 1299 2190 modo
1317 2161 1406 2191 tunc
1426 2155 1644 2191 cohaereant
1662 2153 1781 2190 versus
1803 2164 1882 2189 non
1909 2152 2032 2189 video.
2060 2161 2228 2190 tentave-

1179 2211 1233 2241 rat
1250 2204 1346 2252 prius
1365 2205 1532 2241 animum
1547 2205 1695 2254 juvenis
1709 2232 1718 2247 ‚
1743 2202 1919 2252 jactando
1938 2202 2133 2251 pudicitiae
2155 2203 2227 2240 ser-

1180 2262 1287 2291 vatae
1307 2254 1441 2298 decus,
1470 2255 1603 2292 deinde
1622 2254 1857 2292 similitudine
1882 2253 2082 2290 studiorum
2105 2254 2142 2289 &
2162 2264 2227 2290 ve-

1181 2305 1317 2349 nandi,
1345 2305 1466 2344 adhoc
1495 2306 1607 2343 fatalis
1637 2307 1730 2343 forte
1750 2304 1885 2341 amoris
1904 2304 1966 2340 suo
1984 2303 2106 2352 generi
2127 2304 2229 2341 attri-

1181 2355 1257 2393 buti
1284 2364 1484 2405 praetextu.
1504 2356 1636 2393 deinde
1663 2356 1697 2393 se
1718 2353 1986 2404 pulchritudine
2005 2352 2228 2401 Hippolyti,

1183 2417 1269 2443 cum
1307 2406 1475 2444 Eleusine
1503 2407 1701 2444 versaretur
1720 2434 1729 2449 ,
1765 2406 1924 2454 primum
1957 2412 2097 2450 captam
2123 2401 2227 2440 fuisse

1182 2465 1388 2495 narraverat
1416 2486 1426 2502 ,
1479 2470 1579 2495 nunc
1624 2465 1789 2506 precatui·
1825 2464 1864 2492 ut
1902 2454 2070 2490 duritiem
2110 2452 2228 2500 depo-

1181 2516 1244 2544 nat
1266 2535 1276 2551 ,
1320 2508 1404 2557 quia
1440 2520 1517 2545 non
1555 2516 1630 2544 erat
1665 2507 1773 2554 digna
1810 2506 1925 2552 perire
1963 2516 2023 2550 per
2058 2502 2225 2541 indolem

1181 2559 1271 2607 ejus.
1304 2559 1395 2594 haec
1414 2570 1492 2595 non
1520 2559 1728 2595 cohaerent.
1755 2557 1874 2592 1111110
1897 2553 2028 2590 addere
2049 2552 2227 2609 debebat,

1181 2608 1216 2645 se
1253 2608 1401 2657 dignam
1437 2607 1506 2645 eise
1531 2636 1541 2652 ‚
1587 2616 1628 2645 ut
1674 2607 1845 2644 duritiem
1891 2605 1929 2641 in
1964 2604 2039 2653 ejus
2069 2611 2226 2651 gratiam

1183 2667 1334 2696 exueret
1355 2686 1365 2702 ,
1411 2660 1449 2696 &
1488 2666 1621 2697 mutuo
1659 2668 1787 2694 amore
1823 2666 1907 2692 eam
1934 2654 2228 2703 amplecteretur.

1182 2721 1295 2759 quare
1311 2710 1471 2758 legerem
1486 2722 1495 2747 ι

1233 2766 1331 2796 Nam
1345 2761 1427 2809 sum
1447 2757 1600 2797 materia
1621 2757 1725 2807 digna
1738 2756 1846 2807 perire
1864 2765 1939 2792 tua.

1182 2811 1296 2848 Perire
1313 2812 1374 2849 hic
1392 2811 1439 2848 est
1459 2809 1621 2849 amando
1649 2810 1787 2856 perire,
1814 2815 1855 2845 ut
1874 2806 2052 2844 Horatius
2067 2834 2077 2851 ,
2100 2805 2226 2855 Virgi-

1180 2862 1248 2901 lius
1285 2863 1323 2899 &
1357 2861 1416 2900 alii
1448 2861 1554 2910 loqui
1590 2866 1748 2903 amant,
1795 2857 1839 2895 de
1875 2869 1952 2907 quo
1986 2857 2144 2906 pluribus
2178 2855 2225 2894 ad

1183 2912 1337 2961 Quin&
1364 2913 1468 2951 Decl.
1493 2923 1554 2948 xv.
1578 2910 1613 2948 8.
1644 2910 1796 2959 egimus.
1822 2908 1983 2957 deposita
2004 2919 2091 2956 ergo
2120 2913 2227 2955 rogat

1184 2963 1314 3001 duritia
1336 2991 1346 3008 ,
1381 2972 1421 3002 ut
1446 2963 1481 3000 se
1514 2968 1645 3004 amet,
1681 2962 1719 2997 &
1751 2960 1909 2997 amando
1941 2958 2067 3007 perdat
2090 2987 2100 3001 ‚
2136 2968 2222 2994 nain

1183 3014 1292 3063 digna
1317 3024 1391 3053 erat
1408 3016 1447 3051 in
1464 3025 1576 3063 quam
1595 3012 1786 3049 materiem
1805 3011 1903 3047 illam
1920 3036 1930 3053 ,
1951 3021 2028 3046 non
2045 3008 2090 3044 ad
2111 3018 2227 3061 vena·

1183 3073 1290 3110 tum,
1321 3065 1383 3103 secl
1419 3064 1465 3101 ad
1499 3074 1667 3101 amorem
1695 3063 1733 3099 &
1766 3061 1979 3103 libidinem,
2013 3060 2084 3096 11110
2110 3067 2227 3104 nique

1183 3115 1330 3164 segnem
1360 3117 1399 3153 &
1428 3116 1583 3153 inertem
1606 3142 1616 3158 ,
1658 3124 1757 3150 nunc
1791 3112 1927 3149 exserat
1963 3112 2001 3146 ὅς
2031 3114 2225 3163 exerceat,

1186 3167 1224 3204 ὃς
1242 3167 1401 3216 juvenili
1417 3166 1545 3203 ardore
1564 3166 1612 3202 ita
1629 3175 1710 3201 eain
1732 3162 2008 3212 amplecteretur
2022 3187 2032 3202 ,
2060 3166 2099 3194 ut
2127 3169 2224 3205 peri-

100 3216 289 3264 qUthJJOt
307 3221 326 3245 a
349 3221 409 3246 me
427 3209 506 3247 sunt
523 3211 709 3258 inspeetae.
727 3225 909 3262 praeterea
927 3229 1011 3255 cum
1032 3229 1135 3265 prae·
1187 3226 1254 3255 ret.
1280 3218 1373 3255 haec
1399 3228 1482 3254 mea
1509 3216 1553 3253 de
1581 3214 1828 3253 obscuriffiino
1855 3214 1940 3249 loco
1970 3207 2157 3246 sententia.
2194 3204 2223 3246 fi

105 3257 242 3298 cesserit
254 3259 333 3309 jam
356 3260 457 3298 versu
477 3262 649 3310 proximo
675 3263 837 3312 durities,
865 3267 990 3308 odiosa
1011 3268 1135 3307 omni·
1188 3268 1268 3318 quis
1289 3268 1442 3307 meliora
1462 3266 1613 3312 offerat,
1636 3266 1762 3306 lubens
1781 3262 1963 3302 accedam.
1989 3259 2123 3297 Euam.

2079 3306 2139 3355 87,
2169 3313 2230 3351 Ine:-
