2553 3676
573 191 1670 259 AMORUML1B.11.16,
2013 212 2172 265 ’ψῃ

331 293 500 367 Quod
526 292 565 346 fi
584 292 897 359 Neptunum
920 282 1136 338 ventosa
1158 284 1401 353 potentia
1424 285 1620 349 vincit,

404 367 477 420 Et
499 363 846 417 subventuros
874 356 1078 411 auferet
1099 354 1244 409 unda
1266 356 1447 419 Deos;

330 438 425 492 Tu
446 432 631 489 nostris
653 431 837 486 niveos
862 429 1094 484 humeris
1117 429 1336 500 impone
1363 430 1602 485 lacertos

224 527 292 573 30
399 507 647 576 Corpore
671 521 768 557 nos
790 502 930 557 facili
953 502 1112 556 dulce
1137 500 1368 555 feremus
1394 518 1546 555 onus,

328 580 492 649 Saepe
517 590 704 649 petens
729 575 890 630 Hero
910 574 1118 646 juvenis
1145 586 1441 629 tranaverat
1463 573 1647 627 undaS.

399 651 561 705 Tunc
587 666 805 723 quoque
832 647 1106 709 tranasset;
1144 647 1236 701 sed
1261 647 1345 702 via
1369 665 1525 701 caeca
1543 646 1666 701 fuit.

328 725 405 777 At
432 724 537 777 fine
564 736 646 786 te,
684 723 923 795 quamvis
948 719 1157 793 operofi
1180 719 1374 774 vitibus
1397 720 1510 792 agri

397 795 497 850 Me
522 809 766 858 teneant,
805 795 1043 868 quamvis
1067 792 1306 847 amnibus
1330 812 1451 847 arva
1477 803 1690 854 natent,

220 886 283 936 35
323 866 396 922 Et
419 881 581 922 vocet
605 869 660 921 in
683 869 824 921 rivos
848 880 1124 939 parentem
1155 864 1375 919 rusticus
1397 864 1626 927 unda-m,

404 940 730 1013 Frigidaque
755 939 996 994 arboreas
1022 940 1252 992 mulceat
1276 956 1398 992 aura
1421 954 1631 998 com-<153

324 1014 452 1068 Non
476 1031 581 1085 ego
606 1013 856 1084 Pelignos
880 1012 1069 1067 videor
1095 1011 1363 1065 celebrare
1386 1008 1636 1064 salubres:

397 1086 526 1143 Non
549 1103 654 1158 ego
678 1087 933 1150 natalem,
971 1103 1092 1139 rura
1115 1097 1360 1156 paterna,
1396 1083 1609 1143 locum3

2068 1153 2176 1211 Sed

0 1262 1 1293 l

0 1303 2 1361 l
33 1303 172 1363 Primus
198 1309 412 1355 Palatinus,
444 1317 605 1359 reportat.
647 1307 751 1359 quod
779 1305 867 1346 effet
887 1334 900 1352 ‚
933 1313 1074 1356 repotat‚
1128 1305 1329 1343 Maronem
1349 1305 1411 1343 lib.
1443 1317 1474 1343 1.
1501 1304 1704 1344 Aeneidos.
1733 1305 1771 1342 in
1790 1302 1993 1352 principio,
2024 1301 2175 1341 molitus

34 1363 144 1402 Pons.
163 1363 225 1401 lib.
247 1374 310 1400 111.
335 1362 436 1410 Eieg.
456 1373 491 1398 X.
1129 1357 1281 1394 exitium
1319 1357 1447 1394 Aenea
1472 1385 1480 1400 ‚
1518 1356 1631 1395 inscio
1671 1357 1709 1394 &
1739 1355 1954 1404 indignante
1982 1354 2174 1402 Neptuno.

85 1419 158 1450 Nec
171 1422 261 1462 potes
279 1411 405 1460 itffeftis
425 1411 571 1457 conferre
593 1409 798 1459 Charybdin
820 1407 972 1445 Achaeis
985 1434 996 1452 ‚
1131 1407 1180 1444 sic
1199 1407 1376 1445 Martialis
1394 1408 1455 1445 lib.
1476 1420 1510 1445 x.
1535 1419 1592 1457 30.

58 1512 61 1513 ⁷
135 1469 198 1500 Ter
217 1464 292 1500 licet
310 1472 434 1512 epotet‚
463 1473 514 1498 ter
532 1472 655 1499 vomat
673 1461 739 1498 illa
747 1462 896 1508 fretum.
1108 1465 1113 1469 ”
1183 1459 1218 1495 si
1237 1459 1374 1507 quando
1395 1465 1525 1495 Nereus
1537 1457 1648 1508 sentit
1669 1456 1770 1493 Aeoli
1790 1470 1946 1504 regnum.

0 1510 1 1545 l
34 1512 104 1552 Sed
133 1514 274 1563 refhrbet
307 1513 469 1563 impense
497 1512 625 1561 placet.
661 1513 771 1561 Epist.
798 1510 958 1549 Medeae
978 1537 990 1554 ‚
1029 1508 1075 1546 de
1131 1509 1178 1547 Et
1198 1511 1246 1547 ita
1267 1520 1449 1556 temperare
1469 1519 1600 1547 ventos
1623 1509 1763 1546 Aeolus
1783 1508 1913 1545 dicitur
1934 1507 2042 1556 Epist.
2060 1520 2094 1545 x.
2114 1507 2175 1546 66.

0 1572 1 1596 l
35 1564 220 1615 Charybdi
252 1577 333 1611 125.
1129 1572 1193 1608 per
1217 1566 1302 1597 Deos
1322 1573 1412 1598 vero
1429 1560 1659 1607 subventuros
1678 1558 1927 1608 intelligendi,
1957 1570 2117 1608 quorum
2136 1559 2175 1596 in

84 1618 251 1665 Qaeque
279 1614 392 1651 vomit
422 1613 548 1664 fluctus
573 1613 718 1651 totidem
738 1641 749 1657 ‚
787 1612 997 1662 totidemque
1023 1624 1075 1647 re·
1129 1611 1241 1648 tutela
1260 1611 1360 1648 navis
1382 1619 1467 1648 erat.
1495 1612 1636 1657 ventosa
1663 1619 1786 1647 autem
1812 1609 1965 1659 potentia
1996 1610 2082 1658 quia
2106 1609 2177 1645 im-

218 1665 354 1714 fhrbet,
1125 1660 1270 1710 perabat
1296 1662 1399 1710 saepe
1427 1662 1539 1710 tristia
1559 1690 1569 1706 ,
1605 1669 1645 1698 ut
1673 1660 1782 1709 Epist.
1809 1673 1922 1697 xvxu.
1949 1660 2007 1706 46.
2045 1659 2106 1697 ubi
2135 1660 2175 1697 ὃς

133 1723 206 1753 Nos
223 1730 353 1767 quoque
375 1715 572 1752 Trinacriae
585 1713 795 1764 supposuiffitt
815 1726 938 1764 aquae.
1130 1711 1263 1750 Boreas
1283 1716 1425 1748 co'e‘rcere
1445 1725 1555 1762 aquas
1571 1712 1713 1750 dicitur.
1733 1710 1999 1748 Bemmaris.

32 1765 204 1817 Virgilius
230 1780 290 1804 111.
309 1779 392 1813 421.
414 1765 570 1803 Aeneid.
594 1765 638 1802 de
662 1764 869 1813 Charybdi:
1181 1774 1240 1809 27.
1268 1762 1429 1812 Vincat]
1460 1763 1572 1799 Vincit
1596 1791 1606 1807 ,
1642 1763 1681 1799 ὃς
1708 1773 1799 1798 mox
1830 1762 1961 1808 auferet
1990 1760 2178 1800 meliore&

370 1823 442 1853 Imo
460 1815 630 1853 Barathri
644 1825 697 1852 ter
714 1814 848 1864 gurgite
866 1812 978 1861 vastos
1131 1813 1344 1851 HEmsms.
1382 1815 1500 1850 Vincet
1531 1814 1660 1850 decem
1689 1812 1807 1860 scripti
1837 1813 1875 1849 &
1903 1811 2021 1859 prima
2051 1810 2178 1850 editiO.

83 1867 196 1906 Sorbet
215 1868 255 1904 in
275 1868 460 1917 abruptum
475 1865 618 1917 fluctus,
1129 1865 1260 1911 auferet
1278 1863 1342 1901 illa
1361 1863 1596 1913 Neapolitan.
1617 1865 1654 1900 ἃ
1676 1861 1849 1899 Mentelii
1866 1863 1975 1910 prior.

0 1924 1 1956 ἱ
35 1919 166 1959 Noster
185 1921 342 1958 Metam.
366 1931 436 1955 vn.
456 1920 514 1967 63.
1183 1926 1241 1963 31,
1274 1921 1371 1952 Hero.
1392 1914 1408 1964 ]
1454 1921 1566 1951 Heron
1602 1914 1809 1951 Puteaneus
1850 1913 1887 1949 &
1927 1924 2059 1950 omnes
2099 1912 2177 1951 fere

206 1981 210 1987 ’
359 1968 571 2020 Ratibusque
587 1966 732 2005 inimica
749 1965 946 2017 Charybdis
1129 1964 1248 2014 scripti
1275 1976 1359 2003 cum
1389 1966 1506 2015 prima
1535 1964 1711 2003 editione.
1747 1963 1822 2001 vid.
1849 1963 1960 2012 Epist.
1990 1976 2059 2001 vu.
2094 1975 2176 2014 133.

87 2028 192 2058 Nunc
203 2020 336 2069 sorbere
344 2022 481 2068 fretum
496 2048 505 2064 ,
534 2032 626 2055 nunc
642 2018 791 2058 reddere.
1131 2014 1357 2053 BuitMANNu
1365 2030 1392 2053 s.

0 2079 1 2082 ’
33 2070 369 2121 Tibull.Panegyr.
387 2069 583 2108 Messalae:
1185 2078 1244 2115 33.
1281 2066 1462 2115 Qamvis
1490 2064 1610 2116 operosi
1636 2065 1772 2102 vitibus
1800 2063 1875 2114 agri
1904 2070 1965 2101 Me
1996 2063 2175 2115 teneant]

85 2129 158 2160 Nec
177 2122 306 2170 Scyllae
318 2122 422 2170 saevo
443 2119 629 2158 conterruit
644 2118 790 2167 impetus
808 2117 922 2166 aestu,
1133 2116 1305 2155 Ostendit
1325 2125 1442 2155 aetate
1462 2117 1522 2154 sua
1542 2118 1580 2154 in
1599 2128 1687 2165 agro
1709 2115 1941 2154 Sulmonensi
1962 2118 2085 2153 vineas
2105 2114 2175 2152 effe

84 2179 176 2210 Cum
196 2172 335 2209 canibus
356 2182 472 2222 raptas
491 2172 584 2208 inter
595 2172 694 2216 freta
705 2168 857 2217 fhrberet
873 2168 1012 2211 undas,
1128 2167 1435 2212 innumerabiles,
1458 2176 1499 2205 ut
1519 2167 1564 2204 ad
1583 2168 1683 2204 hunc
1703 2177 1855 2216 quoque
1874 2166 1973 2204 diem
1993 2166 2175 2203 videmus.

86 2230 164 2261 Non
182 2224 336 2260 violenta
348 2223 410 2272 suo
432 2220 629 2271 consumpfit
651 2220 689 2256 in
708 2216 986 2268 ore‘Charybdis.
1132 2218 1350 2255 Cromnos.
1382 2216 1547 2254 cultibus
1574 2217 1689 2255 editio
1716 2218 1832 2265 prima
1861 2218 1898 2254 ὅ(
1923 2217 2102 2254 Palatinus
2124 2216 2176 2252 al-

37 2274 93 2313 sive
125 2274 350 2312 scribendum
375 2302 385 2317 ,
415 2273 564 2321 fhrberet
599 2283 666 2321 pro
698 2272 841 2319 serperet
877 2268 1075 2307 doetiffimi
1129 2276 1195 2305 ter.
1223 2270 1272 2307 ita
1299 2268 1409 2317 Epist.
1431 2280 1463 2305 x.
1486 2280 1544 2316 59.
1566 2274 1673 2304 Vacat
1698 2267 1812 2316 insula
1833 2267 1929 2304 cultu
1950 2283 1961 2311 3
1994 2268 2031 2304 &
2058 2264 2177 2315 operosi

39 2325 164 2374 GuJeti
182 2325 241 2363 est.
269 2334 386 2362 cetera
406 2327 486 2362 sunt
508 2334 600 2360 mea.
630 2321 733 2359 Silius
753 2321 813 2358 lib.
831 2333 910 2358 xiv.
932 2332 1015 2369 255.
1130 2319 1211 2357 sunt
1228 2320 1327 2367 agri,
1353 2321 1390 2357 in
1408 2319 1538 2368 quibus
1557 2319 1716 2357 multum
1736 2319 1855 2367 operis
1875 2317 1935 2362 fit,
1963 2326 2003 2355 ut
2024 2318 2173 2354 colatur.

85 2382 132 2414 Et
149 2376 208 2425 qui
227 2385 391 2425 correptas
405 2374 598 2423 fhrbentem
619 2372 761 2409 vorticis
778 2371 902 2419 hausta
916 2399 927 2416 ,
1131 2369 1204 2407 vid.
1239 2370 1402 2407 Broukh.
1429 2369 1474 2407 ad
1500 2369 1627 2407 Tibul.
1657 2382 1686 2407 1.
1709 2380 1742 2406 x.
1763 2369 1796 2406 8.
1824 2369 1870 2406 fic
1889 2368 2014 2418 operosa
2037 2366 2175 2404 colenti-

87 2434 207 2477 Atque
223 2427 348 2463 iterum
366 2424 743 2474 efundo,jaculantem
758 2421 1076 2472 adfiderapuppim
1130 2419 1192 2457 bus
1209 2434 1315 2459 arva.
1341 2433 1371 2458 1.
1393 2421 1471 2458 Art.
1495 2431 1577 2468 399.
1605 2420 1868 2457 Rumpimus.

88 2478 380 2515 Tauromenitana
401 2486 544 2512 cernunt
565 2475 606 2510 de
614 2474 694 2523 sede
714 2472 932 2521 Charybdin.
1183 2483 1239 2520 34.
1263 2471 1441 2520 Qamvis
1456 2470 1618 2507 amnibus
1632 2484 1724 2507 arva
1742 2468 1891 2516 natent.]
1914 2468 1971 2505 Sic
1982 2465 2174 2506 Maffeian.

39 2526 140 2567 Hinc
164 2538 256 2571 torta
282 2526 478 2575 Charybdis
498 2526 613 2563 Statio
635 2526 846 2572 Propempt.
870 2524 981 2563 Metii
1002 2525 1076 2563 Ce-
1130 2522 1230 2561 vere.
1260 2523 1478 2560 CioFANus.
1517 2520 1690 2558 Imbribus
1715 2520 1829 2557 editio
1852 2519 1968 2567 prima
1990 2546 2000 2563 ‚
2029 2518 2175 2568 Gryph-

0 2601 1 2625 3
39 2577 129 2619 lens.
155 2578 342 2627 Penelope
355 2577 575 2615 Sabiniana:
1133 2573 1171 2610 δε
1192 2574 1294 2610 aliae.

0 2635 1 2638 ’
90 2629 246 2667 fumidis
270 2638 363 2666 torta
390 2626 587 2676 Charybdis
612 2625 724 2677 aquis.
1186 2635 1244 2672 35.
1273 2628 1481 2659 Currentem
1509 2620 1651 2668 rusticus
1678 2618 1830 2666 πψτη]
1861 2619 2018 2656 Stultum
2049 2619 2098 2657 est
2126 2619 2174 2658 de

1 2687 3 2691 ’
39 2681 150 2731 Apud
177 2680 330 2718 Statium
357 2690 548 2728 perperam
570 2687 675 2714 torva
693 2690 793 2716 nunc
814 2677 1078 2717 circumfertur.
1134 2674 1253 2711 musto
1279 2674 1492 2723 intelligere.
1537 2673 1676 2710 idcireo
1708 2670 1944 2708 emaculanda
1971 2670 2020 2706 est
2046 2670 2176 2718 depra-

39 2732 176 2771 Seneca
194 2731 329 2768 Medea
345 2730 432 2777 408.
1137 2734 1216 2762 vata
1240 2725 1353 2763 leetio
1368 2752 1378 2769 ,
1407 2726 1445 2761 ὃς
1473 2735 1518 2760 ex
1545 2722 1779 2772 antiquissimi
1808 2721 1942 2758 codicis
1959 2721 2175 2758 auctoritate

91 2785 193 2831 Quo
211 2781 344 2830 Scylla,
372 2794 459 2831 quae
478 2779 676 2829 Charybdis
691 2780 891 2827 Aafhnium
906 2792 1003 2817 mare
1134 2775 1332 2825 legendum
1353 2780 1531 2816 Amnem,
1552 2783 1613 2811 aut
1636 2773 1762 2822 (quod
1783 2773 1911 2809 melius
1929 2771 1999 2818 est)
2024 2771 2174 2810 Undam.

93 2831 311 2880 Siculumque
322 2831 459 2879 sorbens
472 2859 481 2875 ,
501 2833 644 2879 ferveat
661 2831 773 2867 tantis
792 2831 910 2868 minis.
1135 2836 1175 2863 ut
1198 2828 1452 2875 interpretetur
1471 2825 1586 2861 Poeta
1604 2852 1615 2868 ‚
1641 2823 1745 2872 quod
1766 2823 1868 2871 supra
1888 2823 2026 2859 dixerat
2040 2850 2050 2866 ‚
2079 2828 2173 2859 Am-

2 2908 3 2930 3
44 2881 177 2928 Ditf'cys
204 2880 394 2918 Cretensis.
423 2882 482 2919 lib.
518 2894 577 2919 VI.
611 2895 643 2929 5.
671 2881 735 2917 Ad
756 2881 961 2930 postremum
989 2879 1081 2917 inter
1136 2875 1236 2913 nibus
1258 2890 1351 2913 arva
1372 2884 1494 2913 natent
1518 2888 1526 2911 :
1566 2876 1603 2912 &
1630 2874 1675 2912 de
1693 2885 1863 2922 agrorum
1888 2874 2098 2921 irrigatione
2117 2874 2175 2908 in-

44 2931 195 2980 Soyllam
216 2941 258 2968 ω’
277 2930 490 2978 Charybdim
517 2945 613 2968 mare
630 2932 888 2980 saevzffimum,
916 2942 959 2970 ω’
976 2930 1081 2967 illata
1134 2926 1361 2976 telligamus,
1388 2926 1434 2964 de
1453 2937 1524 2976 qua
1544 2925 1591 2963 fic
1607 2925 1771 2975 loquitur
1788 2926 1826 2962 in
1848 2924 2038 2972 Georgicis
2061 2922 2171 2959 Maro

39 2982 171 3032 sorbere
189 2979 331 3028 solitum
347 3008 356 3024 ,
376 2980 548 3029 plurimas
566 2983 717 3020 navium
737 2995 814 3020 cum
835 2982 935 3033 fhciis
952 2981 1083 3031 amifit.
1140 2990 1170 3017 1.
1202 2980 1282 3015 106.

2 3067 4 3086 i
47 3034 257 3071 Hermus.
548 3069 553 3075 .
1188 3028 1325 3066 Deinde
1334 3028 1425 3077 fhtis
1436 3025 1594 3077 fluvium
1616 3026 1750 3063 inducit
1764 3053 1774 3069 ,
1801 3025 1958 3073 rivosque
1970 3023 2172 3075 seque-ntes?

99 3094 159 3128 27.
187 3080 289 3129 Qcod
300 3077 334 3128 fi
353 3081 505 3128 Neptuni
524 3083 664 3131 ventosa
682 3083 873 3130 potentia]
902 3083 1082 3129 Plurimi,
1188 3085 1234 3117 Et
1253 3093 1330 3117 cum
1349 3079 1482 3126 exustus
1500 3092 1576 3127 ager
1596 3077 1818 3114 morientibus
1836 3076 1965 3122 aestuat
1986 3071 2120 3115 herbis,

50 3133 157 3181 eique
178 3132 307 3180 optimi
330 3159 340 3174 ‚
378 3141 463 3167 cum
490 3134 605 3178 prima
635 3134 795 3172 editione
819 3164 829 3179 ,
858 3130 1082 3185 'Neptunum
1188 3135 1269 3168 Ecce
1287 3130 1457 3179 supercilio
1478 3127 1594 3178 clivofi
1610 3128 1764 3165 tramitis
1781 3127 1913 3163 undam

50 3182 151 3232 quod
180 3194 257 3220 non
287 3180 332 3218 de
364 3180 491 3218 nihilo.
528 3190 568 3218 ut
601 3194 664 3230 per
690 3185 867 3232 ventosam
889 3185 1083 3235 potentiam
1189 3182 1322 3218 Elicit:
1351 3181 1418 3217 illa
1436 3180 1557 3216 cadens
1575 3192 1719 3216 raucum
1735 3187 1793 3226 per
1815 3177 1906 3212 levia
1926 3183 2084 3209 murmur

51 3232 225 3281 intelligat
252 3231 416 3269 Aeolum
433 3259 442 3275 ,
470 3240 667 3269 ventorum
695 3242 886 3279 potentem
899 3263 910 3279 ,
937 3236 1001 3284 qui
1028 3237 1085 3273 in·
1194 3237 1286 3268 Saxa
1306 3232 1367 3268 ciet
1381 3260 1390 3276 ‚
1411 3231 1640 3280 scatebrisque
1657 3230 1792 3264 arentia
1812 3232 1972 3271 temperat
1992 3232 2096 3257 arva.

54 3283 134 3327 vito
160 3284 264 3333 saepe
301 3283 480 3332 Neptuno
508 3281 738 3331 tempestates
765 3283 835 3320 ciet
855 3311 866 3328 ‚
914 3295 955 3323 ut
988 3284 1087 3334 apud
1143 3284 1324 3323 Mamm.
1350 3283 1531 3330 Excerpta
1553 3280 1711 3365 meaii
1728 3305 1738 3321 ‚
1778 3273 1942 3321 Scaligeri
1961 3299 1972 3318 ‚
2011 3272 2048 3309 ὃ(
2076 3270 2176 3358 1ἰο1ὶ·ι

1641 3349 1652 3363 ,
1746 3335 1767 3363 2
2103 3333 2179 3364 iani
