2553 3676
248 215 315 280 64
744 201 804 257 P.
881 196 1292 258 ov1D11

1365 194 1893 254 NASONIS

539 288 821 362 Denique,
860 299 1005 341 tutus
1033 302 1183 340 amor
1206 302 1357 339 meus
1381 284 1455 340 est
1478 284 1588 340 tibi.
1624 289 1765 343 nulla
1789 297 2040 361 parantur

437 379 506 429 90

625 361 798 425 Bella,
838 378 937 414 nec
961 359 1176 413 ultrices
1201 357 1418 412 advehit
1438 358 1582 413 unda
1605 373 1758 415 rates.

546 434 819 508 Tyndaris
842 430 1039 486 infestis
1061 431 1287 503 fugitiva
1308 431 1604 504 reposcitur
1627 434 1798 488 armis,

625 506 749 561 Hac
775 505 924 560 venit
946 504 1004 558 in
1025 504 1281 559 thalamos
1310 503 1441 558 dote
1464 504 1686 575 superba
1708 516 1843 561 tuos.

553 581 709 653 Quae
735 578 772 633 si
792 577 853 633 sit
876 578 1078 632 Danais
1105 576 1384 632 reddenda
1399 616 1414 639 ,
1451 578 1537 629 vel
1562 575 1808 633 Hectora
1832 579 2082 645 fratrem,

627 651 735 708 Vel
759 670 886 705 cum
910 649 1206 722 Deiphobo
1233 648 1619 722 Polydamanta
1642 667 1788 721 roga.

445 746 510 795 95
552 724 705 798 Quid
730 724 901 796 gravis
925 724 1176 776 Antenor
1192 760 1206 784 ‚
1243 721 1486 775 Priamus
1511 719 1644 794 quid
1668 723 1879 777 censeat
1902 724 2040 795 ipse,

629 797 893 856 Consule;
934 796 1053 867 quis
1077 807 1218 847 aetas
1242 794 1402 864 longa
1426 792 1669 865 magistra
1689 793 1805 849 fuit.
1949 843 1960 857 ,

558 871 751 942 Turpe
775 868 1172 930 rudimentum,
1209 867 1409 937 patriae
1435 884 1764 938 praeponere
1789 879 2012 940 raptam.

631 941 819 996 Caull'a
843 939 1098 1014 pudenda
1122 953 1213 993 tua
1237 939 1341 1001 est3

1379 939 1509 1010 justa
1545 940 1627 993 vir
1650 958 1791 994 arma
1818 953 2019 994 movet.

558 1016 677 1070 Nee
705 1015 829 1078 tibi,
869 1013 905 1067 fi
929 1013 1119 1086 sapiaS,
1157 1010 1319 1066 fidam
1342 1013 1601 1084 promitte
1626 1012 1956 1077 Lacaenam,

421 1109 520 1144 1oo
632 1089 787 1161 Quae
816 1086 874 1140 fit
898 1087 953 1140 in
977 1085 1250 1156 amplexus
1275 1098 1383 1138 tam
1406 1085 1518 1139 cito
1541 1084 1687 1139 versa
1712 1099 1851 1141 tuos.

568 1159 645 1214 Ut
668 1161 846 1214 minor
871 1158 1092 1213 Atrides
1117 1158 1366 1212 temerati
1393 1157 1617 1213 foedera
1639 1157 1762 1212 leeli

643 1231 880 1295 Clamat,
918 1230 973 1284 δε
999 1243 1228 1285 externo
1254 1231 1414 1286 laesus
1439 1248 1622 1286 amore
1649 1231 1827 1294 dolet3

324 1401 464 1440 stravit
482 1405 526 1442 (θ’
542 1400 657 1451 ignota
666 1400 891 1452 [pellandum
912 1399 998 1438 mole
1019 1406 1161 1438 Leonem
1175 1427 1186 1445 ,

379 1454 562 1491 Herculeas
576 1454 687 1503 potuit
709 1453 769 1502 qui
791 1451 928 1501 decuisse
946 1465 1084 1490 manus.

279 1504 335 1542 Ita
357 1506 396 1542 ὃς
415 1506 499 1542 Stat.
525 1516 580 1541 iv.
600 1503 699 1553 Sylv.
731 1515 788 1541 1v.
807 1505 866 1549 46.
889 1505 927 1540 ὃς
949 1503 1072 1540 Theb.
1100 1514 1157 1539 11.
1177 1512 1260 1551 243.
1285 1502 1323 1539 &

281 1569 316 1592 x.
340 1567 420 1605 335.
449 1553 564 1604 poffet
594 1556 632 1591 ὃς
664 1555 764 1603 legi,
800 1567 887 1603 quae
906 1552 1032 1602 possent
1058 1554 1188 1602 sceptra
1218 1563 1326 1588 tenere

280 1619 409 1642 manus
434 1633 445 1649 ,
480 1618 524 1642 ex
547 1605 713 1649 Patricii,
736 1605 895 1641 Douzae
926 1606 965 1640 &
995 1604 1165 1641 Scriverii
1186 1602 1327 1640 codice.

282 1656 367 1693 Stat.
394 1668 407 1693 1
421 1667 450 1692 1.
471 1668 554 1702 429.

331 1712 465 1755 Sceptra
489 1705 626 1742 dicavit
644 1704 747 1742 honos
760 1732 770 1750 ,
799 1713 892 1741 teneo
909 1703 1114 1754 longumque
1133 1702 1260 1742 tenebo.

282 1756 352 1806 Ep.
375 1769 461 1793 xvi.
488 1768 568 1804 175.

335 1812 469 1856 Sceptra
487 1813 617 1842 Parens
638 1802 763 1853 Afiae.
784 1817 853 1854 qua
875 1805 974 1841 nulla
994 1804 1123 1840 beatior
1144 1816 1227 1847 ora,

389 1855 531 1893 Finibus
547 1854 719 1903 immenfis
737 1856 803 1892 vix
821 1854 974 1892 obeunda
992 1864 1096 1893 tenet.

283 1907 359 1946 Vel
380 1919 465 1945 cum
488 1907 695 1944 Vaticano:

337 1960 439 2007 Quis
459 1958 574 1994 deceat
587 1957 719 2006 sceptra
739 1966 849 1993 tenere
867 1970 1005 1995 manus.

339 2010 398 2055 87.
426 2007 649 2056 walam]
688 2007 872 2043 Cubabam
903 2008 1156 2046 Lovanienfis.
1189 2009 1334 2046 Hiems,

286 2066 360 2110 δεμ
372 2058 530 2109 jacebam
544 2087 554 2102 ,
581 2059 670 2095 alios
686 2059 807 2106 legere
828 2059 977 2095 notabat
996 2059 1142 2096 Douza.
1194 2096 1199 2102 ,

341 2111 400 2158 89.
429 2109 586 2160 Denique
607 2118 705 2144 tutus
719 2122 818 2144 amor
835 2122 929 2144 meus
946 2107 988 2155 est
1006 2109 1080 2146 tibi.
1095 2108 1109 2157 ]
1134 2108 1192 2146 Sic
1212 2108 1335 2146 distin-

285 2163 367 2212 guit
388 2161 592 2198 Puteaneus
606 2189 616 2204 ‚
635 2161 672 2196 ὅ(
695 2159 752 2196 alii
776 2159 939 2208 quidam.
962 2161 1058 2197 Puto
1080 2159 1332 2197 scribendum:

339 2212 500 2260 Denique
518 2222 616 2247 tutus
633 2223 731 2245 amor
748 2223 842 2246 meus
862 2210 915 2257 est.
936 2209 1026 2246 mihi
1046 2209 1147 2246 nulla
1158 2219 1336 2259 parantur

391 2262 486 2299 Bella
503 2291 511 2306 ,
540 2275 598 2298 nec
617 2260 753 2297 ultrices
769 2261 920 2297 advehet
938 2261 1035 2296 unda
1051 2270 1154 2298 rates.

289 2315 348 2352 Ut
388 2313 553 2351 ostendat
592 2312 668 2349 suas
709 2312 851 2360 nuptias
883 2311 1002 2348 Paridi
1035 2311 1199 2348 utiliores
1231 2312 1336 2356 fore,

290 2376 404 2414 quam
425 2364 569 2412 nuptias
599 2362 789 2406 Helenae;
819 2362 857 2399 ὅ(
882 2361 1034 2410 sequens
1057 2361 1235 2399 distichon
1257 2375 1338 2399 cor-

291 2415 499 2454 rectionem
524 2415 618 2451 hanc
640 2413 771 2450 firmat.
800 2413 1009 2449 Hemsms.
1037 2412 1231 2461 Eleganter
1251 2413 1337 2450 tales

293 2466 439 2514 nuptias
470 2465 685 2509 ἀπτολέμου
717 2463 819 2505 §uvae
849 2472 956 2501 vocat
975 2463 1165 2511 Euripides
1190 2464 1338 2501 Medea.

293 2517 379 2565 643.
410 2517 448 2553 ὃς
475 2515 646 2564 Acschyl.
673 2517 871 2563 Agamem.
891 2515 975 2563 695.
1004 2515 1083 2549 Tau
1112 2513 1339 2559 δορύγκυβρου

294 2567 490 2613 ἀμφινεικῆ
508 2564 669 2602 Ἑλέναν.
699 2566 942 2614 (japoferreus
964 2564 1145 2609 malebat,
1167 2565 1219 2601 cui
1240 2564 1341 2602 nulla

288 2625 468 2670 parantur
485 2615 586 2653 bella.
612 2616 875 2653 Burmannus,

349 2679 410 2715 93.
438 2669 579 2703 Hea‘tora
596 2667 787 2716 fratrem]
812 2668 900 2704 Non
922 2667 1109 2715 prohibet,
1130 2675 1169 2704 ut
1190 2667 1340 2716 quidam

297 2726 457 2766 putant:
494 2719 652 2755 omnino
683 2717 816 2755 suadet.
855 2718 1000 2755 Hector
1031 2719 1131 2755 enim
1165 2719 1341 2755 connubii

298 2767 412 2805 fidem
432 2767 646 2805 sanc‘uffime
667 2770 791 2806 coluit.
820 2769 967 2818 Adjecit
990 2769 1229 2817 Deiphobum
1244 2781 1341 2813 ‚non

297 2830 346 2855 ex
369 2817 514 2855 historia
530 2845 538 2860 ,
566 2818 717 2867 (quippe
739 2832 852 2868 quem
875 2820 1012 2857 constat
1030 2820 1218 2856 auctorem
1241 2818 1342 2856 l'uill'e

298 2880 348 2906 ne
384 2869 529 2905 Helene
558 2868 791 2915 redderetur)
825 2870 883 2907 sed
911 2871 1097 2918 opinionis
1126 2882 1246 2907 errore
1268 2898 1277 2913 ‚
1305 2871 1343 2907 ὃς

298 2920 449 2968 puellari
466 2919 652 2963 bonitate,
681 2932 792 2968 quam
815 2932 890 2957 non
917 2921 1067 2958 decebat
1088 2919 1157 2958 effe
1175 2921 1343 2969 suspicio-

301 2969 388 3008 sam.
417 2970 677 3006 l'aannasrus.

356 3032 415 3068 94.
443 3019 705 3067 Pulydamanta
733 3019 856 3068 roga]
887 3020 941 3056 Ex
966 3021 1173 3058 imitatione
1194 3022 1344 3059 Home-

303 3071 379 3108 rica
402 3071 438 3107 &
457 3070 538 3112 hic,
565 3072 601 3107 ὅ(
621 3070 726 3113 alibi,
756 3082 801 3106 ne
822 3070 950 3118 syllaba
972 3070 1161 3114 subsultet,
1189 3072 1344 3119 legimus

304 3121 570 3168 Pulydamanta
591 3148 601 3164 ,
637 3120 955 3168 quemadmodum
988 3121 1025 3155 &
1047 3120 1195 3169 Pulypus
1215 3149 1224 3165 ,
1261 3122 1346 3159 licet

305 3172 364 3208 alii
387 3170 642 3219 Polydamanta
663 3173 699 3207 ‘dc
719 3171 880 3219 Polypum
897 3199 906 3214 ‚
938 3178 976 3207 ut
1000 3171 1039 3206 lit
1063 3184 1084 3204 ω
1107 3183 1211 3217 mega
1228 3200 1237 3215 ‚
1262 3171 1343 3208 scri-

305 3222 391 3258 bete
416 3222 553 3259 malint.
582 3222 808 3259 EGNATH'S.
846 3221 966 3258 Scribe
989 3220 1275 3268 Pulydamanta,
1305 3231 1344 3259 ut

306 3272 401 3322 apud
441 3272 600 3311 Persium
639 3273 708 3310 Sat.
746 3285 776 3311 1.
811 3285 845 3319 4.
883 3278 963 3309 Non
997 3271 1086 3309 nn'hi
1117 3272 1343 3321 Pulydamas.

1092 1957 1305 1994 Hnmsms.

2330 1301 2424 1362 Tu

1378 1401 1552 1451 exemplo
1574 1401 1737 1440 Homeri
1756 1401 1958 1440 notiffimo.
1981 1401 2245 1439 PARRHAsxus.
2274 1401 2426 1451 Legunt

1377 1453 1438 1490 alii
1462 1453 1727 1501 Pulydamanta
1742 1482 1752 1497 ‚
1783 1454 1943 1491 Homeri
1967 1453 2139 1501 exemplo
2156 1481 2165 1496 ‚
2193 1452 2290 1501 apud
2311 1463 2426 1502 quem

1383 1502 1630 1550 Πουλυδάμκς
1651 1516 1718 1553 pro
1746 1504 1970 1548 Πολυδάμας
2002 1504 2121 1541 versus
2150 1504 2263 1552 gratia
2281 1503 2428 1552 aliquo-

1381 1554 1448 1590 ties
1478 1553 1619 1592 dicitur.
1659 1556 1739 1604 Ego
1771 1564 1898 1593 tamen
1925 1567 2002 1592 non
2032 1554 2144 1591 video
2165 1582 2174 1597 ‚
2205 1566 2268 1591 cur
2288 1566 2365 1591 non
2387 1554 2429 1591 &

1383 1603 1593 1651 Polydamas
1610 1617 1672 1651 per
1693 1620 1710 1640 o
1730 1606 1826 1641 reete
1851 1606 1989 1653 legatur
2004 1632 2012 1647 ‚
2041 1604 2190 1652 quando
2215 1606 2253 1641 ὃς
2270 1603 2431 1654 Polypus,

1385 1653 1488 1701 quod
1509 1654 1552 1689 ab
1573 1654 1703 1690 eadem
1722 1656 1863 1703 origine
1885 1654 2070 1692 descendit
2090 1668 2106 1689 0
2123 1655 2233 1703 longa
2254 1654 2431 1703 pofitum,

1388 1715 1474 1741 euin
1494 1703 1591 1751 apud
1615 1705 1790 1749 Latinos,
1817 1712 1896 1742 tum
1919 1704 2016 1754 apud
2034 1705 2195 1743 Graecos
2221 1707 2432 1754 reperiatur.

1387 1761 1429 1791 ut
1448 1754 1545 1801 apud
1564 1755 1766 1791 Horatium
1795 1768 1824 1792 1.
1845 1756 1959 1804 Satyr.
1986 1767 2018 1803 3.
2042 1767 2100 1804 39.

1443 1804 1569 1853 Turpia
1587 1804 1749 1854 decipient
1765 1819 1900 1842 caecum
1920 1806 2013 1842 vitia
2026 1833 2036 1848 ‚
2054 1815 2118 1841 aut
2134 1805 2241 1842 etiam
2260 1804 2330 1854 ipsa
2347 1805 2432 1842 haec

1441 1855 1627 1891 Dete-etant
1647 1854 1760 1892 veluti
1779 1855 1967 1892 Balbinum
1986 1854 2130 1904 Polypus
2148 1861 2285 1904 Agnae.

1389 1903 1439 1942 Et
1456 1905 1493 1941 in
1516 1906 1791 1954 Epigrammate
1817 1906 1956 1943 Isidoro
1977 1906 2147 1943 auclore:

1443 1955 1619 1993 Πώλυπσν
1636 1956 1811 2002 ἀγρεύσεις
1832 1959 1924 1993 ποτὲ
1943 1958 2097 2002 Κώνιχος
2115 1956 2157 2002 ἐξ
2177 1956 2264 1999 ελλος
2280 1957 2330 2001 εἷς
2349 1956 2417 2003 γῆν

1482 1998 1666 2052 ”Ερ’ρίῲεν,
1685 2006 1802 2049 δείσας
1821 2008 1911 2052 θηρὸς
1931 2007 2183 2051 ἱμαντοπέέῆν.

1389 2057 1537 2095 Deinde
1569 2059 1607 2094 δε
1642 2058 1855 2095 Athenaeus
1891 2057 1983 2097 libro
2012 2058 2192 2106 septimo,
2214 2058 2341 2104 ὃωριεῖς
2368 2057 2436 2102 ἒέ,’

1391 2109 1560 2158 (inquit,
1589 2107 1634 2145 de
1655 2108 1797 2158 Polypo
1820 2108 2002 2157 loquens)
2035 2109 2143 2145 ἰιυτόν
2160 2108 2219 2144 διὰ
2240 2113 2302 2145 τοῦ
2319 2108 2342 2145 ὠ
2366 2123 2434 2146 κοι-

1391 2161 1490 2195 λοῦσι
1518 2160 1715 2195 Ham->rouo
1731 2188 1741 2203 ‚
1771 2159 1814 2200 ὡς
1836 2157 2079 2204 Ἐπὶχκρμος,
2109 2162 2170 2194 καῖ
2195 2160 2384 2203 Σιμωνίδης
2403 2158 2438 2199 δ’

1390 2209 1463 2255 ἔφη
1482 2209 1659 2248 Πώλυπον
1674 2209 1859 2257 διζήμενος
1877 2210 1948 2247 &c.
1975 2209 2035 2248 sed
2051 2211 2142 2247 haec
2162 2211 2260 2258 prior
2280 2221 2438 2252 annota-

1389 2262 1443 2301 vit
1472 2261 1584 2298 etiam
1615 2260 1740 2299 Aldus.
1768 2262 1991 2299 Mycnrus.
2030 2260 2294 2310 Pulydamanta
2321 2275 2385 2311 per
2412 2278 2440 2302 u

1390 2312 1590 2361 legendum
1610 2341 1621 2358 ,
1662 2312 1765 2351 aliter
1795 2313 1925 2361 syllaba
1957 2312 2182 2350 claudicabit.
2219 2313 2436 2354 Ciorauus.

1395 2363 1509 2408 Sunt,
1537 2364 1601 2414 qui
1618 2371 1693 2402 tam
1717 2365 1791 2401 hoe
1810 2365 1897 2401 loco
1912 2392 1922 2407 ‚
1943 2375 2053 2412 quam
2077 2364 2436 2412 Metamorphoseon

1395 2427 1463 2451 xii.
1481 2427 1517 2452 v.
1540 2427 1620 2463 547.
1638 2413 1894 2452 Pulidamanta
1914 2414 2141 2451 scribendum
2163 2415 2320 2452 censent.
2341 2428 2437 2466 quos

1395 2465 1488 2502 inter
1522 2467 1699 2503 Ciofanus
1721 2480 1729 2503 ε
1773 2464 1877 2515 quod
1911 2465 2085 2502 Homero
2122 2464 2163 2502 fit
2193 2465 2437 2512 Πουλίδκμκς

1394 2516 1519 2564 passim
1544 2545 1554 2561 ‚
1593 2518 1632 2553 ὅς
1659 2517 1698 2553 in
1726 2515 1945 2560 Πολύέκμεις
1972 2516 2089 2564 prima
2117 2517 2339 2565 corripiatur.
2375 2518 2438 2557 sed

1397 2579 1482 2604 cum
1513 2567 1749 2604 membranae
1781 2575 1922 2604 veteres
1957 2567 2161 2604 constanter
2192 2579 2259 2615 pro
2291 2568 2438 2617 vulgata

1395 2618 1488 2655 stent
1519 2618 1698 2666 Scriptura
1718 2646 1729 2663 ,
1764 2618 1861 2666 apud
1885 2618 2118 2666 Propertium
2147 2630 2298 2666 quoque
2319 2619 2356 2654 ὅ(
2381 2620 2438 2656 Si-

1395 2668 1487 2705 lium
1517 2668 1683 2706 Italicum
1717 2670 1755 2705 &
1784 2667 1966 2711 Persium,
1995 2680 2072 2704 non
2103 2668 2216 2704 aulim
2237 2669 2438 2706 immutare

1396 2726 1581 2767 receptam
1599 2719 1775 2756 scribendi
1796 2719 1988 2756 rationem.
2015 2718 2220 2765 praesertim
2253 2730 2337 2756 cum
2361 2719 2438 2758 dia-

1396 2769 1495 2806 lecto
1520 2770 1660 2806 Dorica
1685 2771 1723 2807 &
1747 2767 2140 2813 navaoaaazg'dicatuia
2168 2767 2216 2805 fic
2238 2771 2436 2817 κοράλλον,

1398 2822 1600 2864 κουράλλον
1630 2822 1670 2857 ὃς
1693 2821 1878 2865 κωριὲλλον
1901 2847 1910 2861 ,
1949 2819 2090 2868 aliaque
2120 2819 2281 2867 ejusdem
2312 2828 2440 2858 notae.

1398 2870 1495 2919 apud
1515 2871 1743 2919 Propertium
1761 2869 1853 2907 libro
1874 2881 1936 2906 111.
1959 2870 2083 2917 Elegia
2106 2871 2220 2917 prima
2242 2884 2250 2907 ε
2289 2871 2440 2920 Polyda-

1400 2931 1525 2958 manta
1537 2920 1612 2970 fine
1629 2922 1748 2957 armis.
1779 2919 1874 2968 apud
1895 2920 2035 2956 l'ersum
2058 2920 2180 2968 Satyra
2200 2922 2314 2965 prima
2337 2935 2344 2959 :
2386 2929 2440 2960 Ne

1401 2973 1489 3008 mihi
1510 2971 1717 3019 Polydamas
1737 2982 1781 3010 φ
1806 2970 1965 3006 Troiades
1986 2969 2170 3006 Labeonem
2189 2972 2437 3010 Praetulerim.

1400 3022 1495 3070 apud
1515 3023 1641 3058 Silium
1659 3023 1750 3058 libro
1770 3034 1838 3057 xri.
1867 3020 2147 3068 Polydamanteis
2156 3022 2298 3070 juvenis
2314 3023 2441 3072 Pediaf

1401 3086 1465 3108 nus
1484 3073 1521 3107 in
1541 3072 1649 3106 armis
1671 3071 1763 3108 Bella
1784 3070 1941 3118 agitabat
1960 3082 2071 3107 atrox.
2101 3072 2306 3109 Hemsrus.

1452 3134 1510 3167 Q<.
1540 3122 1639 3168 {Qud
1660 3121 1784 3169 gravis
1804 3116 1963 3157 Antenor
1976 3151 1984 3166 ‚
2015 3122 2176 3158 Priamus
2195 3122 2280 3173 quid
2286 3123 2438 3171 suadeat

1398 3171 1490 3221 ipsiu]
1512 3171 1684 3208 Illustravi
1707 3173 1806 3209 hune
1825 3172 1948 3209 locum
1967 3173 2026 3210 lib.
2041 3186 2128 3209 xm.
2148 3174 2301 3209 Metam.
2324 3175 2437 3212 Cxor.

1450 3223 1614 3258 Priamus
1635 3222 1720 3272 quid
1734 3222 1882 3270 fitadeat
1898 3223 1999 3273 ipsa]
2022 3223 2165 3272 Cenfi’at
2185 3224 2439 3264 Lovanienfis.

1400 3274 1459 3312 Sic
1479 3272 1638 3322 Epistola
1658 3274 1825 3312 Helenae
1847 3284 1949 3313 vetus
1975 3274 2105 3314 codex.
2132 3285 2217 3313 211.

2344 3324 2444 3375 Qu
