2553 3676
658 179 1196 246 AMORUM
1270 183 1445 236 LIB.
1518 187 1557 239 Ι.

1635 193 1718 254 15?
2108 209 2236 257 ⁷393

381 281 519 338 Non
545 291 809 333 memore
833 282 1072 343 patrum,
1110 269 1242 325 dum
1268 269 1476 327 strenua
1498 273 1712 330 sustinet
1738 285 1904 346 aetas,

461 346 699 406 Praemia
724 344 942 398 militiae
965 342 1334 414 pulverulenta
1356 344 1531 418 sequi:

320 444 347 492 5
385 425 500 480 Nec
524 437 611 474 me
635 416 877 471 verbosas
904 416 1046 486 leges
1073 414 1338 469 ediscere:
1378 434 1478 471 nec
1504 436 1591 474 me

454 493 666 562 Ingrato
693 505 887 544 vocem
910 486 1228 560 prostituisse
1252 486 1391 543 foro‚
1802 538 1805 541 .

377 563 613 620 Mortale
637 561 738 624 est,
775 561 925 635 quod
952 561 1187 633 quaeriS,
1225 577 1372 633 opuS.
1412 560 1543 616 mihi
1568 561 1705 618 fama
1731 569 1977 637 perennis

449 633 765 708 Quaeritur:
804 634 860 688 in
882 646 1003 687 toto
1027 633 1235 705 semper
1260 646 1320 688 ut
1348 634 1478 689 orbe
1502 653 1674 689 canar.

375 707 543 764 Vivet
565 706 914 769 MaeonideS,
944 705 1213 760 Tenedos
1239 706 1371 762 dum
1394 707 1541 763 stabit
1568 707 1624 762 δε
1649 707 1772 763 Ide:

267 802 331 837 10

439 781 590 835 Dum
616 779 821 852 rapidas
849 778 1044 832 Simois
1068 778 1123 832 in
1148 796 1292 835 mare
1316 781 1497 835 volvet
1522 798 1696 853 aquas,

361 853 528 910 Vivet
555 853 610 907 δε
638 853 928 913 AseranS,
965 850 1097 904 dum
1120 850 1299 905 mustis
1321 869 1423 906 uva
1447 852 1708 906 tumebit:

400 934 402 937 ’
445 927 597 981 Dum
623 925 782 980 cadet
807 924 1030 978 incurva
1053 922 1187 977 falce
1214 923 1411 978 refesia
1434 919 1632 978 Ceres?

367 997 637 1053 Battiades
663 996 870 1068 semper
896 1008 1016 1049 toto
1044 996 1338 1050 cantabitur
1363 995 1527 1058 orbe;

441 1070 701 1144 Quamvis
726 1068 944 1139 ingenio
971 1085 1083 1121 non
1105 1069 1244 1122 valet
1261 1108 1276 1132 ‚
1313 1081 1425 1123 arte
1448 1069 1604 1123 valet.

261 1164 322 1215 ῖς
360 1145 518 1200 Nulla
544 1141 851 1214 Sophocleo
874 1141 1054 1195 veniet
1074 1139 1272 1211 jafiura
1298 1141 1583 1196 cothurno.

432 1217 579 1271 Cum
605 1216 727 1269 Sole
751 1219 803 1267 δε
828 1214 987 1268 Luna
1010 1213 1218 1284 semper
1242 1214 1439 1269 Aratus
1465 1216 1582 1269 erit.

366 1291 517 1346 Dum
534 1287 695 1340 ‘fallax
719 1286 926 1348 servus,
965 1284 1127 1338 durus
1153 1298 1328 1357 pater,
1366 1287 1607 1358 improba
1634 1290 1752 1343 lena
1781 1305 1783 1307 ·

440 1359 674 1432 Vivent,
713 1357 846 1415 dum
869 1358 1125 1415 meretrix
1149 1358 1363 1426 blanda,
1400 1360 1733 1417 Menandros
1759 1362 1877 1417 erit.

67 1558 161 1597 tiam
178 1584 188 1601 ,
209 1553 550 1606 jurisprudentiam,
578 1553 831 1602 eloquentiam
849 1551 1031 1591 forensem
1047 1579 1057 1597 ,
1079 1552 1117 1591 &

74 1607 205 1646 fimilia
227 1634 238 1651 ‚
274 1605 375 1656 quasi
409 1605 591 1654 quaedam
620 1605 789 1641 mortalia
826 1615 937 1652 opera
971 1615 1118 1651 parere,

11 1654 15 1679 l
73 1657 286 1706 fru6tusque
319 1666 449 1693 eorum
479 1654 638 1692 interire.
672 1654 895 1690 Poematum
925 1662 1049 1692 autem
1078 1655 1117 1691 &

0 1698 15 1756 i}
73 1708 281 1745 carminum
304 1707 441 1744 famam
463 1704 714 1742 immortalem
736 1702 806 1740 effe
825 1717 833 1740 ε
859 1703 971 1752 idque
989 1703 1118 1752 probat

13 1772 15 1791 ι
73 1758 251 1805 exemplis
271 1758 470 1794 Poetarum
497 1763 574 1793 tam
599 1754 681 1792 suae
703 1755 849 1800 aeratis,
875 1753 989 1804 quam
1010 1762 1118 1793 vetu-

5 1804 15 1874 i
72 1802 317 1844 stiffimorum.
344 1807 571 1843 chrttus.

123 1868 156 1896 1.
184 1857 292 1894 Livor
309 1856 429 1906 edax]
453 1857 616 1893 Imitatus
635 1855 772 1892 Seneca
794 1854 1007 1904 Hippolyto
1028 1867 1113 1906 493.

171 1907 340 1959 Edaxque
360 1907 451 1944 livor
471 1906 570 1943 dente
589 1906 741 1953 degeneri
756 1906 855 1954 petit.

1 1985 6 1989 -
70 1957 118 1997 Et
135 1958 245 1996 Mart.
264 1971 317 1996 xx.
340 1969 396 2007 34.
420 1963 564 2001 Inane,
586 1956 677 1993 livor
697 1956 798 1994 edax.
820 1956 1085 1997 Romaanus.

122 2020 155 2058 3.
184 2015 264 2045 Non
291 2022 344 2046 me
371 2021 462 2045 more
474 2017 641 2057 patrum,
667 2006 766 2057 cae]
798 2007 991 2045 Declaravi
1011 2010 1110 2048 hunc

66 2059 196 2098 locum
222 2059 283 2096 lib.
311 2071 367 2097 1v.
394 2058 572 2096 Tristium
597 2057 725 2106 Elegia
760 2070 790 2095 1.
817 2057 973 2106 Verbosas
1001 2058 1108 2108 leges.-

67 2110 136 2154 Sic*
159 2110 291 2147 Cicero
319 2121 386 2159 pro
416 2110 597 2147 Muraena
617 2136 629 2152 ,
674 2108 737 2145 ubi
765 2108 1108 2155 jurisconsultorum

69 2159 292 2208 disciplinam
325 2160 481 2208 exagitat
505 2173 513 2196 :
551 2158 699 2195 Tollitur
726 2158 744 2193 e
773 2158 881 2195 medio
909 2172 977 2195 non
990 2160 1108 2208 filum

16 2206 19 2247 ἶ
66 2208 131 2256 esta
150 2209 262 2258 vestra
279 2210 419 2259 verbosa
430 2208 611 2258 simulatio
623 2208 838 2258 prudentiae.
868 2209 1082 2249 C10FANus.

120 2274 153 2308 5.
183 2266 254 2298 Nec
284 2260 383 2310 ma]
421 2260 665 2308 Anadiplosis.
692 2260 911 2298 Cmmnus.
949 2267 1029 2298 Non
1057 2276 1110 2300 me

69 2311 158 2349 aliae
180 2312 360 2351 editiones
382 2311 588 2360 utrobique.

68 2365 70 2367 ’
121 2376 155 2410 5.
192 2361 388 2411 Ediſsere]
425 2361 613 2410 Addiscere
641 2362 729 2400 aiter
760 2361 963 2400 Politiani:
1001 2364 1108 2404 male.

69 2413 142 2451 vid.
159 2413 204 2451 ad
224 2426 266 2452 11.
284 2414 440 2450 Metam.
458 2413 543 2462 639.
563 2412 702 2461 respicit
721 2413 766 2450 ad
783 2413 1007 2461 disciplinam
1029 2416 1108 2452 Ro-

70 2475 265 2502 manorum
281 2493 291 2509 ,
318 2475 413 2513 quae
440 2463 627 2512 exigebat,
655 2472 696 2501 ut
722 2465 872 2512 ingenui
893 2465 994 2512 pueri
1010 2465 1107 2514 leges

69 2526 138 2552 xxi.
157 2515 356 2553 tabularum
372 2543 382 2560 ‚
411 2523 451 2552 ut
480 2527 617 2551 carmen
637 2513 852 2562 necessarium
866 2542 875 2556 ‚
898 2514 1107 2554 ediscerent.

19 2543 21 2622 l
65 2565 155 2603 vide
177 2566 347 2604 Ciceron.
369 2579 413 2604 11.
442 2565 488 2604 de
514 2566 620 2613 legib.
645 2576 702 2613 23.
730 2566 804 2602 hoc
831 2576 921 2601 vero
943 2565 1106 2614 semper,

20 2623 21 2660 J
67 2624 110 2653 ut
126 2619 315 2665 negotium
334 2619 518 2667 ingratum
539 2618 576 2653 δε
599 2615 845 2653 molestiarum
859 2614 1008 2662 plenum
1022 2617 1109 2659 ‚de-

22 2706 23 2717 x
63 2668 302 2714 -precabantur
340 2670 563 2707 clementem
598 2668 713 2705 vitam
743 2666 782 2704 ὅτ,
827 2666 946 2705 otium
984 2666 1106 2706 secuti.

63 2716 192 2756 Senec.
221 2720 332 2758 Herc.
354 2720 437 2758 Fur.
464 2732 542 2765 172.

168 2769 234 2806 Hic
261 2769 395 2820 clamosi
418 2770 550 2817 rabiosa
568 2770 642 2817 fhri

167 2819 298 2868 Jurgia
322 2822 474 2859 vendens
501 2821 693 2871 improbus,
720 2821 792 2859 iras

170 2873 216 2904 Et
241 2870 347 2907 verba
374 2873 473 2911 locat.

68 2919 120 2975 Et
136 2919 268 2974 Noster
290 2933 341 2958 xv.
363 2922 471 2960 Trist.
500 2924 563 2961 ult.
592 2926 631 2962 δε
652 2924 754 2973 saepe
776 2922 881 2968 alibi,
918 2923 952 2961 se
972 2924 1103 2962 abhor-

66 2969 172 3008 ruifle
192 2981 211 3006 a
232 2969 315 3007 foro
333 2972 488 3010 testatur.
513 2975 775 3013 BURMANNUS.

118 3020 152 3057 8.
179 3020 411 3070 Qaeritur.]
440 3023 693 3072 Comparatur.
721 3028 940 3063 Cromnos.

121 3082 176 3107 11.
206 3070 375 3119 Massia]
414 3072 555 3110 Servius
574 3076 629 3112 ad
655 3077 784 3125 Virgil.
817 3089 869 3113 11.
899 3077 1034 3125 Georg.
1067 3088 1100 3122 7.

62 3120 223 3168 inustum
242 3130 384 3156 tantum
397 3119 567 3169 singulari
586 3124 730 3162 dicimus
743 3155 753 3170 ‚
772 3125 864 3175 ficut
885 3139 928 3166 (φ’
948 3128 1076 3164 viniun
1089 3156 1099 3172 ,

68 3171 143 3208 licet
173 3171 322 3207 Ovidius
344 3169 482 3220 abttstve
509 3172 618 3218 musta
639 3176 775 3212 dixerit.
794 3177 856 3224 sed
875 3177 934 3213 hoc
954 3178 1012 3214 ille
1023 3178 1102 3227 plus

60 3221 167 3266 ficit,
195 3221 284 3271 quod
312 3233 354 3261 ω’
381 3221 496 3268 mustis
516 3222 624 3258 dicit.-
654 3237 731 3260 cum
761 3228 825 3273 (ut
855 3228 1034 3276 diximus)
1064 3229 1104 3266 de

67 3269 121 3309 his
147 3271 340 3311 nominibus
369 3281 435 3312 tres
462 3282 605 3311 tantum
632 3278 726 3323 casus
751 3275 905 3325 usurpari
926 3278 1104 3329 consuetae:

2013 1436 2220 1494 Ennius

1173 1552 1260 1592 rint.
1285 1553 1364 1592 usus
1393 1553 1432 1592 &
1457 1552 1627 1593 Tibullus
1645 1555 1684 1592 δε
1705 1553 1776 1592 alii.
1805 1553 1877 1592 vid.
1899 1550 2062 1590 Broukh.
2081 1553 2126 1591 ad
2147 1553 2220 1592 Ti-

1173 1604 1246 1641 bul.
1279 1616 1311 1648 x,
1342 1617 1376 1650 1,
1404 1605 1440 1642 6.
1477 1607 1516 1643 ὃς
1549 1617 1583 1650 1,
1606 1618 1645 1650 v,
1673 1617 1732 1651 24.
1766 1604 1841 1643 vid.
1868 1615 1914 1642 11.
1945 1603 2027 1642 Art.
2054 1603 2138 1653 695.
2175 1606 2218 1643 &

1173 1655 1326 1704 Quinct.
1349 1669 1378 1693 1.
1400 1655 1484 1694 Inst.
1509 1668 1538 1693 1.
1566 1656 1826 1693 Burmannus.

1225 1718 1281 1743 12.
1317 1711 1426 1743 Ceres.
1446 1706 1461 1755 ]
1499 1707 1653 1755 Legitur
1692 1708 1730 1743 in
1770 1704 2016 1753 manuscripto
2048 1703 2216 1753 quodam

1172 1756 1394 1804 exemplari,
1413 1762 1526 1805 Seges,
1554 1769 1647 1806 quae
1676 1756 1788 1794 leffio
1818 1756 1912 1793 mihi
1939 1755 2054 1803 magis
2073 1755 2213 1802 placet,

1167 1814 1208 1844 ut
1233 1806 1331 1844 nulla
1359 1806 1401 1844 fit
1427 1806 1570 1856 figura:
1606 1819 1693 1845 nam
1722 1808 1760 1844 ὃ(
1787 1806 1888 1854 supra
1907 1804 2000 1842 dixit
2017 1805 2103 1841 citra
2120 1804 2215 1852 figu-

1168 1868 1245 1894 ram
1261 1884 1271 1900 ‚
1298 1857 1384 1895 dum
1409 1857 1528 1904 mustis
1545 1871 1619 1895 uva
1637 1856 1795 1894 tumebit.
1822 1857 2002 1893 Mimos.
2030 1859 2120 1902 Seges
2139 1855 2216 1900 Pu7

1168 1914 1316 1947 teaneus
1336 1910 1375 1947 δε
1392 1908 1454 1947 alii
1471 1908 1629 1958 plurimi.
1649 1907 1756 1946 male.
1777 1905 1892 1945 Catal.
1911 1905 2006 1944 Pith.
2026 1916 2105 1955 pag.
2128 1911 2188 1955 351

1268 1960 1334 1996 Hic
1347 1960 1477 2008 gaudet
1497 1972 1608 1997 curva
1618 1959 1713 2007 falce
1733 1958 1856 2007 reseb‘t‘a
1877 1961 1988 1995 Ceres.

1168 2009 1298 2049 Senec.
1319 2011 1443 2049 Theb.
1463 2021 1546 2059 371.

1268 2066 1315 2098 Et
1331 2061 1436 2098 tertia
1452 2061 1531 2107 jam
1541 2060 1636 2108 falce
1655 2059 1815 2098 decubuit
1836 2066 1947 2098 Ceres.

1165 2116 1276 2149 Farra
1297 2112 1419 2161 reseeta
1437 2112 1527 2150 dixit
1550 2124 1594 2149 11.
1617 2111 1705 2149 Fast.
1730 2124 1811 2160 520.
1833 2112 2041 2148 Hmnsms.
2067 2109 2212 2149 Eadem*

1164 2164 1317 2201 varietas
1351 2176 1382 2200 1.
1409 2163 1489 2200 Art.
1512 2163 1600 2200 Am.
1621 2174 1703 2208 401.
1736 2175 1765 2199 1.
1786 2161 1980 2199 Fan-688.
2010 2162 2048 2199 &
2069 2173 2104 2198 v.
2126 2173 2206 2210 322.

1164 2213 1203 2248 ὃς
1224 2213 1319 2251 alibi.
1348 2213 1422 2250 vid.
1443 2214 1613 2250 Gronov.
1632 2213 1678 2250 ad
1701 2213 1828 2250 Senec.
1852 2212 1950 2249 Oed.
1972 2224 2031 2259 49.

1221 2276 1276 2313 13.
1304 2263 1523 2313 Battiade5.]
1553 2262 1799 2300 Callimachus
1819 2291 1829 2306 ,
1866 2263 1962 2300 Batti
1990 2262 2093 2299 filius.
2130 2261 2206 2299 Hic
2261 2264 2265 2267 '

1164 2313 1287 2352 floruit
1313 2323 1484 2363 tempore
1518 2314 1723 2352 Ptolemaei
1758 2313 1982 2361 Philadelphi
2003 2340 2013 2356 ,
2050 2311 2208 2359 Olymp.

1164 2376 1314 2403 cxxvxr.
1345 2365 1490 2403 Auetor
1520 2365 1656 2403 Suidas.
1684 2365 1903 2402 Cromnos.
1933 2364 2021 2400 Non
2051 2361 2144 2398 Batti
2164 2360 2209 2399 fi-

1161 2414 1250 2460 lius,
1269 2416 1329 2454 sed
1348 2416 1572 2466 Cyrenaicus
1587 2443 1597 2460 ,
1616 2416 1661 2453 ab
1685 2415 1849 2453 Aristaeo
1871 2415 1943 2451 five
1962 2413 2067 2449 Batto
2083 2439 2093 2454 ‚
2116 2423 2211 2457 con-¹

1163 2465 1281 2505 ditore
1308 2466 1550 2516 Cyrenarum.
1580 2466 1651 2504 vid.
1676 2467 1799 2514 Steph.
1825 2463 2042 2502 Scliediasm.
2065 2474 2127 2499 111.
2151 2468 2213 2510 19.

1162 2517 1225 2555 ubi
1243 2530 1329 2556 eum
1352 2530 1372 2554 a
1392 2518 1539 2556 censura
1567 2517 1699 2554 Ovidii
1720 2515 1891 2553 vindicat.
1917 2513 2002 2550 vide
2026 2513 2064 2549 δε
2089 2513 2209 2551 Com-

1163 2577 1386 2606 mentatores
1412 2568 1459 2605 ad
1487 2569 1637 2604 Petron.
1660 2578 1694 2602 c.
1721 2577 1800 2614 135.
1827 2565 1887 2601 alii
1907 2575 1953 2599 ex
1976 2562 2047 2600 alio
2071 2563 2205 2608 Batto,

1159 2629 1213 2669 ex(
1239 2618 1387 2667 posteris
1419 2619 1515 2655 forte
1545 2617 1674 2666 prioris
1705 2615 1801 2652 Batti
1825 2642 1836 2659 ‚
1873 2623 2001 2651 natum
2031 2613 2208 2650 Callima-

1162 2669 1274 2706 chum
1297 2669 1453 2714 volunt,
1481 2667 1555 2705 vid.
1574 2666 1749 2704 Illussrem
1767 2665 1965 2714 Spanhem.
1991 2663 2038 2702 ad
2059 2664 2209 2704 Callim.

1162 2718 1282 2769 Hym.
1303 2720 1427 2768 Apoll.
1446 2719 1504 2767 65.
1522 2718 1777 2755 BuRMANNus.

1217 2773 1273 2808 16.
1301 2776 1395 2808 Cum
1418 2770 1488 2806 Sole
1507 2781 1550 2809 0·
1570 2767 1712 2817 Lunai]
1736 2767 1843 2805 Haec
1862 2779 1941 2805 non
1956 2773 2102 2804 tantum
2121 2772 2206 2814 apte

1158 2821 1300 2865 Arato,
1328 2822 1414 2871 quia
1441 2819 1700 2858 Astronomica
1730 2818 1886 2867 scripsit,
1914 2816 2205 2855 accommodan-

1159 2880 1217 2910 tur
1231 2900 1241 2917 ,
1268 2872 1328 2909 sed
1348 2872 1458 2909 etiam
1481 2871 1566 2920 quia
1586 2877 1686 2908 eraut
1706 2869 1870 2918 symbola
1887 2869 2129 2910 aetei·nitatis;
2160 2874 2202 2903 ut

1152 2925 1206 2971 ita
1235 2924 1273 2960 in
1301 2923 1465 2959 nummis
1494 2921 1652 2970 conspici
1682 2919 1810 2957 docuit
1835 2919 2023 2957 Tristanus
2050 2927 2145 2955 tom.
2167 2928 2203 2954 1.

1156 2974 1310 3012 Comm.
1328 2973 1420 3010 Hist.
1444 2985 1523 3021 pag.
1544 2972 1628 3021 381.
1655 2971 1921 3008 BURMANNUS.

1213 3036 1265 3071 17.
1293 3029 1392 3061 Dum
1414 3023 1536 3070 fallax
1556 3025 1681 3072 servus
1704 3050 1715 3067 ,
1750 3022 1857 3058 durus
1880 3030 1978 3070 pater
1999 3047 2009 3062 ‚
2048 3014 2201 3071 improba

1154 3075 1232 3112 lena
1260 3075 1361 3112 Vivet
1380 3103 1391 3120 ,
1430 3074 1516 3111 dum
1542 3073 1705 3110 meretrix
1733 3084 1805 3112 εστ.
1828 3071 1843 3122 ]
1882 3072 1987 3107 Haec
2008 3078 2127 3103 verior
2149 3064 2199 3102 est

1155 3127 1290 3172 lenio,
1318 3135 1358 3164 ut
1379 3126 1471 3164 mihi
1488 3125 1640 3174 quidem
1663 3123 1818 3161 videtur.
1845 3123 2052 3159 Ciowws.

1211 3178 1268 3216 18.
1297 3176 1433 3226 Vivet.]
1466 3177 1592 3212 Vivent
1611 3183 1681 3212 tres
1698 3175 1801 3218 libri,
1830 3174 1867 3209 8:
1891 3167 2100 3224 Menandros
2117 3175 2200 3201 me-

1155 3229 1264 3267 liores
1286 3227 1420 3276 postea.
1451 3235 1491 3264 ut
1514 3228 1552 3264 &
1574 3225 1701 3275 nescia»⁴
1716 3253 1725 3266 ‚
1748 3236 1813 3272 pro
1835 3222 1962 3268 nesciet.
1986 3217 2197 3271 Effusius.

1211 3278 1267 3318 18.
1304 3277 1493 3327 Blanda.]
1536 3276 1590 3315 lta
1619 3275 1658 3313 T
1662 3274 1771 3311 harda
1800 3267 1996 3309 Menandri
2031 3264 2196 3303 describit

1651 3324 1687 3361 D
1707 3322 1730 3359 d
1747 3321 1770 3359 d
2063 3315 2202 3363 Plutar5
