2553 3676
325 203 427 276 μς
786 179 1375 246 ΑΡ.ον,1])11

1447 182 1985 263 NASONIS

619 280 799 344 Ecce,
836 289 1025 350 petens
1047 275 1202 331 variis
1226 275 1492 332 immixtas
1519 276 1744 333 floribus
1766 278 1987 343 herbaS‚

513 373 581 412 io

693 351 949 408 Constitit
974 362 1098 404 ante
1126 349 1311 404 oculos
1335 350 1562 405 candida
1587 369 1750 406 vacca
1773 369 1944 407 meos.

623 423 927 482 Candidior
947 423 1184 487 nivibUS,
1219 435 1497 481 tune.cum
1521 424 1770 479 cecidere
1793 437 2037 481 recentes
2052 445 2073 487 ς

701 498 758 552 In
784 495 1008 569 liquidas
1034 496 1279 550 nondum
1305 512 1434 566 quas
1458 512 1608 548 mora
1631 497 1794 551 vertit
1821 517 1994 572 aquas,

623 570 953 633 Candidior,
989 568 1140 650 quod
1165 568 1341 620 adhuc
1366 565 1560 636 spumis
1584 566 1923 626 stridentibus
1945 572 2110 635 albet,

701 642 775 698 Et
800 642 970 697 modo
996 648 1266 701 necatam,
1304 637 1462 701 1386,
1500 639 1754 712 relinquit
1777 661 1953 698 ovem.

522 733 547 774 t
555 737 586 790 5
623 717 838 774 Taurus
863 727 974 769 erat
1000 728 1183 765 comes
1209 710 1361 774 huie,
1401 710 1629 767 feliciter
1656 713 1743 766 ille
1769 717 2014 771 maritus:

702 789 955 858 Cumque
978 785 1067 838 sua
1092 797 1332 842 teneram
1354 783 1584 855 conjuge
1608 784 1790 856 preffit
1812 792 2054 845 humum.

627 862 779 918 Dum
796 858 965 930 jacet,
1004 858 1060 910 δε
1085 857 1229 911 lente
1253 869 1525 911 revocatas
1550 858 1781 912 ruminat
1807 859 2022 926 herbam,

699 935 886 1006 Atque
909 932 1110 986 iterum
1136 929 1281 1002 pasto
1305 929 1535 1002 pascitur
1561 943 1683 984 ante
1707 930 1863 995 cibo;

629 1004 791 1063 Visus
817 1017 957 1068 erat,
995 1004 1183 1059 somno
1209 1003 1348 1056 vires
1373 1002 1677 1066 adimente;
1719 1004 1915 1062 ferenti

518 1099 595 1137 20

699 1077 1067 1150 Cornigerum
1090 1089 1262 1130 terrae
1288 1074 1584 1147 deposuisse
1610 1090 1785 1150 caput.

633 1150 769 1209 Huc
797 1151 1001 1206 levibus
1025 1149 1216 1205 cornix
1239 1149 1427 1220 pennis
1452 1148 1658 1221 delapsa
1682 1168 1779 1222 per
1805 1169 1952 1206 auras

708 1224 911 1286 Venit3
956 1223 1012 1278 &
1037 1224 1093 1277 in
1116 1221 1277 1276 viridi
1303 1222 1507 1293 garrula
1530 1222 1668 1278 sedit
1693 1224 1876 1278 humo,

627 1297 861 1370 Terque
886 1297 1037 1351 bovis
1062 1296 1249 1349 niveae
1271 1295 1531 1367 petulanti
1555 1296 1771 1367 pectora
1797 1297 1970 1362 rostro

708 1369 904 1432 Fodit;
948 1370 1003 1423 δε
1029 1368 1264 1422 albentes
1288 1367 1497 1422 abstulit
1525 1385 1619 1422 ore
1639 1369 1802 1441 jubas.

528 1460 598 1513 25
635 1443 724 1501 Illa
752 1444 935 1496 locum
959 1455 1280 1513 taurumque
1304 1440 1398 1494 diu
1423 1440 1668 1496 cunctata
1692 1443 1961 1516 relinquit.

715 1515 825 1570 Sed
849 1516 1002 1587 niger
1023 1514 1080 1569 in
1103 1531 1297 1569 vaccae
1321 1512 1541 1588 pectore
1564 1514 1700 1571 livor
1722 1527 1850 1573 erat.

394 1715 436 1763 ἶς’.
463 1718 545 1751 Ecce
571 1722 689 1764 petens
714 1714 827 1752 variis
859 1712 1032 1760 immistas
1050 1711 1199 1764 floribus
1229 1711 1399 1762 herbas.]

346 1766 396 1806 in
423 1777 500 1803 uno
527 1765 717 1803 Maffeian.
744 1767 892 1803 innexas
913 1794 924 1811 ‚
959 1777 1038 1804 non
1067 1763 1236 1811 immistas
1256 1764 1401 1813 legitur.

353 1818 575 1855 emmaus.

409 1879 463 1915 13.
489 1866 723 1903 Stridentihus
754 1866 894 1915 albet.]
936 1867 978 1904 In
1007 1865 1143 1905 eodem
1170 1865 1288 1910 libro,
1317 1878 1401 1902 can-

350 1916 524 1956 dentibus.
554 1918 769 1954 (homnis.
796 1917 1029 1954 stridentibus
1051 1917 1151 1953 ardet
1170 1917 1364 1955 Palatinus.

406 1980 462 2014 14.
489 1967 700 2017 siccatam]
729 1967 827 2005 Vide
849 1968 893 2005 ad
913 1967 1092 2017 Quinffll.
1117 1968 1222 2005 Deci.
1246 1981 1281 2005 X.
1305 1979 1338 2017 3.

409 2030 465 2062 14.
493 2017 714 2067 Relinquit.]
744 2018 787 2055 In
816 2020 994 2056 ambobus
1020 2019 1116 2056 libris
1136 2018 1318 2067 antiquis,
1346 2032 1401 2055 re·

351 2067 484 2118 liquit,
512 2069 694 2116 praeteriti
720 2071 908 2118 temporis.
937 2070 1064 2118 placet.
1091 2071 1309 2106 CioFANUs.
1336 2075 1402 2107 Re-

354 2119 488 2168 linquit
510 2120 714 2157 Puteaneus
732 2121 769 2157 ἃ
789 2132 882 2158 unus
904 2121 1115 2158 Vaticanus.
1139 2121 1356 2157 Herusms.

413 2169 468 2206 18.
505 2175 604 2206 Dum
623 2172 714 2218 jacet
747 2182 791 2209 cf
819 2170 956 2221 lente]
1002 2173 1114 2208 Hunc
1143 2171 1285 2208 versum
1316 2172 1403 2208 citat

353 2219 502 2258 Servius
521 2220 567 2257 aci
589 2221 648 2257 illa
669 2222 812 2270 Virgilii
831 2222 959 2270 Eclog.
981 2235 1033 2259 v1.
1053 2222 1108 2264 >eil
1132 2234 1186 2269 54.

521 2269 696 2308 Pallentes
723 2272 883 2308 ruminat
909 2272 1041 2309 herbas.

356 2321 519 2359 Removit
548 2321 650 2370 (lege
673 2321 692 2359 ὲ
721 2323 799 2360 MS.
818 2323 989 2370 revomit)
1018 2333 1123 2373 atque
1141 2321 1268 2359 iterum
1290 2323 1406 2371 consu-

356 2372 428 2409 mit
441 2399 451 2416 ,
477 2382 583 2422 atque
602 2375 729 2409 iterum
743 2375 841 2422 pasto
853 2374 1006 2422 paseitur
1028 2383 1110 2410 ante
1132 2373 1211 2411 cibo.
1232 2375 1291 2411 Sic
1310 2374 1406 2410 Ovi-

358 2421 451 2461 dius.
479 2422 541 2460 ubi
564 2424 674 2461 etiam
705 2424 880 2461 mendose
903 2426 1056 2474 legitur,
1077 2427 1176 2472 paeto
1192 2452 1202 2469 ,
1231 2424 1333 2474 quod
1353 2432 1409 2461 ta—

359 2484 451 2511 men
480 2472 529 2510 V.
562 2474 605 2510 C.
633 2475 775 2512 retinet.
804 2475 926 2512 frustra
947 2485 1072 2512 autem
1094 2476 1154 2511 hic
1177 2476 1407 2518 Pureaneus,

351 2525 451 2571 saffo
474 2522 554 2560 cibe.
582 2536 674 2563 unus
696 2525 877 2564 Palatinus
897 2527 1009 2563 etiam
1023 2553 1033 2571 ,
1061 2526 1221 2562 ruminat
1243 2532 1342 2575 escas.
1370 2536 1410 2563 ut

361 2575 402 2613 in
425 2575 588 2612 Halieut.

414 2630 457 2660 Ut
471 2625 593 2672 scarus
611 2626 735 2675 epastas
751 2626 844 2675 fhlus
863 2627 925 2677 qui
941 2626 1101 2664 ruminat
1123 2626 1221 2676 escas.

363 2672 549 2713 Paullinus
567 2676 668 2714 sexto
690 2678 809 2715 Natali
834 2678 985 2715 Felicis:

418 2729 635 2763 Armentum
658 2728 791 2764 reduces
810 2728 894 2765 dum
908 2738 1050 2777 gutture
1068 2728 1230 2765 ruminat
1246 2729 1348 2777 escas.

365 2772 439 2810 Sed
459 2774 577 2811 herbas
597 2779 843 2816 retinendum.
865 2791 951 2817 nain
971 2779 1009 2816 &
1027 2780 1077 2816 ita
1100 2779 1224 2817 Seren.
1243 2783 1416 2818 Sammo-

368 2825 473 2864 nicus
496 2826 672 2875 Compos.
692 2841 820 2866 xxxiv.

421 2880 501 2911 Aut
519 2876 592 2911 ovis
614 2877 652 2912 in
666 2879 813 2924 stabulis
823 2881 962 2926 fraffas
983 2893 1059 2916 cum
1078 2880 1237 2917 ruminat
1258 2880 1390 2918 herhas.

366 2925 417 2963 Et
448 2925 620 2974 Virgilius
649 2928 735 2965 loco
762 2930 944 2975 adducto,
972 2943 1086 2980 quem
1108 2933 1269 2969 imitatus
1291 2933 1417 2969 Arno-

368 2977 448 3014 bius
477 2976 538 3013 lib.
566 2988 601 3013 v.
631 2987 756 3016 contra
781 2989 936 3027 gentes:
977 2983 1175 3019 Contrafftis
1200 2982 1240 3019 in
1269 2982 1417 3030 ungulas

366 3025 544 3076 greffibus,
573 3029 813 3066 ruminantem
830 3030 996 3077 pallentes
1015 3031 1148 3068 herbas.
1178 3033 1390 3069 Hssmsms.

426 3090 480 3125 ¹9-
509 3083 630 3114 Somno
659 3080 750 3115 vires
777 3080 952 3116 adimente
973 3081 1152 3129 serenda]
1187 3083 1317 3117 Ferenti
1345 3084 1418 3119 Pu-

369 3135 546 3170 maneus,
574 3130 866 3174 Aronrieli'ainiis,
895 3132 931 3167 &
962 3143 1053 3167 unus
1080 3131 1233 3169 Moreti.
1261 3131 1418 3178 scilicet,

367 3189 495 3218 terrae.
521 3178 570 3216 fic
591 3180 720 3217 Statius
743 3193 785 3218 ιι.
808 3181 930 3217 Theb.
955 3181 1034 3226 178.

655 3259 748 3265 ,,--
763 3230 980 3280 :Quantaque
995 3232 1170 3279 serentem

421 3285 618 3322 Fortunam
639 3282 773 3321 virtute
792 3282 939 3321 domas!

2319 1588 2495 1664 thue
2527 1561 2530 1563 >

1457 1711 1513 1750 Ita
1533 1713 1572 1752 ὃς
1586 1713 1738 1761 serentes
1759 1711 1860 1749 venti
1880 1712 2018 1750 Ροὲἑῑῐε.
2045 1711 2114 1750 fuit
2141 1722 2225 1750 cum
2240 1740 2250 1755 ,
2277 1711 2409 1750 virenti
2429 1724 2494 1752 ter-

1456 1777 1515 1800 rae
1541 1764 1768 1802 scribendum
1793 1763 1990 1802 censerem.
2017 1763 2120 1814 quod
2140 1763 2334 1802 confirmat
2351 1764 2494 1805 Mente-

1453 1814 1584 1854 lianus.
1612 1816 1826 1852 Hiamsms.
2492 1835 2495 1838 -

1506 1878 1567 1904 20.
1604 1867 1829 1915 Cornigerum
1868 1865 2028 1916 terrae.]
2078 1865 2186 1902 Terra
2226 1865 2426 1904 Puteaneus
2457 1867 2494 1906 &

1455 1916 1741 1956 Arondelianus.
1766 1917 1881 1955 IDEM.
1909 1916 1997 1955 Vid.
2028 1916 2073 1955 ad
2100 1917 2203 1966 Eleg.
2226 1929 2271 1954 11.
2293 1917 2399 1967 hujus
2419 1918 2492 1958 libri

1458 1979 1552 2006 vers.
1580 1980 1639 2014 ις.

1507 2031 1566 2068 23.
1594 2024 1723 2068 Terque
1752 2017 1896 2068 bovis.]
1938 2018 1981 2056 In
2010 2030 2088 2057 uno
2119 2017 2340 2057 eorumdem
2358 2046 2368 2063 ,
2397 2028 2495 2071 atque

1455 2069 1564 2107 bovis.
1591 2070 1735 2113 verius,
1750 2078 1789 2107 ut
1809 2078 1912 2118 puto.
1942 2070 2165 2107 CIOFANUS.

1506 2133 1565 2167 24.
1594 2120 1693 2157 Fodit
1711 2131 1755 2159 (φ
1775 2119 1966 2170 albentes]
1997 2120 2123 2157 Caedit
2154 2120 2415 2169 Fragmentum
2437 2119 2496 2159 Pa-

1458 2173 1651 2215 ramnum,
1679 2170 1782 2220 quod
1809 2171 1937 2220 placet.
1966 2171 2232 2216 Scriverianus,
2260 2171 2375 2211 Redit.
2410 2175 2497 2209 Tun·

1460 2222 1537 2258 dere
1559 2222 1649 2259 dixit
1674 2222 1807 2259 Cicero
1830 2223 1992 2259 Arateis:

1511 2277 1721 2308 Extremum
1741 2272 1855 2309 nitens
1869 2272 2028 2322 plumato
2046 2281 2175 2322 corpore
2194 2286 2317 2311 corvus

1512 2322 1626 2370 Rostro
1646 2322 1780 2359 tundit.

1459 2373 1576 2421 Julius
1597 2373 1812 2423 Obsequens
1833 2373 1878 2410 L.
1894 2373 1989 2422 Sylla
2011 2375 2060 2422 Q.
2081 2373 2265 2424 Pompejo
2288 2373 2387 2413 Coss.
2405 2380 2496 2412 Stra·

1462 2424 1574 2474 tepede
1594 2452 1604 2469 ,
1642 2423 1702 2461 ubi
1733 2430 1879 2460 Senatus
1906 2423 2024 2460 haberi
2051 2424 2163 2473 solet,
2198 2425 2293 2462 corvi
2327 2426 2498 2463 vulturem

1462 2475 1639 2512 tundendo
1674 2474 1788 2521 rostris
1824 2474 2030 2512 occiderunt.
2068 2476 2106 2512 &
2141 2476 2272 2524 Virgil.
2310 2476 2355 2514 de
2389 2476 2500 2525 aquila

1465 2526 1575 2575 Tityi
1593 2538 1648 2563 vr.
1661 2525 1820 2563 Aeneid.
1835 2525 1917 2574 598.
1939 2525 2138 2562 immortale
2146 2527 2244 2575 jecur
2261 2526 2390 2564 tundit.
2411 2524 2504 2575 apud

1466 2577 1581 2614 Plaut.
1610 2575 1752 2614 Asinar.
1782 2588 1828 2613 11.
1851 2588 1881 2613 1.
1909 2588 1961 2620 ¹4·
1992 2576 2119 2624 Quid?
2139 2577 2229 2625 quod
2251 2577 2346 2627 picus
2370 2577 2502 2614 ulmum

1467 2627 1600 2665 tundit.
1626 2626 1724 2663 haud
1741 2626 1965 2664 temerarium
1985 2628 2038 2674 est.
2066 2628 2179 2675 Figere
2205 2627 2250 2665 de
2276 2629 2360 2676 pico
2379 2627 2504 2665 Noster

1469 2679 1627 2716 Metam.
1661 2690 1739 2715 xiv.
1771 2689 1854 2727 392.
1885 2683 1983 2714 Duro
2012 2678 2092 2724 fera
2129 2677 2247 2714 robora
2281 2678 2383 2725 rostro
2410 2677 2505 2726 Figit.

1470 2729 1621 2766 Phaedr.
1646 2728 1731 2766 Fab.
1753 2741 1817 2766 111.
1849 2727 1893 2765 de
1918 2728 2018 2776 pavis
2047 2729 2235 2776 graculum
2263 2728 2506 2778 abigentibus‚

1472 2779 1665 2830 figamque
1683 2779 1805 2827 rostra,
1826 2779 1921 2816 male
1938 2778 2012 2815 illic
2031 2790 2130 2816 nunc
2150 2779 2283 2823 exstat„
2304 2786 2507 2830 Fugantque.

1473 2830 1685 2868 Hnmsrus.
1713 2831 1796 2879 Ego
1822 2829 1912 2867 nihil
1931 2837 2094 2866 mutem:
2124 2841 2210 2867 nam
2225 2830 2382 2876 fodiebat
2400 2841 2434 2866 v.
2453 2839 2508 2877 39.

1473 2882 1669 2929 repetitum
1683 2909 1694 2925 ,
1721 2881 1782 2918 hic
1799 2880 1953 2917 verbum
1970 2879 2058 2918 illud
2078 2880 2297 2928 ponendum
2317 2879 2386 2919 effe
2397 2879 2509 2930 jubet.

1473 2932 1523 2969 ita
1545 2944 1616 2969 v11.
1638 2932 1796 2969 Metam.
1817 2942 1897 2979 314.

1526 2982 1725 3019 Marcentia
1753 2991 1901 3030 guttura
1930 2979 2038 3016 cultro
2068 2981 2180 3020 Fodit.

1473 3033 1578 3069 Redit
1607 3041 1682 3068 erat
1699 3032 1744 3068 ·in
1770 3032 1931 3077 Juniano
1948 3059 1957 3074 ,
1986 3031 2045 3068 sed
2075 3032 2175 3079 rostro
2203 3032 2340 3078 rodere,
2365 3041 2439 3069 non
2465 3027 2511 3067 est

1477 3082 1722 3119 Ovidianum.
1752 3081 2017 3118 Bonum-Nus.

1527 3144 1584 3179 24.
1614 3138 1680 3167 Ore
1711 3133 1848 3182 notan]
1883 3133 1923 3169 ln
1951 3133 2086 3171 eodem
2118 3133 2309 3171 Maffeian.
2331 3131 2446 3182 jubas.
2477 3129 2514 3167 in

1476 3196 1554 3221 uno
1584 3183 1768 3220 Vaticano
1790 3212 1800 3228 ‚
1838 3196 1960 3221 comas.
1997 3185 2089 3221 mihi
2116 3196 2193 3221 non
2223 3185 2335 3232 liquet
2356 3191 2515 3231 pronun-

1480 3235 1594 3277 tiare,
1622 3242 1661 3271 ut
1682 3234 1881 3281 legendum
1906 3234 1959 3272 sit.
1989 3235 2156 3272 C1orim.
2184 3234 2302 3279 Jerbas
2326 3241 2387 3270 aut
2413 3241 2520 3267 comas

1479 3285 1529 3325 de
1560 3294 1665 3324 tauro
1705 3285 1776 3324 dici
1813 3296 1891 3324 non
1921 3286 2090 3324 memini.
2125 3296 2237 3336 quare
2266 3294 2336 3333 ego
2365 3283 2521 3330 legerem

2442 3340 2526 3368 cum
