2553 3676
587 192 1119 254 AMORUM
1194 213 1368 252 LIB.

1443 199 1512 254 ῙῘ.
1593 220 1670 271 19.
2085 213 2180 275 461

342 290 471 362 Quo
496 290 628 344 ferat
643 327 659 350 ‚
697 298 785 340 aut
808 285 1003 340 referat
1027 284 1203 339 sollers
1227 288 1409 341 ancilla
1433 289 1670 345 tabellas:

411 362 526 414 Cur
551 359 706 412 toties
731 375 901 411 vacuo
924 356 1138 411 secubet
1161 358 1266 428 ipsa
1290 373 1428 413 toro,

334 431 591 484 Mordeat
613 428 704 482 ista
727 442 840 483 tuas
866 428 1149 502 aliquando
1173 447 1298 482 cura
1324 432 1605 487 medullas:

403 501 595 572 Daque
619 502 799 554 locum
825 501 1012 556 nostris
1040 502 1422 574 materiamque
1453 503 1604 557 dolis.

223 591 290 639 45
328 572 415 626 Ille
438 571 613 642 potest
636 591 806 627 vacuo
830 574 992 628 furari
1019 575 1174 628 litore
1199 592 1377 628 arenas
1395 615 1410 638 ‚

398 642 641 697 Uxorem
669 645 807 699 stulti
833 646 868 700 fi
891 647 1007 719 quis
1031 665 1204 700 amare
1229 647 1417 719 potest.

319 714 544 786 Jamque
570 734 672 787 ego
697 736 1051 789 praemoneo;
1094 719 1187 772 nisi
1216 733 1275 773 tu
1302 720 1508 774 servare
1536 719 1765 792 puellam

396 786 585 859 Incipis
601 829 615 851 ‚
653 790 874 862 incipiet
900 790 1137 844 desinere
1164 789 1268 845 ess'e
1288 809 1421 845 mea.

324 857 502 913 Multa
525 861 726 934 diuque
752 863 876 916 tuli:
913 863 1114 934 speravi
1138 862 1286 935 saepe
1311 863 1582 928 futurum,

213 946 279 994 50

390 930 533 985 Cum
559 933 695 988 bene
716 934 987 998 servasse-S,
1026 948 1085 989 ut
1109 935 1245 988 bene
1274 935 1436 988 verba
1459 936 1656 989 darem.

320 1001 527 1057 Lentus
554 1024 635 1069 eS,
675 1007 729 1058 &
753 1008 944 1079 pateris
967 1008 1094 1061 nulli
1121 1007 1367 1079 patienda
1391 1008 1617 1070 marito;

395 1077 471 1129 At
495 1076 625 1131 mihi
651 1080 883 1133 concessi
908 1080 1024 1133 finis
1052 1081 1245 1134 amoris
1270 1081 1386 1134 erit.

321 1146 533 1202 Scilicet
558 1150 744 1204 infelix
766 1170 1054 1224 numquam
1079 1152 1404 1223 prohibebor
1428 1150 1607 1204 adire?

388 1221 517 1276 Nox
540 1222 669 1291 mihi
695 1224 787 1278 sub
811 1225 957 1279 nullo
982 1224 1195 1280 vindice
1222 1224 1426 1297 semper
1451 1223 1584 1278 erit?

79 1440 135 1487 38.
162 1441 329 1499 claudere
348 1448 440 1484 ηοὲἶε
456 1448 636 1499 domum]
668 1455 783 1487 Forem
806 1451 997 1496 meliores,
1020 1460 1060 1491 ut

30 1489 129 1538 saepe
147 1494 228 1531 alibi
250 1496 389 1534 Noster.
419 1499 546 1542 multi,
565 1501 669 1547 fores.
690 1503 898 1540 Hiemsxus.
928 1503 1061 1540 Nescio

30 1552 90 1578 cur
118 1542 258 1581 domum
280 1574 290 1590 ,
325 1548 427 1596 quod
455 1549 503 1586 est
532 1551 569 1586 in
597 1551 817 1590 editionibus
846 1554 1001 1602 antiquis
1023 1554 1061 1590 δε

26 1591 147 1678 {nulus
175 1594 333 1644 scriptis,
354 1598 575 1646 ejiciendum
597 1600 650 1638 sit.
686 1601 733 1639 fic
760 1604 844 1641 infr.
873 1616 937 1641 111.
960 1603 1062 1652 Eleg.

57 1653 87 1678 1.
118 1654 173 1680 12.

73 1704 232 1743 Excubui
250 1707 424 1755 clausam,
443 1709 568 1758 ftrvus
588 1720 653 1757 ut,
677 1721 760 1749 ante
780 1710 937 1751 domum.

26 1766 159 1805 Horat.
179 1783 239 1807 111.
263 1772 337 1809 Od.
359 1784 392 1818 7.

73 1832 193 1869 Prima
213 1837 306 1871 noae
325 1836 466 1874 domum
486 1838 616 1877 claude.

23 1879 285 1922 BvRMANNua

74 1957 131 1996 39.
160 1949 354 2000 Lumina]
383 1951 441 1989 Sic
459 1950 610 2002 quidem
634 1955 671 1992 in
691 1955 861 1994 omnibus
881 1956 1054 2004 impreffis

27 1999 286 2047 exemplaribus
309 2002 439 2050 legitur
462 2031 473 2046 ‚
509 2003 568 2040 sed
594 2006 673 2054 quis
700 2018 777 2044 non
807 2006 906 2044 videt
928 2007 1054 2044 limina

23 2046 217 2096 legendum
244 2049 323 2088 effe.
351 2053 529 2090 MARms.
556 2054 591 2091 Si
612 2057 759 2104 antiqua
777 2057 888 2094 lecftio
911 2057 1054 2095 servan-

23 2096 68 2135 da
89 2097 196 2143 effer,
223 2101 498 2148 intelligendae,
527 2116 621 2152 quae
650 2106 761 2143 hodie
791 2107 964 2145 fenestrae
985 2120 1054 2145 vo-

24 2156 171 2193 cantur,
198 2162 285 2199 quas
311 2153 437 2190 furtim
468 2154 602 2201 pulsare
630 2157 740 2193 etiam
764 2157 934 2195 noc-‘turni
954 2169 1055 2195 ama-

0 2219 1 2233 l
25 2205 118 2255 tores
146 2199 273 2237 solent.
300 2203 337 2239 ὃ(
365 2203 437 2240 hoc
467 2205 561 2241 forte
589 2207 751 2254 cogitans
779 2207 939 2245 librarius
962 2236 972 2251 ‚
1009 2221 1055 2245 ex.

0 2295 1 2301 ἵ
27 2247 76 2285 sui
101 2249 207 2288 seculi
229 2263 357 2296 more,
386 2253 586 2292 leffionem
607 2257 705 2294 illam
722 2257 905 2306 supposuit
927 2270 1055 2303 verae,

0 2306 2 2346 l
29 2309 119 2347 quae
136 2300 205 2345 est,
234 2301 369 2340 limina.

0 2358 3 2403 j
74 2360 129 2395 40.
154 2351 252 2398 Qid
272 2351 401 2390 latrent
423 2357 515 2392 noste
535 2354 657 2404 silente
676 2358 812 2408 cama]
841 2359 976 2404 Forte,
1004 2360 1058 2398 cui

1 2407 3 2458 ἰ
29 2395 164 2437 latrent.
184 2402 291 2439 Trist.
311 2405 372 2441 lib.
399 2418 452 2442 11.
469 2419 552 2455 459.

2 2466 3 2473 ¹
77 2461 145 2497 Scit
164 2464 214 2500 cui
234 2464 402 2511 latretur,
432 2481 508 2504 cum
520 2468 611 2516 solus
629 2469 827 2506 obambulat
845 2470 920 2519 ipfi‘.

2 2514 5 2564 ²,
28 2522 231 2579 H151N51us.
259 2530 376 2567 Canes
402 2531 565 2568 solemne
594 2531 696 2569 fuifl‘e
720 2536 914 2571 mulierum
934 2535 1057 2582 impu-

29 2572 183 2614 dicarum
209 2579 410 2617 satellitium
442 2582 567 2619 docuit
590 2583 790 2620 Broukhus.
811 2584 855 2621 ad
876 2584 1001 2622 Tibul.
1024 2597 1056 2622 1.

28 2622 124 2712 Isigpg.
154 2640 316 2716 V11.63z.
342 2632 502 2680 appolite
530 2633 574 2669 ad
596 2634 695 2670 hunc
713 2635 839 2671 locum
860 2635 990 2672 Horat.
1022 2647 1054 2673 Ι.

91 2689 164 2715 .n.
194 2692 233 2716 12
264 2709 271 2717 .

6 2749 7 2756 ¹
75 2742 145 2773 Nec
162 2753 298 2786 vereor,
328 2756 389 2785 ne,
417 2744 501 2782 dum
515 2746 643 2790 fatuo,
671 2744 731 2780 vir
753 2758 831 2780 rure
850 2757 1002 2782 recurrat
1016 2775 1026 2791 ,

78 2788 204 2832 Janua
219 2793 431 2839 frangatur,
458 2794 562 2830 latret
581 2795 674 2831 canis
689 2823 698 2839 ,
726 2795 875 2846 undique
897 2810 1018 2845 magno

78 2838 180 2884 Pulsa
201 2840 318 2877 domas
327 2843 468 2892 strepitu
487 2846 624 2892 resonet.

9 2885 286 2926 *BunMANNus

78 2962 134 2995 4¹-
163 2953 261 2997 Qum
279 2955 422 3004 ferat.]
460 2960 537 3004 Qto
564 2960 681 2997 multi.
718 2961 884 2998 nonnulli
909 2990 918 3006 ‚
956 2962 1054 3011 quid.

10 3015 12 3018 >
31 2999 238 3057 Hei-usum.
292 3011 369 3039 Aut
403 3008 525 3051 referat
559 3010 727 3048 Politiani
768 3013 804 3048 ὃς
845 3012 1053 3050 Vaticanus.

10 3052 13 3094 ἓ
32 3050 170 3088 remus.
198 3064 241 3088 an
262 3054 349 3089 ferat
371 3055 413 3089 ab
433 3065 593 3094 amatore
615 3088 624 3102 ‚
660 3070 720 3098 aut
743 3062 873 3099 referat
892 3074 911 3099 a
938 3063 1055 3110 puella

12 3110 14 3115 ’
34 3099 76 3185 {d
95 3114 192 3139 eum.
220 3112 257 3139 ut
278 3103 372 3139 recte
390 3105 539 3142 Marius.
564 3109 636 3144 vid.
658 3123 720 3147 ιιι.
744 3113 873 3150 Amor.
895 3125 975 3150 mv.
999 3125 1055 3163 31.

66 3163 293 3189 URMANNUS.

65 3213 137 3254 .4²·
166 3209 284 3239 Vacuo.
308 3201 322 3257 l
360 3204 456 3250 Quia
479 3216 592 3259 mox,
619 3220 727 3245 vacuo
746 3195 862 3258 libre,
888 3213 1057 3263 sequitur.

37 3248 92 3303 luc
109 3252 264 3310 nia-lebat
283 3253 388 3291 vlduo
411 3254 589 3294 Framuus,

2073 1305 2163 1359 Nil

1169 1464 1229 1499 42.
1259 1452 1325 1489 Illa
1347 1450 1454 1501 tom]
1485 1451 1557 1500 Ipsa
1579 1449 1761 1488 meliores.
1788 1449 2003 1488 HEmsxus.

1169 1516 1227 1548 44.
1257 1510 1391 1552 Detque
1410 1502 1560 1551 locum.]
1592 1507 1716 1552 Daque
1749 1501 1942 1543 meliores,
1970 1501 2035 1549 qui
2065 1502 2104 1539 &
2125 1502 2171 1539 τὶ

1116 1552 1154 1589 in
1176 1554 1256 1590 tolli
1273 1554 1405 1602 jubent
1422 1554 1460 1590 in
1483 1552 1647 1601 sequenti
1671 1551 1786 1588 versu.
1814 1552 2028 1588 Hfimsms.

1165 1616 1223 1651 45.
1254 1603 1404 1652 Litora]
1436 1603 1478 1639 In
1501 1601 1665 1651 quodam
1695 1601 1824 1639 codice
1852 1609 1950 1646 erat,
1978 1601 2016 1638 in
2039 1600 2160 1646 litore,

1115 1653 1217 1702 quod
1237 1665 1315 1690 non
1333 1653 1504 1701 displicet.
1532 1653 1712 1689 MARIUS.

1169 1717 1229 1752 45.
1256 1702 1435 1752 Arenas.]
1465 1706 1624 1739 Arenam
1645 1702 1764 1740 codex
1787 1702 1959 1739 Douzae.

1168 1755 1225 1798 46.
1254 1759 1398 1789 Uxorem
1416 1752 1530 1799 stulti.
1553 1752 1568 1802 ]
1605 1753 1738 1790 Malim
1754 1780 1764 1796 ,
1793 1752 1938 1789 incauti.
1967 1751 2063 1790 Nam
2086 1751 2158 1790 Ti-

1118 1803 1205 1842 bulli
1225 1803 1282 1841 illa
1301 1804 1462 1841 imitatus
1479 1803 1528 1839 est
1541 1830 1551 1847 ‚
1583 1815 1617 1840 1.
1635 1803 1736 1851 Eleg.
1756 1814 1827 1839 νη.
1852 1814 1908 1849 15.

1169 1880 1225 1912 At
1247 1885 1287 1911 tu
1297 1875 1442 1922 fallacis
1460 1876 1609 1923 conjunx
1628 1875 1765 1911 incaute
1778 1874 1934 1924 puellae,

1218 1931 1279 1961 Me
1299 1939 1429 1976 quoque
1438 1926 1603 1974 servato,
1626 1935 1736 1974 peccet
1756 1936 1795 1962 ut
1816 1925 1878 1961 illa
1899 1923 2003 1963 nihil.

1110 1996 1442 2047 Quemadmodum
1464 1999 1502 2034 &
1522 1996 1632 2034 Trist.
1651 1996 1711 2033 lib.
1734 2005 1877 2043 11.457.

1160 2069 1318 2119 Denique
1335 2067 1379 2104 ab
1400 2069 1538 2106 incauto
1556 2069 1710 2107 nimium
1724 2069 1812 2118 petit
1831 2068 1895 2105 illa
1916 2069 2068 2114 marito,‘

1211 2125 1249 2156 Se
1269 2133 1399 2169 quoque
1416 2120 1469 2156 uti
1482 2119 1600 2168 stervet
1612 2149 1623 2165 ‚
1645 2129 1754 2168 peccet
1772 2130 1813 2156 ut
1833 2119 1898 2155 illa
1914 2120 2043 2158 minus.

1111 2191 1251 2228 Contra
1269 2200 1391 2226 cautus
1413 2193 1452 2228 ὃς
1472 2193 1574 2239 vafhr
1591 2191 1753 2229 maritus.
1780 2191 1825 2228 de
1846 2203 1923 2240 quo
1943 2192 2050 2240 Epist.
2072 2204 2150 2230 xvr.

1110 2241 1164 2285 jes.
1185 2252 1264 2289 314.
1291 2239 1350 2278 sed
1369 2242 1458 2279 nihil
1480 2251 1593 2280 muta.
1618 2255 1663 2280 11.
1684 2242 1792 2279 Trist.
1814 2254 1898 2290 500.

1164 2312 1335 2363 Verbaque
1352 2314 1415 2351 dat
1427 2315 1533 2362 stulto
1554 2314 1681 2352 callida
1703 2324 1810 2365 nupta
1832 2315 1920 2353 viro.
1950 2316 2093 2352 Hisms.

1112 2389 1159 2425 Et
1186 2390 1234 2427 ita
1264 2390 1370 2428 initio
1401 2391 1550 2440 Elegiae
1571 2390 1722 2438 stultum
1743 2392 1902 2428 vocavit.
1932 2396 2082 2426 Fatuum
2103 2400 2151 2427 eo

1111 2439 1210 2478 sensu
1234 2441 1434 2479 Terentius
1456 2443 1550 2479 Eun.
1571 2441 1656 2478 Aet.
1679 2454 1711 2478 v,
1738 2442 1792 2477 Sc.
1816 2442 1878 2477 ult.
1899 2440 2002 2476 dixit.

1162 2502 1219 2535 47.
1249 2492 1407 2542 Jamque
1426 2491 1508 2539 ega]
1532 2492 1624 2536 Jam
1644 2501 1676 2526 te
1688 2501 1885 2539 praemoneo
1904 2489 1999 2526 Edit.
2019 2490 2151 2537 prima,

1111 2540 1199 2577 alter
1221 2542 1424 2578 Puteaneus
1445 2543 1482 2577 ὅ(
1505 2541 1580 2577 duo
1599 2541 1749 2577 Moreti.
1777 2541 1867 2584 Jam
1895 2550 1927 2575 te
1949 2553 2001 2588 ego
2022 2540 2154 2577 Palati-

1111 2601 1178 2626 nus
1200 2602 1351 2638 primus

1159 2653 1217 2686 49.
1246 2641 1389 2683 Multa,
1419 2640 1543 2688 diuque
1574 2638 1675 2688 tuli.]
1707 2639 1822 2676 Reffte
1841 2647 2038 2688 utrumque
2057 2651 2151 2677 con-

1103 2690 1247 2738 junxit:
1278 2689 1448 2738 potuisset
1475 2691 1572 2727 enim
1597 2690 1680 2733 diu,
1706 2689 1765 2727 sed
1787 2702 1899 2737 pauca
1919 2691 2036 2727 ferre:
2066 2691 2105 2727 δε
2130 2690 2151 2727 ὲ

1110 2743 1292 2778 contrario
1321 2741 1457 2782 multa,
1486 2742 1522 2776 &
1547 2752 1622 2776 non
1644 2740 1716 2776 diu.
1746 2740 1802 2776 Sic
1834 2741 1966 2777 Cicero
1988 2741 2024 2776 in
2050 2741 2152 2777 Rhe-

1108 2791 1230 2828 toticis
1250 2820 1259 2835 ,
1287 2797 1384 2840 Saepe
1415 2803 1457 2830 ω’
1482 2790 1634 2825 multum
1661 2789 1721 2825 hoc
1747 2803 1878 2826 mecum
1907 2791 2064 2838 cogitavi.
2094 2790 2153 2827 Sic

1110 2844 1220 2877 etiam
1242 2843 1366 2890 Elegia
1384 2841 1578 2878 undecima
1600 2840 1679 2876 libri
1700 2841 1798 2877 tertii
1822 2842 2007 2877 Amorum
2028 2840 2148 2878 Naso:

1161 2910 1283 2946 Multa
1301 2912 1427 2962 diuque
1446 2912 1535 2956 tuli,
1563 2912 1661 2948 vitiis
1676 2913 1845 2961 patientia
1868 2913 1964 2948 vina
1985 2913 2037 2960 est.

1109 2988 1290 3024 Manius.
1330 2986 1445 3024 Rcfte
1471 2987 1622 3023 Marius.
1661 2986 1708 3022 est
1746 2987 1845 3022 enim
1880 2984 1977 3033 quasi
2006 2996 2050 3020 ex
2075 2984 2150 3019 for-

1112 3038 1210 3074 mula
1249 3037 1400 3074 diuum.
1436 3037 1509 3074 vid.
1538 3036 1583 3073 ad
1620 3036 1680 3073 lib.
1714 3049 1774 3072 111.
1806 3037 1907 3084 Eleg.
1945 3048 1997 3071 x1.
2032 3033 2085 3075 ybs.
2118 3045 2149 3068 1.

1112 3088 1378 3125 BURMANNUS.

1165 3151 1219 3185 54.
1246 3138 1313 3173 Sub
1331 3138 1424 3174 nullo
1446 3136 1612 3185 vindice]
1636 3136 1764 3182 Judice
1783 3145 1852 3174 tres
1871 3135 1960 3174 libri.
1978 3131 2151 3170 sollemni

1114 3200 1245 3227 errore.
1276 3189 1431 3225 Remcd.
1457 3201 1535 3236 ¹45·

1165 3250 1422 3301 A'mmodicisub
1443 3251 1536 3291 nullo
1557 3251 1694 3287 vindice
1704 3246 1830 3298 somni.

1544 3314 1590 3352 M
1611 3325 1648 3352 m
1669 3324 1706 3351 m
1747 3323 1765 3359 3
2000 3320 2057 3358 55·
2084 3313 2149 3346 Per
