2553 3676
216 267 226 278 ,
281 211 385 261 254

807 184 866 242 P.
942 181 1359 242 OV1D11
1432 181 1963 242 NASONIS

434 294 528 346 175
568 274 848 349 Tempora
870 293 938 331 ne
960 288 1181 348 pereant
1207 277 1351 331 ultro
1377 274 1499 330 data
1521 276 1813 350 praecipis;
1851 288 2021 352 utque

656 349 918 421 Simplicis
943 362 1154 404 utamur
1180 349 1570 404 commoditate
1595 348 1709 404 viri.

580 420 654 478 Et
677 421 832 485 libet,
872 421 927 475 δε
952 422 1149 485 timeo;
1188 440 1288 477 nec
1313 421 1487 475 adhuc
1513 419 1694 475 exacta
1717 423 1961 478 voluntas

653 493 746 548 Est
767 494 914 555 satis;
954 495 1010 549 in
1032 494 1198 550 dubio
1222 493 1438 566 pe6³c0m
1461 492 1636 546 nostra
1659 494 1849 549 labant.

580 565 654 621 Et
679 567 760 621 vir
785 566 925 622 abest
948 567 1130 630 nobis;
1174 572 1226 620 &
1251 579 1311 619 tu
1335 564 1441 618 fine
1466 564 1697 635 conjuge
1722 566 1957 630 dormis;

441 639 540 694 180

647 638 812 714 Inque
837 641 1012 695 vicem
1037 653 1126 693 tua
1149 656 1265 700 me,
1304 649 1358 691 te
1383 654 1502 691 mea
1528 636 1730 701 forma,
1769 642 1934 712 capit:

578 709 652 766 Et
676 714 866 784 longae
891 712 1098 766 nostes:
1142 710 1323 781 &jam
1347 709 1592 763 sermone
1618 716 1853 766 coimus:

658 784 730 840 Et
757 800 815 838 tu
858 789 879 855 ζ
893 802 980 838 me
1008 783 1317 851 miser-aml)
1358 781 1606 838 blandus:
1647 782 1702 836 &
1730 800 1834 837 una
1861 784 2071 839 domus

583 855 657 911 Et
682 875 926 930 peream,
963 855 1000 910 si
1022 874 1133 910 non
1156 856 1382 909 invitant
1408 855 1587 909 omnia
1613 856 1839 927 culpam.

657 930 853 986 Nescio
879 947 989 1004 quo
1017 929 1228 993 tardor,
1265 928 1357 984 sed
1385 940 1568 983 tamen
1594 928 1728 1000 ipsa,
1763 942 1928 984 metu.

351 1154 434 1192 177.
463 1145 598 1181 Exacta
626 1144 805 1184 voluntas.
825 1145 841 1197 ]
883 1146 1091 1185 Puteaneus
1130 1145 1168 1183 δε
1207 1155 1341 1182 omnes

296 1194 373 1232 fere
405 1196 521 1243 scripti
548 1196 718 1246 voluptas.
757 1197 816 1235 sed
844 1197 1012 1234 voluntas
1041 1196 1241 1246 legendum
1261 1196 1342 1245 jam

299 1246 528 1284 Hubertinus
550 1247 652 1284 vidit.
682 1259 785 1285 mens
804 1249 904 1286 enirn
929 1250 967 1285 ὃς
985 1249 1154 1286 voluntas
1176 1246 1343 1284 Helenae

298 1295 408 1334 dubia
427 1306 501 1334 crat
515 1325 524 1340 ,
536 1309 604 1335 nec
620 1298 697 1336 satis
715 1298 835 1337 adhuc
854 1299 1059 1337 deliberata.
1080 1298 1238 1336 Gratius.
1262 1310 1344 1347 259.

298 1351 434 1384 Tamen
455 1347 537 1384 haec
559 1351 680 1386 exacta
702 1349 879 1388 voluntas.
902 1362 990 1388 nam
1003 1352 1125 1387 exac‘la
1144 1350 1287 1398 propria
1309 1350 1348 1386 in

298 1397 368 1435 hac
399 1411 437 1436 re
465 1411 566 1442 vox;
596 1400 747 1449 quando
775 1401 864 1450 quid
894 1401 1154 1450 perpenditur,
1183 1409 1223 1437 ut
1250 1398 1350 1438 exse-

299 1459 480 1498 quarnur:
512 1463 573 1488 111.
597 1452 685 1488 Am.
707 1464 778 1489 vn.

354 1506 425 1535 Nec
439 1499 531 1546 satis
549 1504 709 1538 exactum
731 1502 795 1549 est,
817 1512 930 1553 corpus
948 1517 997 1541 an
1014 1501 1139 1541 umbra
1147 1503 1274 1550 fhrem.

299 1561 364 1588 ιιι.
386 1551 474 1588 Fast.
494 1554 580 1600 637.

355 1607 426 1637 Nec
438 1601 529 1649 satis
551 1605 711 1639 exafflum
729 1603 774 1651 est
787 1632 797 1647 ‚
826 1604 912 1655 quid
933 1615 1028 1654 agat.

298 1650 358 1688 Sic
384 1654 504 1688 exacta
535 1654 624 1688 ratio
657 1655 819 1692 Horatio
847 1668 893 1693 11.
921 1655 993 1693 Sat.
1025 1667 1080 1693 1v.
1113 1655 1170 1705 36.
1200 1655 1238 1693 &
1259 1655 1349 1693 hinc

302 1715 449 1739 examen
470 1732 480 1747 ,
519 1704 619 1752 quasi
652 1705 831 1754 exagimen
851 1734 862 1751 ‚
900 1718 978 1755 quo
1015 1707 1150 1744 trutina
1190 1707 1348 1756 regitur,

302 1752 404 1790 Serv.
431 1754 475 1791 ad
501 1754 604 1803 Virg.
631 1768 701 1792 xri.
733 1768 814 1805 725.
844 1758 882 1794 ὃς
909 1766 1014 1795 vetus
1043 1758 1218 1806 interpres
1243 1757 1351 1794 Persii

303 1803 349 1840 ad
372 1817 401 1842 Ι.
422 1806 493 1842 Sat.
516 1806 549 1841 6.
570 1806 617 1843 sic
633 1807 680 1842 ad
701 1821 858 1844 numeros
884 1808 1013 1857 exigere
1041 1808 1173 1846 Noster
1192 1807 1351 1846 Remed.

305 1864 389 1903 371.
411 1855 449 1891 ὃ(
468 1855 516 1890 ad
536 1856 638 1892 vires.
658 1870 702 1894 11.
723 1859 801 1895 Art.
822 1872 888 1906 501
934 1858 1065 1895 Fabrae
1092 1861 1233 1896 exustus
1252 1859 1352 1896 artis.

304 1916 370 1942 111.
391 1904 481 1943 Fast.
505 1906 588 1955 383.
616 1908 655 1944 &
677 1908 843 1947 sexcenta
863 1910 959 1947 talia.
989 1909 1255 1948 BURMANNUS.

362 1956 444 1999 178.
473 1963 514 1992 In
546 1956 647 1993 dubio
673 1961 807 2007 pec‘lora
837 1961 948 2007 nostra
979 1959 1149 2011 labant.]
1192 1968 1231 1997 In
1260 1959 1353 1996 bivio

302 2005 510 2055 scripserat,
538 2009 572 2045 ni
600 2009 727 2054 fallor,
758 2010 868 2049 Naso.
896 2013 948 2047 Tb
975 2010 1113 2048 bivium
1143 2013 1355 2060 frequenter

305 2066 522 2113 corruptum
550 2058 598 2096 est
622 2088 631 2102 ‚
668 2061 764 2109 apud
789 2063 978 2110 scriptores
1007 2064 1178 2113 antiquos
1202 2091 1212 2106 ‚
1250 2062 1355 2110 culpa

304 2107 536 2146 librariorum
557 2138 566 2153 ,
606 2112 670 2159 qui
699 2124 764 2160 pro
794 2112 887 2149 bivio
904 2141 912 2155 ,
940 2113 1086 2150 vivium
1110 2142 1121 2158 ,
1162 2114 1199 2151 δε
1217 2113 1355 2150 vivum

303 2160 526 2208 plerumque
546 2171 748 2200 exararunt.
778 2164 934 2201 Remed.
956 2164 1130 2201 Amoris:

363 2215 406 2246 Ut
428 2220 510 2246 tuus
529 2210 567 2247 in
589 2210 681 2248 bivio
700 2213 905 2259 distineatur
928 2220 1053 2251 Amor.

310 2258 371 2298 Sic
388 2260 459 2297 labi
476 2261 514 2298 in
533 2261 626 2298 bivio
648 2263 837 2302 Orientius
858 2265 1153 2303 commonitorio
1177 2264 1287 2303 dicit:

362 2312 426 2348 Sed
443 2312 527 2363 quia
541 2326 806 2365 nonnumquam
817 2314 1050 2364 succumbunt
1062 2315 1200 2354 lumina
1208 2318 1361 2364 firmae,

417 2364 577 2412 Ancipiti
599 2368 709 2401 retius
729 2365 862 2402 labitur
883 2367 921 2402 in
941 2365 1046 2404 bivio.

313 2411 399 2451 Val.
420 2413 568 2452 Flaccus
589 2416 682 2454 libro
703 2429 739 2454 V.
756 2415 812 2460 JZ's.
834 2429 916 2466 394.

366 2466 482 2514 §Quem
495 2466 582 2515 petis
602 2471 755 2503 Aeeten:
781 2469 915 2516 genitor
932 2480 1027 2503 meus
1040 2484 1050 2504 .·
1079 2468 1215 2518 ipsaque
1227 2470 1337 2519 juxta

364 2516 519 2554 Moenia.
548 2529 591 2556 <J
612 2528 652 2553 ut
671 2518 782 2554 bivios
793 2517 886 2567 poffis
905 2518 1090 2567 discernere
1107 2520 1228 2565 calles,

370 2573 445 2603 Hac
466 2567 548 2604 adeo
568 2567 651 2604 duce
661 2569 754 2615 ferte
765 2570 909 2617 gradus.

318 2615 375 2654 Ita
407 2626 505 2655 totus
534 2619 637 2656 locus
661 2619 893 2669 castigandus.
924 2622 1021 2659 Nam
1045 2622 1232 2660 Carrionis
1258 2621 1365 2666 liber,

321 2668 424 2704 vivos
452 2669 561 2706 calles.
591 2670 763 2720 Vulgari,
785 2685 891 2708 veros.
920 2671 1040 2711 Festus
1065 2675 1231 2711 Avienus
1256 2673 1366 2711 Orbis

321 2716 599 2766 Descriptione:

373 2774 466 2803 Haec
488 2769 591 2818 Asiae
611 2771 727 2808 dixere
738 2774 853 2819 fores:
883 2773 961 2810 hiat
978 2788 1032 2811 ore
1051 2774 1142 2825 quod
1161 2773 1221 2810 illo

373 2823 479 2874 Porta
493 2847 509 2874 ‚¹
531 2821 627 2869 quasi
646 2835 689 2860 <5⁶
710 2823 825 2872 longas
848 2824 986 2862 bivium
1007 2825 1162 2874 discedat
1183 2826 1220 2861 in
1238 2838 1326 2862 oras.

323 2866 378 2905 Ita
402 2870 438 2905 &
462 2870 535 2924 illic
556 2883 599 2925 ei:
615 2875 730 2911 veteri
751 2875 880 2914 codice
902 2876 1145 2915 scribendum.
1174 2876 1231 2913 Sic
1250 2886 1368 2925 porta-

324 2932 404 2956 rum
423 2932 461 2955 tn
491 2919 584 2976 ὐῐυιᾳ
613 2924 708 2970 apud
739 2925 892 2964 Statium
913 2928 1128 2965 Thebaidos
1153 2940 1182 2964 1.
1210 2927 1367 2965 Videtur

325 2980 449 3026 autem
480 2970 649 3019 adagium
680 2974 754 3010 hoc
792 2977 1023 3015 Ovidianum
1054 2978 1213 3015 alludere
1240 2978 1286 3015 ad
1315 2979 1368 3015 bi-

328 3032 431 3058 vium
454 3021 624 3058 Herculis
647 3023 790 3060 Prodici
813 3027 850 3061 &
871 3027 916 3062 ad
934 3028 1075 3064 bivium
1102 3028 1368 3076 Pythagoricae

325 3071 450 3108 literae
480 3073 593 3109 vitani
625 3073 826 3111 humanam
860 3077 1112 3124 complexum.
1147 3089 1224 3125 quo
1254 3079 1292 3114 &
1315 3090 1371 3114 re-

331 3121 446 3170 spexit
467 3122 601 3160 Perfius
623 3123 712 3166 istis,
744 3124 814 3161 Sat.
836 3136 870 3162 v.

381 3179 540 3222 Cumque
559 3174 623 3210 iter
641 3174 844 3223 ambiguum
865 3175 907 3223 est
919 3205 928 3221 ,
946 3188 990 3215 (γ’
1008 3176 1105 3212 vitae
1122 3175 1250 3223 nescius
1269 3191 1374 3223 error,

378 3224 530 3278 *Diducit
552 3225 699 3274 trepidas
719 3227 853 3275 ramosa
875 3228 912 3264 in
934 3228 1077 3278 corripita
1097 3238 1237 3269 mentes.

334 3272 463 3324 virgil.
485 3276 642 3315 Aeneid.
666 3290 718 3314 xi.
745 3289 827 3326 515.

2267 1002 2441 1077 Quam

1447 1148 1559 1181 Furta
1571 1151 1655 1191 paro
1675 1142 1754 1180 belli
1772 1156 1921 1181 convexo
1942 1143 1981 1181 in
1999 1143 2144 1181 tramite
2153 1140 2269 1193 silvae
2280 1170 2294 1189 ‚

1451 1200 1495 1231 Ut
1514 1195 1629 1231 bivias
1646 1206 1784 1231 armato
1803 1194 1953 1244 obfidam
1975 1195 2088 1232 milite
2095 1197 2230 1242 fauces.

1399 1245 1507 1284 Nisus
1528 1246 1624 1295 apud
1646 1246 1807 1284 eundem
1831 1247 2030 1284 Maronem
2051 1246 2112 1284 lib.
2131 1260 2182 1284 ix.
2202 1256 2286 1295 234.

1733 1303 1858 1334 Locum
1878 1296 2010 1347 infidiis
2027 1297 2255 1347 conspeximus
2272 1295 2334 1347 ipsi
2342 1298 2358 1343 ,“

1456 1347 1531 1396 Qi
1545 1357 1643 1397 patet
1660 1348 1698 1384 in
1715 1347 1808 1385 bivio
1823 1358 1954 1398 portae.

1404 1400 1497 1447 Quo
1525 1399 1612 1436 loco
1632 1398 1887 1437 vetustissimus
1908 1397 2124 1443 Mediceus,
2148 1399 2186 1435 in
2208 1398 2308 1435 vivio
2326 1401 2448 1448 portae:

1404 1449 1541 1487 eodem
1563 1463 1683 1487 errore
1697 1478 1706 1495 ‚
1728 1459 1767 1488 ut
1786 1451 1889 1487 vivos
1913 1451 2016 1488 calles
2036 1450 2133 1499 apud
2156 1450 2348 1488 Valerium
2361 1460 2449 1500 ,pro

1404 1499 1526 1538 bivios.
1553 1500 1726 1539 Prudent.
1744 1501 1805 1539 lib.
1827 1514 1870 1538 11.
1891 1510 2019 1539 contra
2039 1501 2254 1551 Symmach.

1457 1551 1534 1588 Sola
1554 1566 1662 1589 errore
1681 1562 1773 1588 caret
1788 1550 1933 1602 simplex
1954 1552 2040 1596 via,
2069 1552 2179 1602 nescia
2191 1551 2290 1602 flesti

1461 1609 1502 1638 In
1519 1602 1792 1645 diverticulum,
1823 1602 1929 1639 biviis
1948 1616 2007 1639 nec
2020 1601 2180 1652 pluribus
2199 1611 2328 1652 anceps.

1404 1652 1624 1691 Prudentius
1645 1654 1850 1702 Hamartig.
1871 1665 1908 1690 v.
1931 1665 2014 1702 791.
2037 1654 2075 1690 &
2096 1653 2239 1691 Auson.
2264 1653 2448 1702 idy1.v11:
2469 1648 2472 1649 ⁷

1403 1704 1466 1742 ubi
1493 1704 1577 1741 vide
1599 1704 1794 1742 Vinetuni.
1815 1703 1913 1752 apud
1934 1704 2111 1742 Marcian.
2132 1704 2321 1752 Capellam
2344 1704 2450 1743 initio

1404 1755 1466 1793 lib.
1485 1768 1530 1792 11.
1558 1755 1619 1793 ubi
1641 1756 1715 1804 agit
1736 1755 1780 1793 de
1800 1756 1869 1792 hac
1890 1755 2118 1805 Pythagorae
2140 1755 2242 1792 litera
2258 1783 2268 1799 ‚
2297 1754 2451 1792 scriben-

1405 1806 1496 1844 dum
1528 1818 1614 1844 cum
1640 1806 1784 1844 vetusto
1814 1806 1944 1843 codice
1969 1805 2222 1843 Bibliothecae
2242 1804 2452 1844 Leidensis:

1408 1858 1565 1894 Literam
1585 1870 1738 1908 quoque,
1767 1869 1875 1912 quam
1896 1855 2035 1892 bivium
2062 1855 2293 1892 mortalitatis
2323 1855 2456 1904 afferere
2525 1847 2531 1881 ἶ

1401 1908 1553 1957 prudens
1579 1908 1716 1944 Samius
1735 1906 1964 1954 existimavit.
2001 1918 2085 1944 cum
2114 1906 2192 1942 vim
2217 1906 2331 1955 vulgo
2360 1906 2458 1956 lega-

1408 1967 1467 1995 tur
1489 1986 1498 2002 ,
1536 1959 1573 1995 in
1604 1957 1791 1995 nonnullis
1822 1957 2044 1994 membranis
2072 1956 2229 1993 vivium.
2268 1958 2307 1994 ὃς
2341 1957 2390 1995 ita
2416 1957 2454 1996 in

1409 2009 1517 2044 trivio
1559 2008 1757 2056 constitutus
1799 2007 1959 2053 dicitur,
1987 2008 2062 2057 qui'
2087 2009 2246 2045 incertus
2277 2007 2337 2045 est.
2384 2007 2458 2049 vid·

1410 2059 1558 2097 Suidam
1587 2055 1641 2095 Ἓν
1672 2058 1791 2105 τριὲδῳ
1822 2058 1904 2102 ἐιμὶ.
1933 2058 2030 2106 apud
2058 2059 2207 2106 Apulej.
2233 2059 2392 2097 Metam.
2421 2071 2455 2107 ς.

1412 2110 1553 2158 Prorsus
1568 2112 1604 2159 se
1620 2109 1746 2159 periisse
1764 2110 1895 2146 iterans
1909 2136 1917 2152 ‚
1931 2122 2018 2158 quae
2036 2108 2127 2145 beati
2150 2108 2292 2144 carceris
2311 2108 2456 2156 custodia

1404 2159 1522 2210 septa,
1552 2172 1594 2200 ω’
1614 2161 1791 2197 humanae
1813 2159 2076 2209 convetfiztionis
2103 2158 2264 2209 colloquio
2282 2159 2458 2206 viduata,

1415 2224 1456 2247 ne
1467 2210 1637 2259 fhroribus
1660 2211 1796 2262 quidem
1811 2210 1885 2260 suis
1904 2221 1993 2261 opem
2008 2210 2204 2258 salutarem
2214 2210 2308 2257 ferre
2323 2239 2330 2252 ,
2357 2223 2397 2246 ac
2417 2223 2458 2248 ne

1416 2262 1535 2298 videre
1553 2276 1606 2298 eas
1632 2262 1771 2298 omnino
1784 2261 1893 2311 posset.
1922 2267 2048 2307 Beatus
2069 2262 2128 2299 ille
2153 2273 2264 2297 carcer
2282 2260 2356 2298 hoc
2373 2261 2458 2300 loco

1417 2314 1650 2361 importunus
1673 2312 1734 2350 est.
1762 2313 1987 2362 Schoppius,
2016 2313 2080 2368 qui
2106 2320 2210 2349 notat
2241 2323 2286 2348 ex
2318 2311 2457 2350 vetusto
2516 2330 2518 2345 2

1418 2364 1547 2401 codice
1576 2364 1648 2400 bini
1675 2364 1837 2407 carceri53
1868 2363 1954 2401 inde
1984 2363 2101 2398 [lt-ami
2129 2363 2227 2400 facit.
2254 2361 2312 2399 sed
2338 2362 2457 2411 legem

1419 2415 1505 2452 dum
1524 2443 1534 2459 ‚
1562 2428 1650 2465 quae
1676 2415 1753 2453 avii
1782 2415 1921 2451 carceris
1950 2414 2096 2459 custodia
2118 2415 2215 2463 septa
2233 2441 2242 2456 ,
2272 2412 2332 2450 vel
2358 2411 2454 2451 invii.

1419 2466 1467 2504 fic
1496 2467 1534 2503 &
1564 2466 1656 2504 libro
1687 2479 1739 2503 vx.
1772 2465 1903 2515 Cupido
1925 2465 2019 2515 solus
2041 2465 2212 2511 inferioris
2232 2463 2352 2500 domus
2369 2461 2456 2502 invii

1421 2516 1567 2553 cubiculi
1599 2516 1745 2564 custodia
1784 2516 1928 2566 claufics.
1969 2516 2032 2553 ubi
2067 2515 2160 2551 unici
2198 2514 2293 2552 male
2323 2514 2455 2563 legitur.

1422 2568 1632 2606 Htinsitis.
1659 2568 1759 2605 Mihi
1779 2578 1906 2605 contra
1924 2567 2034 2605 libros
2055 2566 2146 2604 nihil
2164 2566 2225 2604 hic
2243 2564 2452 2604 mutandum

1421 2620 1579 2657 videtur.
1607 2619 1719 2668 Epist.
1744 2631 1818 2656 xix.
1845 2630 1923 2664 174.

1475 2671 1576 2718 {Uias
1593 2672 1716 2719 sequor
1741 2669 1779 2706 in
1806 2668 1907 2705 dubio
1935 2668 1986 2716 est.

1424 2721 1471 2758 Et
1502 2722 1590 2758 illud
1619 2720 1756 2757 bivium
1784 2721 1982 2770 quomodo
2013 2731 2097 2756 cuni
2122 2719 2172 2765 τῷ
2200 2717 2325 2755 labant
2347 2714 2456 2756 confi-

1422 2771 1511 2808 stere
1539 2772 1670 2820 possit,
1698 2783 1776 2808 non
1806 2770 1930 2807 video.
1963 2770 2118 2807 Terent.
2151 2769 2266 2807 Andr.
2302 2782 2330 2808 1.
2364 2780 2398 2806 v.
2425 2777 2455 2816 3.

1423 2827 1523 2858 Dum
1543 2823 1684 2858 animus
1702 2823 1740 2858 in
1759 2820 1859 2857 dubio
1879 2819 2060 2869 est‚paullo
2081 2830 2252 2856 momento
2271 2819 2337 2856 huc
2355 2817 2409 2856 vel
2418 2815 2457 2854 ib-

1423 2872 1479 2909 luc
1500 2873 1701 2922 impellitur.
1730 2872 1790 2910 ubi
1819 2871 1946 2921 impelli
1976 2871 2075 2909 idem
2098 2899 2107 2915 ‚
2134 2871 2238 2921 quod
2263 2871 2322 2908 hic
2341 2868 2459 2907 labare.

1423 2923 1686 2962 BuRMANNus.

1481 2976 1561 3027 183.
1584 2980 1627 3010 Et
1643 2983 1779 3023 peream
1794 2971 1843 3022 ,fi
1863 2985 1928 3009 non
1945 2972 2132 3022 invitent]
2155 2972 2322 3009 Invitant
2338 2968 2460 3018 scripti.

1425 3034 1610 3073 praetcrea
1633 3025 1917 3067 Gronovianus‚
1940 3029 1983 3058 Ut
2006 3032 2152 3072 peream.
2180 3019 2461 3074 quomodoCae,

1429 3075 1560 3113 tullus:

1482 3126 1626 3174 Jupiter
1645 3135 1685 3161 ut
1704 3124 1883 3174 Chalybon
1902 3137 2000 3161 omne
2017 3138 2123 3174 genus
2136 3133 2264 3174 pereat.

1431 3175 1479 3212 Et
1498 3176 1719 3214 Claudianus
1735 3190 1741 3212 :

1484 3233 1526 3262 Ut
1541 3236 1656 3276 pereat
1672 3256 1681 3271 ‚
1711 3226 1906 3277 quicunque
1924 3226 1995 3263 tuis
2013 3224 2202 3276 conflixerit
2223 3223 2360 3263 armis?
2454 3271 2462 3278 q

1431 3278 1643 3318 Hermus.
1671 3278 1841 3317 Francius
1867 3278 2050 3325 malebat,
2074 3276 2266 3327 dispeream.
2295 3277 2334 3314 ὃ(
2356 3283 2460 3314 mox.

2406 3319 2464 3373 su
