2553 3676
603 184 1140 252 AMORUM
1213 205 1386 244 L113.

1461 189 1561 247 III.
1641 206 1687 250 1.'
2074 202 2178 265 465

343 286 513 357 'Saepe
537 284 716 362 aliquis
740 278 912 351 digito
937 289 1115 330 vatem
1138 277 1376 349 designat
1400 296 1646 337 euntem:

239 379 307 414 20

417 361 597 427 Atque
622 366 719 414 ait,
756 350 868 403 Hic
885 389 899 412 ‚
938 349 1023 402 hic
1051 348 1151 412 est,
1189 368 1351 422 quem
1374 355 1514 409 ferus
1542 356 1647 410 urit
1671 355 1858 412 Amor.

343 428 535 482 Fabula
560 429 581 494 (
594 442 693 477 nec
718 422 908 490 sentis)
934 425 1047 474 tota
1067 421 1268 492 jaeiaris
1293 423 1348 476 in
1370 423 1550 487 Urbe3

411 499 557 552 Dum
581 509 668 562 tua
691 494 980 566 praeterito
1008 493 1139 547 faeia
1161 494 1371 566 pudore
1395 495 1574 550 refers,

343 571 584 639 Tempus
610 580 720 620 erat
746 566 924 637 thyrso
948 567 1152 638 pulsum
1178 567 1419 637 graviore
1444 571 1668 622 moveri.

408 639 675 693 (Bellatum
699 639 815 692 satis
842 637 939 691 est:
982 639 1158 711 incipe
1186 639 1348 710 majus
1373 658 1520 711 opus.

227 736 295 785 25
332 712 563 768 Materia
585 711 779 783 premis
803 711 1092 781 ingenium.
1129 729 1258 766 cane
1284 712 1416 765 facia
1438 714 1705 768 virorum:

404 783 561 838 Haec
589 784 795 846 aninm,
834 783 1008 845 dice5‚
1046 801 1162 836 area
1188 783 1346 854 dign-a
1371 803 1494 838 meo
1520 785 1609 839 est.

331 856 499 929 Quod
526 870 738 909 tenerae
764 868 1009 918 cantent,
1048 855 1161 908 lusit
1187 868 1275 908 tua
1297 855 1479 919 Musa,
1516 859 1748 928 puellae3

403 928 686 1000 Primaque
711 944 806 999 per
833 944 1083 982 numeros
1110 927 1221 981 aeia
1241 927 1457 998 juventa
1481 929 1614 983 suos„

48 1151 148 1197 guar,
174 1155 265 1195 quae
285 1143 393 1181 etiam
413 1139 547 1190 pedum
571 1140 716 1178 vincula
738 1139 960 1180 dicebantur.
987 1143 1073 1179 hinc

51 1195 219 1245 Tyrrhena
242 1194 366 1244 pedum
397 1191 540 1228 vincula
565 1191 660 1238 apud
684 1191 881 1229 Maronem
901 1194 961 1229 lib.
985 1206 1071 1230 vm.

4 1278 5 1282 ,
47 1246 126 1295 458.
152 1246 196 1283 de
225 1243 473 1282 calceamentis
496 1241 658 1279 Thuscis.
687 1244 724 1278 &
746 1242 848 1279 Dido
869 1242 964 1291 apud
983 1255 1073 1279 eun-

2 1296 5 1328 ’Ξ
47 1297 129 1334 dem
173 1296 234 1333 lib.
274 1307 329 1332 1v.
365 1293 447 1342 518.
484 1298 601 1329 Unum
637 1301 743 1328 exuta
775 1293 895 1341 pedem
934 1293 1073 1330 vinclis.

49 1346 257 1384 HEmanS.

98 1409 151 1441 14.
181 1395 378 1432 Cothurnus
406 1392 526 1441 erat.]
566 1397 679 1429 Erant
707 1392 863 1431 malebat
892 1393 1073 1431 Francius.

49 1446 245 1487 cothurnus
263 1445 363 1481 habet
382 1445 498 1482 codex
520 1444 687 1481 Douzae.

100 1508 153 1544 15.
180 1503 271 1532 Haec
292 1496 405 1545 prior,
434 1494 558 1543 Ecquis
585 1494 649 1530 erit
671 1493 756 1541 finis
779 1492 842 1530 tihi
867 1493 958 1530 dixit
980 1506 1075 1530 amo·

45 1545 126 1596 ris.]
150 1546 343 1594 Quaedam
361 1545 578 1593 exemplaria
597 1544 765 1592 scriptum
785 1544 918 1581 habent
936 1543 983 1580 fic
1003 1545 1076 1582 hoc

46 1608 213 1634 carmen:

94 1652 141 1682 Et
158 1647 248 1695 prior
269 1645 350 1682 haec
369 1644 482 1688 dixit,
511 1644 602 1690 Qis
618 1643 681 1679 erit
702 1643 766 1680 tibi
783 1643 861 1686 finis
881 1645 1052 1682 amandi?

44 1697 145 1733 Mihi
176 1705 298 1734 tamen
328 1695 439 1742 magis
469 1695 584 1742 placet
614 1694 720 1730 altera
744 1693 866 1730 leffio.
902 1696 1075 1731 MAxrus.

0 1780 3 1787 ,
44 1750 90 1783 Et
105 1746 197 1794 prior
216 1746 327 1783 iidem
350 1743 512 1786 codices,
530 1743 676 1779 amandi
693 1755 842 1792 quoque
855 1772 865 1787 ,
883 1756 958 1780 non
981 1759 1077 1780 amo-

0 1829 2 1835 ,
46 1796 120 1840 ris,
154 1795 218 1833 nisi
246 1795 347 1843 quod
374 1796 409 1830 in
438 1795 582 1841 optimo
610 1795 773 1830 Palatino
791 1822 800 1838 ‚
836 1804 983 1829 amator.
1011 1807 1075 1831 ve-

45 1845 154 1884 nuste.
183 1846 386 1882 HErNSIUS.
417 1844 553 1879 Moreti
581 1843 722 1886 codex,
750 1848 795 1879 Et
809 1844 922 1891 prior,
952 1845 1076 1894 Ecquis

48 1895 238 1940 erit‚vates
252 1894 335 1940 ‚tibi
348 1893 432 1941 finis
448 1892 620 1930 amandi?
646 1904 722 1942 quo
743 1893 866 1931 alludit
888 1894 925 1930 &
946 1893 1075 1931 Putea-

46 1957 134 1985 neus
153 1947 263 1983 alter:

97 2001 142 2032 Et
158 1997 249 2045 prior
270 1995 370 2039 haec,
399 2005 518 2039 vates,
546 1994 620 2044 quis
640 1994 705 2031 erit
721 1993 784 2030 tibi
796 1993 880 2040 finis
901 1994 1076 2033 amandi?

48 2047 101 2083 Ut
127 2046 216 2082 dixit
244 2046 549 2093 subintelligatur,
587 2044 782 2094 quomodo
807 2045 909 2092 saepe
937 2046 1076 2083 Noster.

49 2096 122 2140 vi‘d.
146 2096 189 2133 ad
220 2097 324 2144 Epist.
353 2108 386 2132 x.
416 2107 472 2143 37.
501 2096 688 2137 Scriverii,
717 2099 762 2130 Et
781 2095 873 2143 prior
891 2093 993 2139 heus,
1021 2095 1078 2132 in-

49 2146 146 2196 quit,
174 2146 258 2195 quis.
287 2147 441 2182 Douzae
455 2173 463 2187 ‚
492 2150 537 2181 Et
554 2145 645 2194 prior
667 2145 768 2187 haec,
789 2145 877 2191 {Quis
898 2146 973 2182 erit.

101 2207 159 2233 20.
186 2201 304 2240 Atque
325 2196 397 2238 ait,
427 2195 510 2238 Hic,
539 2195 595 2230 hic
622 2194 701 2243 est.]
733 2194 797 2229 Hic
817 2194 874 2230 ille
899 2194 941 2241 est
962 2196 1080 2233 Sarra-

51 2247 173 2284 vianus
192 2258 273 2282 cum
295 2244 410 2293 prima
430 2245 604 2281 editione.
624 2245 695 2281 Adi
714 2245 828 2281 Notas
849 2245 1004 2282 Metam.
1026 2258 1077 2282 xx.

53 2295 104 2339 sss.
132 2297 164 2332 6.
193 2296 400 2333 Heinsius.
444 2295 546 2332 Nihil
582 2303 700 2332 muto.
736 2294 925 2332 Claudian.
955 2296 1077 2344 Epith.

57 2346 200 2384 Honor.
222 2345 302 2396 318.

400 2396 542 2434 Clamat
566 2396 770 2447 quicumque
786 2394 920 2433 videbit

106 2447 168 2484 Hic
186 2447 227 2495 est
242 2475 251 2492 ,
276 2447 331 2484 hic
347 2447 496 2484 Stilicho.

53 2497 108 2535 Ut
132 2498 180 2535 ibi
208 2498 302 2536 reue
337 2497 504 2535 Heinsius
530 2510 574 2535 ex
602 2497 735 2547 scriptis
762 2497 925 2534 restituit.
961 2496 1010 2535 fic
1039 2498 1078 2535 in

51 2547 118 2585 alia
135 2547 325 2586 affeffione
341 2548 454 2585 animi
474 2548 571 2585 idem
590 2548 649 2585 lib.
677 2561 706 2586 1.
726 2548 762 2584 in
784 2549 936 2596 Eutrop.
957 2549 1015 2585 66.

103 2604 191 2634 Haec
209 2609 302 2640 erat,
330 2598 430 2640 haec,
459 2598 668 2641 Ptolemaee,
688 2597 801 2645 fides?

53 2647 125 2685 Ubi
147 2648 228 2686 vide
250 2650 357 2686 etiam
373 2648 578 2685 Heinsium.
602 2660 671 2686 nec
691 2656 814 2685 tamen
833 2659 931 2696 nego
944 2676 954 2692 ,
967 2648 1078 2686 etiam

51 2697 153 2746 saepe
172 2700 338 2747 reperiri,
366 2698 420 2734 hic
437 2697 494 2734 ille
513 2698 576 2746 est,
605 2699 688 2735 vide
706 2698 872 2746 exempla
893 2698 989 2746 apud
1007 2700 1080 2736 Ra.-

58 2749 179 2785 mirez.
209 2749 253 2785 ad
279 2748 434 2785 Martial.
458 2761 487 2785 1.
519 2761 549 2786 1.
569 2750 697 2798 quibus
718 2748 808 2785 adde
828 2747 1004 2796 insignem
1022 2750 1080 2787 lo-

58 2809 141 2834 cum
169 2798 320 2835 Terent.
349 2798 462 2835 Andr.
493 2811 544 2836 1v.
582 2812 633 2836 1v.
662 2810 720 2845 47.
752 2798 817 2834 Hic
843 2797 885 2844 est
917 2798 986 2843 ilie.
1020 2800 1081 2837 ubi

57 2846 195 2884 Donat.
227 2853 317 2883 Cum
344 2846 498 2893 ἐμφάσει
522 2849 619 2899 quast
650 2850 709 2885 vir
736 2861 879 2897 magnus
902 2877 912 2892 ,
940 2849 1002 2897 sed
1023 2850 1083 2886 hoc

57 2897 269 2933 Chremetem
314 2898 478 2944 ostendens
513 2900 596 2936 dicit
640 2913 716 2935 cum
747 2899 902 2945 s'cpwveiqe.
957 2900 995 2936 &
1034 2900 1083 2937 ita

42 2946 151 2994 -2pud
170 2947 327 2983 Graecos
351 2947 466 2991 ὄντος,
485 2957 525 2986 ut
552 2950 678 2987 Auor.
708 2962 786 2987 xxx.
817 2949 874 2985 28.
900 2949 960 2986 ubi
981 2950 1082 2998 plura

54 2995 229 3034 Pricaeus.
258 2997 512 3034 Bmzmmxnus.

108 3059 165 3084 20.
195 3046 270 3081 Urit
291 3046 425 3094 amon]
456 3048 603 3095 Legitur
621 3051 680 3095 &,
706 3059 821 3099 urget;
849 3049 907 3088 sed
925 3048 1086 3095 restiti&

61 3097 142 3134 urit.
169 3097 346 3133 MAizius.

109 3159 167 3183 21.
197 3146 362 3195 Fabula]
393 3145 523 3182 Fabula
551 3147 597 3183 est
626 3148 685 3190 id,
712 3149 755 3185 de
776 3162 851 3197 quo
875 3162 1003 3188 omnes
1023 3152 1082 3188 lo-

60 3205 239 3244 *quuntuix
269 3197 313 3233 de
341 3209 417 3245 quo
445 3196 539 3244 apud
561 3208 689 3233 omnes
709 3197 824 3236 sermo
847 3201 906 3237 est.
931 3202 984 3238 sic-
999 3202 1080 3238 alibi

60 3246 155 3294 apud
171 3247 268 3284 hune
291 3247 463 3285 N-ollrum
478 3274 488 3293 ‚
509 3247 559 3284 bis
582 3246 676 3296 apud
698 3247 894 3286 Horatium
908 3278 918 3296 ,
931 3253 968 3288 &
989 3251 1085 3300 apud

2016 1001 2176 1061 Nune

1238 1121 1250 1136 0

1127 1141 1216 1178 alios
1236 1141 1407 1190 probatos
1423 1138 1599 1180 aridiores.
1620 1143 1837 1180 Cronium.
1864 1140 1918 1178 Ita
1937 1138 2167 1187 Terentius.'

1127 1193 1398 1240 Propertius&
1417 1195 1494 1242 quis
1516 1206 1589 1231 non
1605 1193 1619 1229 ?
1635 1196 1672 1231 ὃς
1694 1194 1864 1231 omnibus
1885 1200 2031 1229 notum.
2052 1192 2111 1228 sed
2132 1194 2171 1231 in

1128 1244 1251 1290 primis
1273 1244 1344 1280 linc
1370 1245 1450 1280 facit
1476 1244 1576 1281 locus
1606 1245 1688 1290 Jobi
1709 1257 1783 1291 cap,
1805 1255 1888 1280 xxx.
1909 1255 1946 1291 9.
1975 1242 2033 1279 ubi
2052 1242 2170 1288 Jobus

1131 1293 1237 1336 dicit,
1260 1293 1297 1340 se
1322 1293 1530 1330 cantilenam
1551 1295 1691 1340 fiuhm
1723 1294 1916 1342 impiorum.
1946 1293 2007 1329 ubi
2036 1293 2174 1330 Graeci

1133 1345 1312 1387 θρύλλᾏμοι
1325 1373 1335 1387 ,
1352 1344 1451 1392 quod
1470 1353 1572 1381 notat
1590 1347 1626 1381 in
1647 1345 1822 1381 omnium·
1844 1355 1907 1379 ore
1926 1341 1995 1379 effe
2012 1370 2020 1384 ,
2034 1351 2074 1378 ut
2094 1343 2173 1379 He-

1128 1393 1209 1430 lena
1240 1393 1325 1430 dicit
1355 1394 1460 1442 Epist.
1488 1407 1581 1431 xvxi.
1616 1406 1669 1443 34.
1699 1396 1745 1431 ita
1779 1395 1961 1441 eleganter
1993 1392 2174 1440 Quinetil.

1130 1444 1235 1481 Decl.
1263 1456 1339 1480 xiv.
1372 1445 1476 1491 Qod
1495 1459 1553 1481 nos
1571 1446 1608 1481 in
1626 1444 1772 1491 fabulas
1783 1446 2021 1491 sermonesque
2041 1441 2168 1492 mtfisti.

1131 1494 1204 1532 vid.
1224 1493 1268 1531 ad
1291 1508 1332 1530 11.
1357 1495 1436 1532 Art.
1460 1498 1540 1544 561.

1181 1556 1239 1581 22.
1267 1550 1364 1580 Dum
1392 1554 1453 1581 tua
1479 1544 1645 1594 postpossto
1667 1547 1768 1592 fabia
1794 1545 1918 1594 pudore
1946 1542 2095 1591 refers.]
2126 1543 2171 1580 In

1133 1595 1346 1643 quibusdam
1363 1596 1623 1644 exemplaribus
1643 1596 1793 1644 legitur,
1811 1594 1990 1644 praeterito
2003 1621 2012 1636 ‚
2031 1601 2172 1629 utrum-

1133 1657 1204 1693 qne
1226 1645 1332 1682 roste.
1362 1646 1537 1683 Munus.
1575 1652 1682 1682 Furta
1705 1645 1943 1683 scribendum.
1971 1643 2170 1692 quomodo

1133 1696 1171 1731 ὅτ
1200 1696 1282 1732 alibi
1312 1708 1387 1732 non
1419 1709 1495 1734 uno
1530 1697 1617 1735 loco
1654 1696 1702 1734 cst
1728 1703 1935 1745 peccatum.
1973 1703 2013 1733 ut
2039 1693 2100 1730 lib.
2126 1706 2172 1732 11.

1132 1744 1239 1782 Trist.
1263 1745 1307 1782 de
1330 1746 1448 1784 Calvo
1468 1759 1555 1796 432.

1181 1808 1321 1845 Detexit
1343 1809 1454 1846 variis
1473 1811 1531 1859 qui
1547 1810 1614 1858 fita
1626 1812 1731 1858 furta
1750 1801 1870 1847 modis.

1130 1868 1201 1905 Pro
1225 1869 1406 1918 praeterito
1429 1871 1554 1919 pudore
1581 1872 1676 1908 male
1707 1869 1851 1908 codices
1872 1868 2062 1913 nonnulli,
2085 1869 2172 1918 post·

1125 1917 1227 1968 posito
1240 1948 1249 1964 ,
1267 1929 1439 1969 praetento
1452 1949 1462 1965 ,
1482 1921 1624 1970 neglebio
1645 1923 1681 1958 δί
1705 1920 1844 1959 similia.
1865 1921 1974 1958 Trist.
1996 1933 2040 1958 11.
2060 1933 2148 1967 409.

1183 1979 1240 2027 Est
1263 1992 1305 2020 ω’
1322 1981 1360 2017 in
1381 1980 1545 2030 obscoenos
1564 1980 1694 2031 deflexa
1716 1982 1897 2030 Tragoedia
1918 1982 2026 2029 risus,

1235 2031 1420 2081 Multaque
1433 2033 1613 2081 praeteriti
1632 2031 1738 2068 verba
1755 2032 1893 2081 pudoris
1911 2031 2027 2069 habet.

1132 2092 1223 2138 Quo
1258 2092 1345 2129 loco
1375 2093 1466 2130 nihil
1494 2093 1542 2130 est
1569 2093 1800 2131 mutandum.
1832 2092 2008 2142 praeteriti
2031 2092 2170 2142 pudoris

1131 2140 1263 2185 verba,
1291 2143 1328 2178 in
1350 2144 1479 2191 quibus
1508 2144 1749 2181 verecundiae
1781 2145 1875 2181 ratio
1903 2155 1979 2182 non
2008 2144 2169 2181 habetur⁹

1139 2191 1351 2229 Heinsms.

1137 2292 1142 2297 .
1185 2253 1244 2290 23.
1273 2242 1462 2293 Dudum]
1483 2245 1625 2283 Pridem
1642 2274 1652 2290 ,
1664 2245 1897 2296 jamdudum.
1925 2245 2013 2282 Non
2036 2243 2167 2287 solum,

1133 2294 1274 2341 inquit,
1302 2294 1339 2330 in
1367 2295 1562 2342 praesentia
1594 2305 1737 2345 tempus
1763 2297 1834 2341 est,
1861 2304 1900 2334 ut
1927 2296 2065 2343 majora
2084 2294 2167 2330 scri-

1134 2341 1215 2379 bas:
1244 2342 1303 2380 sed
1329 2344 1551 2393 jampridem
1576 2359 1726 2396 quoque
1747 2356 1830 2384 erat.
1860 2345 2092 2391 Manuscripti
2113 2352 2168 2380 ta-

1134 2404 1221 2429 men
1241 2394 1385 2432 codices
1413 2397 1647 2445 complurimi
1665 2398 1821 2440 habent,
1851 2396 2014 2442 Pulsum,
2043 2393 2077 2430 id
2096 2393 2168 2437 est,

1132 2442 1359 2491 perculsum:
1381 2457 1474 2494 quae
1490 2447 1602 2485 leelio
1625 2449 1736 2495 magis
1757 2447 1884 2494 placet.
1912 2446 2008 2481 Nam
2032 2445 2069 2480 ὃς
2091 2444 2169 2481 Lu-

1135 2494 1288 2539 cretius,
1317 2495 1414 2532 unde
1438 2497 1512 2533 hoc
1539 2496 1719 2546 sumpfill'e
1742 2496 1838 2533 Naso
1862 2494 2026 2538 videtur,
2052 2492 2111 2531 lib.
2135 2504 2166 2532 1.

1135 2543 1180 2580 de
1203 2544 1341 2581 Rerum
1358 2553 1484 2582 natura
1505 2545 1617 2584 dixit:

1733 2635 1746 2639 *7
1844 2595 1906 2632 Sed
1931 2595 2005 2631 acri

1184 2644 1344 2694 Percuffit
1361 2646 1474 2695 thyrso
1497 2646 1609 2684 laudis
1619 2647 1690 2696 spes
1709 2659 1835 2695 magna
1854 2659 1968 2683 meum
1989 2658 2066 2689 cor,

1184 2701 1231 2731 Et
1240 2695 1350 2745 fimul
1366 2696 1499 2747 incuffit
1511 2696 1659 2745 suavem
1681 2697 1733 2734 mi
1753 2698 1791 2732 in
1806 2699 1918 2746 pestus
1940 2709 2092 2732 amorem

1185 2748 1394 2794 Musarum:
1424 2761 1488 2797 quo
1507 2761 1597 2784 nunc
1619 2747 1816 2794 instinltius,
1844 2757 1955 2783 mente
1974 2746 2107 2795 vigenti

1186 2798 1289 2833 Avia
1309 2797 1487 2834 Pieridum
1503 2806 1639 2846 peragro
1659 2799 1740 2834 loca.
1768 2798 1946 2834 MARius.

1138 2846 1192 2884 Ita
1217 2847 1333 2896 pulsus
1366 2853 1518 2883 Deorum
1545 2860 1610 2897 pro
1638 2847 1805 2885 instinehi
1835 2848 2005 2883 Lucanus
2028 2860 2062 2883 v.
2087 2848 2170 2894 1192

1190 2902 1370 2946 Compages
1391 2897 1548 2934 humana
1567 2897 1663 2934 tabat
1678 2927 1686 2940 ‚
1709 2897 1890 2947 pulsusque
1908 2894 2060 2933 Deorum

1189 2949 1554 2997 Concutiuntfragiles
1572 2949 1716 2985 animos.

1137 2998 1305 3034 Graviore
1321 3008 1483 3042 vero,ut
1503 3000 1634 3036 Horat.
1655 3011 1698 3035 11,
1721 2997 1795 3036 Od.
1815 3009 1892 3035 xix,
1913 2997 1948 3035 8,

1187 3047 1287 3084 Liber
1311 3049 1416 3097 gravi
1444 3050 1622 3086 metuende
1650 3048 1776 3098 thyrfh.

1134 3098 1251 3136 Rene
1271 3100 1330 3136 hic
1349 3100 1497 3137 Marius.
1525 3100 1790 3137 BURMANNUS.

1187 3161 1246 3196 25.
1273 3153 1379 3185 Faffia
1396 3150 1589 3199 virorum]
1621 3151 1696 3186 Cur
1713 3152 1820 3186 etiam
1842 3160 1918 3186 non
1939 3146 2066 3183 veteris
2085 3147 2166 3183 aevi

1137 3200 1384 3236 foeminarum
1400 3227 1410 3242 ‚
1437 3213 1531 3249 quae
1559 3211 1675 3248 aeque
1700 3199 1986 3247 Tragoediarum
2013 3196 2090 3232 sunt
2113 3208 2168 3232 ar-

1138 3256 1337 3298 gumenta,
1363 3261 1404 3288 ae
1429 3250 1525 3290 viri?
1555 3250 1696 3298 egregie
1725 3260 1811 3297 ergo
1832 3246 2104 3285 Barberinianus
2127 3247 2167 3283 &

1605 3299 1640 3335 N
1658 3309 1679 3334 n
1699 3308 1724 3333 n
2012 3296 2171 3344 Franco-
