2553 3676
151 177 254 246 846

601 166 1062 227 ULIXES
1137 167 1875 231 PENELOPAE.

445 261 599 318 Solus
624 261 799 317 adhuc
824 278 1071 326 mecum,
1110 261 1205 335 qui
1229 278 1317 316 me
1341 274 1426 317 tot
1450 261 1648 318 cafibus
1675 280 1812 321 unus

521 335 780 395 Duravit,
818 335 1024 408 patiens
1048 333 1115 388 ad
1140 336 1302 399 mala,
1339 335 1533 408 perstat
1561 338 1752 393 Amor.

446 410 600 466 Illum
625 426 736 463 non
761 408 928 464 avidis
955 408 1173 464 canibus
1197 409 1378 463 Niseia
1402 410 1558 479 virgo

523 481 736 553 Fregit:
777 499 889 537 non
913 481 1133 537 tumidis
1160 495 1302 535 torta
1328 480 1632 553 Charybdis
1657 487 1833 557 aquis:

344 570 408 626 35
445 555 576 613 Non
600 555 747 610 ferus
779 556 1130 629 AntiphateS,
1152 572 1254 608 nec
1282 555 1338 606 in
1367 570 1479 606 uno
1503 571 1736 626 corpore
1762 556 1948 613 diffors
1972 559 1975 625 J

526 629 868 702 Parthenope
884 671 899 696 ,
934 626 1139 682 blandis
1162 624 1408 680 infidiosa
1433 626 1627 681 modis,

449 705 578 761 Non
607 703 758 774 quod
788 699 1093 757 Colchiacis
1117 699 1280 754 Circe
1306 700 1595 754 tentaverit
1628 698 1838 766 herbiS‚

521 775 650 830 Non
675 775 824 848 quod
851 773 1131 828 sollemnes
1154 774 1319 828 altera
1332 773 1475 827 Diva
1501 787 1668 828 toros,

452 849 696 920 Utraque
723 849 773 902 se
800 846 955 902 nobis
979 848 1223 901 mortalia
1247 846 1470 900 demere
1497 846 1583 901 fila

337 941 408 992 40

212 1122 274 1162 31.
300 1112 376 1163 Qi
405 1126 459 1150 me
489 1122 540 1151 tot
570 1109 698 1162 casibus
728 1124 819 1149 unus
852 1107 1060 1159 Duravit]
1089 1107 1215 1155 Puto,

163 1178 276 1202 unum
289 1165 463 1202 Duravit.
493 1166 590 1201 Nam
615 1163 691 1211 post
716 1161 866 1210 ‘rosolus
887 1160 1014 1198 odiosa
1035 1162 1072 1199 &
1092 1161 1216 1211 super-

162 1216 235 1255 flua
254 1215 295 1254 fit
315 1216 485 1264 repetitio
511 1217 574 1251 τοῦ
593 1213 940 1250 αηιις.Ἰ-1ειΝεΙυς.

215 1278 273 1315 33.
305 1266 409 1303 Illum
430 1279 497 1302 non
519 1265 634 1302 avidis
655 1263 796 1301 canibus
818 1266 944 1300 Nereia
972 1261 1112 1313 virgo.]
1153 1263 1215 1301 De

157 1316 278 1365 Scylla
299 1317 397 1355 haud
417 1317 525 1355 dubie
548 1317 640 1366 agit,
671 1327 782 1365 quam
812 1327 875 1353 cur
907 1315 1071 1351 Nere‘iam
1091 1314 1217 1363 appel-

158 1367 211 1405 let
229 1369 409 1418 virginem
425 1396 436 1413 ,
465 1368 582 1406 fateor
603 1379 664 1404 me
683 1379 761 1405 non
785 1366 922 1404 videre.
979 1366 1039 1402 Ne
1067 1366 1158 1414 quid
1173 1374 1217 1403 -te

162 1429 312 1464 morer,
342 1418 501 1468 refinge,
531 1419 648 1467 Niseia
668 1418 778 1467 virgo.
806 1417 981 1467 Virgilius
999 1417 1037 1454 in
1060 1418 1160 1456 Ciri:

214 1476 280 1509 Per
298 1484 395 1508 mare
414 1469 607 1507 caeruleum
629 1469 789 1506 trahitur
812 1468 929 1518 Niseia
948 1467 1057 1516 virgo.

145 1521 306 1567 *Redin
339 1522 470 1571 inquis.
510 1522 642 1570 Agitur
671 1522 773 1559 enim
804 1520 878 1558 illic
909 1519 954 1557 de
978 1519 1096 1569 Scylla
1126 1518 1218 1558 Nifi.

161 1572 235 1611 Sed
256 1572 345 1621 quid
363 1574 437 1610 hoc
456 1571 501 1610 ad
514 1573 664 1610 alteram
678 1571 698 1610 a
719 1572 864 1610 Glauco
883 1577 1070 1615 amatam,
1082 1571 1216 1609 Phorci

159 1624 200 1661 δε
224 1623 402 1661 Crateidis
420 1624 609 1673 nymphae
630 1623 742 1662 filiam
776 1624 885 1672 (nam
914 1623 1010 1672 apud
1044 1622 1216 1660 Servium

159 1676 199 1713 in
213 1675 341 1723 Eclog.
357 1687 410 1712 vt.
439 1674 634 1712 Cretheidis
648 1674 728 1720 filia
749 1674 928 1712 mendose
948 1673 1095 1720 dicitur)
1118 1674 1215 1719 five,

158 1734 202 1764 ut
234 1726 350 1763 veteri
383 1726 600 1764 Scholiastae
630 1726 665 1763 in
695 1723 900 1775 Odyffeam
934 1725 1097 1763 Homeri
1126 1725 1220 1763 aliis-

158 1787 235 1825 que
254 1777 393 1825 placet,
432 1789 477 1815 ex
496 1777 644 1815 Phorco
665 1778 703 1815 δε
725 1778 870 1815 Hecate
888 1776 1051 1825 genitam
1065 1805 1077 1821 ,
1105 1789 1218 1826 quam

160 1827 313 1866 Sabinus
342 1840 442 1866 nunc
475 1827 622 1867 innuit?
661 1829 712 1866 At
744 1828 981 1866 confundunt
1009 1827 1220 1877 promiscue

162 1878 289 1917 ambas
308 1883 443 1928 poetae
458 1907 468 1924 ‚
495 1879 599 1930 quod
621 1887 661 1917 ut
678 1880 853 1930 liquidius
874 1888 1067 1928 appareat,
1091 1892 1220 1918 exem-

158 1929 229 1978 plis
285 1931 489 1969 evincetur.
563 1930 696 1969 Noster
739 1931 813 1980 ipse
857 1930 1221 1980 Metamorphoseon

158 1980 255 2018 libro
276 1981 413 2018 oetavo
430 2010 439 2026 ‚
468 1983 505 2020 ὃ(
527 1981 676 2020 decimo
697 1983 809 2021 tertio
828 1994 872 2020 ac
899 1990 1032 2031 quarto
1055 1982 1119 2021 etfi
1142 1995 1220 2021 ma-

159 2031 291 2070 nifeste
311 2032 525 2082 distinguat,
547 2041 672 2071 tamen
692 2034 729 2071 in
749 2033 942 2072 Remediis
958 2035 1110 2073 Amoris
1135 2048 1151 2084 ς
1159 2046 1219 2085 37.

219 2083 415 2121 Praeterita
435 2094 557 2121 cautus
580 2084 716 2134 Nise'ide
734 2085 865 2123 navita
886 2084 1029 2134 gaudet.

159 2133 211 2173 Et
229 2134 418 2172 Fastorum
439 2147 493 2172 xv.
515 2148 600 2184 500.

216 2189 262 2221 Et
284 2199 346 2222 vos
368 2186 489 2234 Nisaei
507 2187 681 2236 naufraga
702 2187 808 2225 turba
830 2200 941 2227 canes.

161 2235 242 2273 Ubi
263 2236 407 2285 Scyllaei
431 2250 530 2274 canes
547 2250 740 2287 perperam
762 2241 1001 2279 membranae
1013 2240 1223 2290 complures

163 2297 372 2336 reponunt:
401 2297 442 2327 ut
462 2290 500 2326 ὃς
523 2289 682 2339 Ripheide
702 2291 738 2327 in
759 2291 935 2340 superiori
952 2292 1060 2332 versu
1086 2293 1225 2333 frustra.

164 2338 267 2377 Artis
288 2339 507 2378 Amatoriae
524 2341 618 2380 libro
638 2342 760 2390 primo
786 2353 870 2391 329.

206 2389 310 2437 ,filia
324 2401 507 2441 purpureos
530 2392 612 2442 Nifh
623 2394 755 2440 furata
777 2393 913 2443 capillos

268 2448 379 2493 Puppe
399 2443 522 2480 cadens
541 2443 630 2480 celsd
639 2445 744 2491 suffla
764 2447 915 2492 refertur
932 2447 1027 2485 avis.

214 2492 348 2532 'Altera
367 2493 479 2543 Scylla
500 2496 610 2532 maris
629 2495 841 2543 monstrum,
861 2497 1094 2536 medicamine
1114 2498 1230 2537 Circes

271 2545 364 2582 Pube
379 2545 507 2595 premit
527 2546 664 2584 rabidos
683 2547 950 2600 inguinibusque
969 2562 1078 2587 canes.

162 2594 249 2633 ,Ubi
272 2596 552 2646 interpolatores
571 2597 716 2636 strenue
734 2597 876 2647 grassati
895 2600 997 2643 sunt,
1026 2612 1112 2638 cum
1144 2612 1228 2638 ver·

169 2646 228 2684 sus
248 2646 323 2685 duo
346 2648 460 2686 medii
480 2649 524 2687 ab
544 2650 695 2698 optimis
714 2661 757 2687 ac
778 2651 1088 2690 veterrimislibris
1100 2650 1227 2689 abfint.

168 2697 282 2746 idque
302 2699 399 2736 recte
414 2728 424 2744 ‚
450 2708 491 2737 ut
513 2700 579 2738 suo
601 2701 689 2739 loco
709 2702 941 2740 monuimus.
980 2703 1041 2740 Ne
1062 2701 1204 2740 dubites
1219 2730 1230 2746 ,

167 2759 219 2785 en
239 2747 277 2805 id
297 2749 413 2798 ipsum
434 2751 614 2806 distichon
634 2754 825 2792 Amorum
841 2753 904 2792 lib.
934 2765 1000 2793 111.
1026 2753 1133 2804 Eleg.
1157 2765 1230 2794 ΧΗ.

170 2810 296 2849 paucis
319 2809 479 2838 mutatis.

224 2856 291 2888 Per
313 2864 373 2887 nos
391 2851 503 2900 Scylla
515 2853 611 2901 patri
632 2866 733 2892 canos
741 2857 872 2903 furata
888 2855 1026 2906 capillos

277 2901 373 2939 Pube
385 2903 512 2952 premit
535 2903 671 2940 rabidos
690 2907 955 2957 inguinibusque
982 2920 1092 2946 canes.

173 2952 258 2991 Nec
278 2952 406 2991 desunt
429 2954 597 2997 codices,
620 2957 684 3005 qui
713 2970 776 2995 eos
798 2959 918 2996 versus
938 2961 1013 3008 pari
1034 2958 1152 2997 modo
1172 2961 1231 2998 in·

173 3004 380 3052 terpolent‚
410 3016 488 3054 quo
515 3006 552 3042 in
575 3006 666 3044 Arte
691 3009 884 3046 Amatoria
905 3010 953 3047 est
977 3010 1130 3048 fadum.
1170 3012 1230 3049 Sic

174 3054 424 3093 Philomelam
447 3056 585 3106 ubique
608 3058 691 3107 Ityli
714 3067 870 3096 matrem
891 3061 978 3098 facit
993 3061 1154 3099 Ovidius
1169 3090 1178 3104 ‚
1194 3062 1232 3099 in

174 3106 475 3156 Metamorphosi
498 3109 681 3155 Prognen.
697 3110 835 3148 ibidem
849 3111 973 3148 Oenei
993 3111 1105 3149 filiam
1119 3112 1234 3150 Deia-

173 3158 293 3195 niram
310 3185 320 3202 ‚
348 3159 606 3197 atDexameni
631 3160 667 3197 in
691 3160 804 3199 Ibide.
834 3162 944 3200 Adeo
967 3163 1034 3200 rari
1056 3161 1120 3201 fibi
1144 3175 1236 3201 con·

172 3207 265 3246 stant
295 3214 430 3258 poetae
462 3211 500 3248 in
530 3210 715 3250 narrandis
742 3212 881 3250 fabulis.
934 3213 977 3251 Id
1007 3214 1107 3252 enim
1138 3214 1234 3253 velle

176 3270 276 3297 nunc
300 3262 454 3309 probare
469 3291 478 3307 ,
507 3263 679 3300 immensi
696 3263 899 3304 voluminis
916 3265 1014 3305 foret
1036 3277 1235 3316 argumen-

176 3315 269 3349 tum.
298 3312 472 3364 Virgilius
491 3313 633 3365 Ecloga
655 3326 709 3356 vt,

518 920 860 995 spondebat,
900 919 1107 992 Stygias
1132 935 1359 993 utraque
1382 918 1531 992 poise
1557 920 1684 977 vias,

2238 993 2334 1052 Te

1323 1108 1426 1159 Qid
1445 1111 1594 1210 referzm
1614 1120 1679 1148 aut
1699 1107 1851 1160 scyllam
1863 1108 1943 1161 Nist
1951 1139 1963 1157 ‚
1990 1122 2099 1162 quam
2113 1111 2222 1159 fama
2233 1111 2331 1162 secu-5

1449 1173 1489 1198 ra
1511 1177 1526 1199 e

1324 1213 1493 1250 Candida
1502 1212 1719 1262 succineiam
1740 1212 1957 1252 latrantibus
1977 1213 2122 1263 inguina
2141 1213 2302 1263 monstris

1320 1263 1513 1301 *Dulichias
1533 1265 1667 1315 vexaffie
1688 1276 1794 1304 rates.
2315 1282 2317 1284 ’

1271 1314 1332 1353 Sic
1351 1317 1452 1353 enim
1475 1328 1561 1354 cum
1584 1317 1676 1354 aliae
1698 1316 1938 1356 membranae
1956 1329 2002 1356 ex
2032 1318 2183 1367 optimis
2205 1346 2214 1361 ,
2250 1325 2333 1358 tum

1273 1366 1395 1404 codex
1431 1367 1625 1406 Mediceus
1659 1367 1772 1418 longe
1806 1369 2124 1418 praestantissimus
2159 1369 2335 1419 scriptum

1274 1417 1464 1455 exhibent.
1520 1419 1619 1456 Nam
1647 1419 1686 1457 in
1714 1420 1869 1469 vulgatis
1900 1432 2001 1458 nunc
2033 1420 2221 1466 invenias,
2269 1430 2336 1458 aut:

1272 1482 1384 1519 quam
1392 1470 1502 1516 fama
1511 1472 1630 1518 secuta
1649 1469 1706 1518 est.
1747 1471 1925 1520 Agnoscit
1948 1472 2062 1511 etiarn
2084 1471 2231 1510 dubiam
2253 1473 2337 1518 Sere

1274 1521 1355 1558 vius
1380 1520 1454 1558 illic
1472 1520 1676 1559 lechonem
1689 1548 1702 1566 ,
1739 1522 1800 1560 sed
1823 1524 2006 1568 incertus,
2041 1522 2146 1573 quod
2179 1524 2337 1569 mirere„

1272 1583 1477 1620 quamnam
1509 1572 1752 1622 amplectatur
1779 1585 1826 1611 ex
1862 1573 2013 1612 duabus.
2069 1574 2147 1623 Ipse
2181 1586 2339 1624 quoque

1273 1623 1452 1672 Virgilius
1471 1623 1509 1661 in
1541 1625 1618 1662 Ciri
1637 1623 1798 1674 Scyllam
1816 1634 2013 1674 utramque
2045 1623 2067 1662 a
2096 1627 2218 1674 poetis
2246 1637 2338 1664 con-

1273 1674 1381 1713 fundi
1397 1672 1585 1714 asseverat.
1638 1676 1772 1714 Versus
1789 1688 1870 1715 non
1890 1675 2109 1715 adscribam:
2131 1677 2213 1727 jam
2233 1678 2338 1716 enim

1273 1725 1353 1764 sum
1375 1726 1524 1765 nimius.
1579 1726 1794 1766 Hmusxus.

1329 1789 1391 1828 35.
1422 1783 1493 1814 Nec
1515 1778 1554 1816 in
1576 1792 1644 1815 uno
1666 1788 1795 1829 corpore
1814 1779 1940 1830 discors
1954 1778 2342 1829 Parthenope.]1)iffl2rs

1275 1828 1550 1878 reponendum.
1585 1829 1702 1879 dissors
1729 1830 1835 1880 quod
1871 1831 2033 1870 diversae
2053 1831 2165 1869 :sortis
2195 1830 2245 1869 est
2275 1839 2339 1870 aut

1278 1889 1451 1925 naturae,
1481 1882 1541 1920 cui
1562 1882 1766 1931 opponitur
1787 1884 1830 1920 τό
1849 1883 2090 1932 confhrs‚vox
2103 1881 2249 1920 Ovidio
2266 1881 2342 1920 ufi-

1276 1939 1362 1971 tata.
1389 1931 1694 1981 fic&exfi›rsfine
1705 1933 2001 1980 sorte,biu>tnpoe.
2029 1935 2076 1972 ita
2103 1932 2342 1982 exsbrtemho-

1278 1996 1397 2020 norem
1427 1984 1526 2034 apud
1553 1984 1756 2034 Virgilium
1789 1986 2048 2034 interpretatur
2084 1985 2241 2022 Servius.
2290 1983 2342 2023 sic

1276 2044 1437 2085 compar,
1465 2035 1580 2086 dispar
1598 2036 1637 2074 ὅ(
1647 2036 1762 2085 separ.
1792 2040 1948 2086 separem
1981 2049 2110 2073 urnam
2136 2035 2228 2073 dixit
2255 2034 2343 2075 Val-

1282 2085 1433 2125 Flaccus
1453 2086 1516 2126 lib.
1535 2099 1572 2124 v.
1589 2087 1789 2136 quomodo
1810 2088 2008 2138 &separem
2018 2088 2164 2124 duflum
2175 2086 2344 2124 Pruden-

1284 2138 1357 2176 tius
1370 2137 1475 2177 dixit.
1493 2137 1679 2182 fimiliter‚
1708 2151 1851 2187 congrex
1865 2140 1901 2176 &
1907 2141 2036 2188 [egrex.
2052 2138 2162 2176 Error
2182 2137 2243 2175 hic
2271 2138 2345 2176 fre·

1278 2197 1438 2238 quenter
1457 2189 1554 2238 apud
1575 2190 1741 2238 optimos
1761 2189 1930 2228 auetores
1951 2187 2178 2228 commiffus.
2205 2196 2245 2226 ut
2273 2187 2345 2237 dis-

1280 2252 1351 2277 cors
1380 2252 1448 2290 pro
1479 2240 1595 2290 dissors
1622 2240 1763 2290 legatur
1781 2253 1877 2280 voce
1897 2253 2028 2291 parum
2050 2239 2140 2280 nota
2155 2239 2345 2278 hactenus,

1282 2292 1458 2330 Lucanus
1476 2291 1570 2329 libro
1589 2303 1617 2328 1.
1636 2303 1672 2330 v,
1695 2292 1777 2340 584.

1332 2343 1491 2389 Monstra
1504 2341 1604 2391 jubet
1616 2343 1773 2391 primum
1789 2371 1800 2388 ,
1828 2356 1916 2392 quae
1938 2342 2035 2380 nullo
2045 2339 2180 2391 semine
2201 2340 2320 2390 diffluat

1335 2393 1539 2431 Protulerat
1558 2399 1705 2430 Natura
1719 2421 1730 2437 ,
1758 2393 1843 2440 rapi.

1282 2444 1508 2491 Nondzscors
1521 2472 1533 2490 ,
1561 2443 1666 2493 quod
1684 2443 1882 2492 descriptos
1900 2455 2017 2483 manu
2035 2443 2186 2493 actypis
2197 2443 2350 2491 codices

1283 2497 1494 2544 occupavit.
1525 2495 1664 2533 Seneca
1684 2494 1824 2532 Medea
1841 2494 1899 2537 5515,
1922 2506 2008 2544 773.

1338 2546 1415 2583 Tibi
1435 2546 1518 2583 haec
1536 2545 1709 2596 Typhoeus
1731 2544 1888 2583 membra
1912 2560 2000 2598 quae
2019 2546 2136 2596 dissors
2156 2545 2255 2585 tulit.

1286 2598 1346 2636 Sic
1360 2598 1490 2637 scribo.
1518 2597 1754 2648 Typhoeum
1768 2606 1880 2635 vocat
1897 2597 2085 2636 diffortem
2099 2626 2108 2638 ,
2138 2597 2242 2648 quod
2262 2604 2346 2638 cor-¹

1283 2650 1366 2699 pori
1392 2650 1561 2688 humano
1594 2648 1705 2698 pedes
1735 2650 1940 2698 anguineos
1960 2650 2000 2687 &
2018 2658 2168 2687 centum
2200 2649 2346 2690 brachia

1285 2702 1553 2739 committeret.
1606 2700 1706 2739 Nam
1729 2700 1834 2750 quod
1854 2699 1950 2748 apud
1970 2700 2132 2738 eundem
2163 2699 2344 2740 Senecam

1287 2753 1452 2791 Hercule
1471 2752 1624 2793 Furenti
1652 2764 1736 2797 711.
1755 2751 1802 2790 de
1824 2752 1936 2801 Styge
1953 2752 1992 2791 in
2015 2751 2238 2791 membranis
2255 2753 2348 2801 Me3

1286 2803 1399 2842 diceis
1416 2803 1588 2853 scriptum
1619 2802 1784 2841 offendi:

1340 2859 1379 2891 A
1388 2855 1490 2902 fonte
1509 2854 1625 2904 dissors
1647 2864 1773 2891 manat
1792 2854 1847 2892 hic
1858 2854 1972 2905 primo
1993 2854 2100 2892 latex.

1287 2905 1324 2944 Si
1345 2906 1597 2951 admittimus,
1624 2905 1750 2944 diffors
1771 2907 1918 2952 erit,ab
1937 2907 2012 2944 aliis
2032 2905 2202 2945 amnibus
2224 2905 2348 2947 divers

1284 2957 1353 2995 sus.
1408 2957 1499 2996 lllud
1520 2969 1611 2995 vero
1630 2965 1773 2995 certum
1787 2987 1797 3003 ‚
1826 2957 1982 2995 eandem
2012 2969 2149 2995 vocem
2173 2956 2245 2996 effe
2264 2959 2348 3003 rede

1288 3007 1450 3047 dendam
1474 3009 1613 3047 Nasoni
1632 3009 1727 3045 Met.
1751 3020 1843 3046 v111.
1865 3019 1945 3057 132.
1966 3007 2013 3045 de
2032 3008 2230 3058 Pasiphae:

1341 3062 1443 3106 ‹Qeae
1462 3070 1606 3096 torvum
1628 3058 1719 3106 ligno
1739 3058 1865 3109 decepit
1881 3058 2047 3096 adultera
2062 3070 2232 3106 taurum.

1341 3111 1592 3159 Diffortemque
1613 3119 1708 3146 utero
1719 3111 1858 3156 foetum
1877 3110 1975 3148 tulit.

1296 3163 1387 3200 Hoc
1407 3161 1455 3198 est
1475 3162 1620 3198 foetum
1642 3160 1742 3198 sortis
1763 3175 1840 3200 non
1861 3163 2057 3201 humanae.
2085 3163 2348 3204 Minotaurum

1292 3213 1477 3251 videlicet.
1504 3213 1568 3261 qui
1590 3211 1798 3252 Claudiano
1815 3215 1854 3251 in
1882 3214 2168 3263 Epigrammatis
2190 3244 2201 3260 ,
2237 3215 2350 3266 dispa-

1291 3264 1372 3302 riles
1391 3262 1537 3311 monstro
1557 3264 1747 3314 commissus
1767 3265 1806 3305 ia
1824 3274 1926 3305 artus
1947 3271 2031 3305 Cres
2044 3277 2139 3318 puer.
2152 3267 2351 3307 Lucretius

1280 3316 1383 3357 ,libro
1405 3326 1441 3356 v.
1461 3317 1548 3365 890.

2266 3369 2350 3412 [Aut
