2553 3676
756 168 816 224 P.
892 166 1310 226 OVIDII

440 356 510 391 20

1381 167 1915 239 NASONIS

552 263 605 319 Si
667 260 896 333 rogress'a
916 260 1121 325 forem,
1156 278 1375 333 caperer
1397 279 1466 317 ne
1489 262 1632 318 forte
1658 264 1941 330 timebam,

619 279 930 409 Quamlibet
956 335 1023 389 ad
1046 335 1245 389 Priami
1267 353 1460 391 munus
1484 336 1621 391 itura
1645 355 1855 394 nurum.

553 409 661 465 Sed
685 408 805 463 data
832 406 951 470 snn,
988 407 1113 481 quia
1137 407 1312 462 danda
1334 408 1437 463 fui:
1467 421 1550 463 tot
1574 409 1817 466 noelibus
1841 411 2049 475 absum,

625 481 744 536 Nec
768 493 1001 553 repetor.
1041 479 1226 545 cessaS,
1262 481 1447 555 iraque
1468 482 1610 536 lenta
1635 496 1724 538 tua
1747 484 1836 539 est.

551 555 664 628 Ipse
689 552 1096 619 MenoetiadeS‚
1135 568 1293 618 tune,
1332 572 1458 609 eum
1481 555 1754 621 tradebar‚
1788 558 1843 611 in
1868 576 2080 622 aurem,

629 626 781 699 Quid
807 626 935 682 fles?
973 628 1060 683 hic
1085 646 1251 701 parvo
1277 639 1551 700 tempore,
1591 627 1754 694 dixit,
1795 632 1912 685 eris,

446 720 513 771 25
551 700 681 755 Non
703 700 948 773 repetill'e
970 719 1158 774 parum
1181 700 1280 754 est:
1322 718 1552 773 pugnaS,
1589 719 1659 755 ne
1682 703 1906 769 reddar,
1947 703 2172 760 Achille.

629 772 650 828 1
676 791 846 837 nune,
883 773 939 827 δε
966 774 1150 845 cupidi
1174 791 1376 828 nomen
1401 774 1622 828 amantis
1645 774 1794 830 habe.

554 846 841 902 Venerunt
865 847 934 901 ad·
958 859 1012 901 te
1035 847 1340 901 Telamone
1367 846 1423 901 &
1446 848 1752 920 Amyntore
1776 850 1915 911 nati3

627 920 715 974 Ille
743 920 914 992 gradu
936 921 1160 994 propior
1183 919 1472 992 sanguini3‚
1511 921 1600 974 ille
1627 940 1837 976 comes:

559 994 867 1067 Laertaque
892 994 1058 1057 satus3
1099 1012 1196 1067 per
1218 1012 1353 1067 quos
1377 994 1631 1048 comitata
1654 995 1904 1052 redirem.

455 1086 521 1134 30

634 1068 922 1122 Auxerunt
947 1067 1169 1123 blandae
1192 1067 1412 1140 grandia
1437 1067 1579 1122 dona
1602 1086 1815 1140 preces:

557 1139 770 1210 Viginti
793 1141 968 1195 fulvos
991 1141 1220 1214 operoso
1244 1158 1314 1196 ex
1336 1159 1457 1196 aere
1480 1141 1709 1204 lebeta83

514 1220 517 1223 “
629 1211 703 1268 Et
727 1213 966 1287 tripodas
989 1214 1222 1288 septem,
1266 1214 1512 1288 pondere
1538 1214 1593 1270 &
1620 1230 1732 1271 arte
1755 1232 1921 1289 pares,

266 1372 333 1410 inf.
363 1382 420 1421 54.
445 1371 535 1410 Utile
554 1372 686 1410 dicebas
704 1371 766 1424 ipse
776 1371 878 1422 fuiffie
896 1372 980 1423 capi.
1009 1373 1114 1423 Lege
1134 1381 1320 1423 praetcrea

266 1423 469 1475 infelixque.
497 1426 710 1462 Heinsius.

324 1487 380 1523 19.
409 1480 554 1526 Caperer
581 1490 622 1512 ne
650 1477 751 1512 nobie.
776 1474 791 1525 ]
829 1473 989 1513 Fortasse
1016 1475 1149 1514 reffius
1173 1504 1183 1521 ‚
1217 1476 1322 1526 quod

269 1525 461 1571 nonnulli,
495 1537 626 1577 caperer
642 1541 683 1563 ne
702 1528 796 1575 forte
815 1554 826 1571 ‚
863 1526 1043 1564 timebam.
1066 1528 1320 1566 NAuGEmuS.

268 1576 425 1614 Praestat
455 1577 558 1627 quod
581 1577 630 1615 est
661 1579 699 1616 in
721 1578 964 1626 Naugerianis
983 1578 1081 1615 libris
1103 1580 1141 1616 ὃς
1160 1579 1323 1616 Franco-

267 1626 444 1671 sustensi,
463 1629 569 1675 fhrte.
595 1628 657 1666 sed
687 1628 826 1665 Auson.
857 1628 925 1676 Ep.
952 1640 1011 1675 92.
1038 1630 1145 1665 Noffie
1162 1630 1234 1678 capi
1251 1643 1323 1666 rne-

268 1686 339 1713 tao.
368 1677 579 1716 Heinsius.
618 1684 717 1714 Forte
738 1679 817 1727 jam
851 1679 1060 1727 conjecerat
1088 1679 1218 1717 Aaron
1238 1679 1323 1717 Bat-

267 1728 383 1765 tal'eus
401 1756 411 1772 ,
439 1730 504 1778 qui
536 1729 694 1767 offensus
719 1740 813 1766 voce
846 1731 940 1765 noete
968 1738 1127 1778 quatuor
1157 1730 1218 1768 hic
1240 1742 1324 1768 ver-

270 1779 349 1822 sus,
378 1787 419 1816 ut
445 1781 605 1827 spurios,
632 1780 766 1827 ejicere
782 1779 933 1816 volebat
947 1806 957 1824 ,
982 1780 1041 1817 vel
1061 1789 1204 1818 mutare
1224 1781 1324 1818 ordi-

270 1840 362 1867 nem
382 1831 565 1868 versuum.
587 1842 622 1879 q.
645 1829 744 1867 vide.

321 1892 381 1917 20.
412 1879 593 1931 Nurum.]
623 1886 767 1926 Nurus,
792 1880 1000 1920 Puteaneus
1026 1892 1046 1919 a
1064 1892 1177 1919 manu
1195 1882 1326 1931 prima.

273 1931 486 1971 Hnmsms.

322 1994 384 2020 21.
410 1983 474 2019 Sed
502 1982 589 2019 data
607 1981 737 2033 sum]
776 1988 877 2020 Data
898 1979 994 2032 fim,
1022 1983 1178 2020 Puteani
1205 1982 1326 2020 codex

272 2034 449 2082 optimus.
486 2034 524 2071 ὃς
555 2034 709 2083 quidem
738 2045 827 2071 vere
857 2045 900 2071 ac
928 2034 1141 2083 eleganter:
1181 2033 1327 2072 Demus

273 2086 376 2123 enim
398 2096 459 2122 me
479 2084 601 2122 datam
625 2083 706 2122 effe.
734 2085 944 2122 Hfimsrus.

324 2148 382 2172 21.
413 2142 474 2173 Tot
491 2134 683 2185 noesthan]
714 2136 806 2173 Non
825 2134 951 2173 diebus
975 2133 1086 2179 dicit,
1114 2142 1156 2172 ut
1173 2135 1328 2172 consue-

272 2185 409 2224 tudinis
437 2187 640 2225 noc‘turnae
671 2186 897 2231 admoneat,
927 2186 966 2223 &
993 2185 1214 2223 desiderium
1242 2198 1328 2223 mo·-

275 2246 382 2282 vc·.1t‚
412 2239 513 2287 cujus
532 2238 764 2275 oblivionem
786 2250 887 2275 nunc
908 2236 1046 2274 Achilli
1064 2236 1206 2286 objicit.

329 2300 389 2337 23.
431 2295 469 2325 In
498 2287 632 2339 aure.]
671 2295 713 2325 In
741 2302 862 2326 aurem
892 2287 1034 2326 reolum
1063 2287 1123 2326 est.
1150 2289 1262 2327 Mart.
1293 2300 1332 2327 V.

274 2339 387 2390 Epist.
413 2339 471 2378 82.

329 2391 447 2440 Nescio
466 2390 553 2441 quid
567 2391 740 2429 Dominae
755 2402 911 2430 teneram
934 2390 995 2443 qui
1009 2390 1124 2441 garrit
1141 2390 1180 2428 in
1196 2403 1330 2430 aurem.

281 2454 317 2483 1.
338 2443 463 2492 Epigr.
484 2455 545 2491 90.

384 2499 427 2530 Ut
437 2493 535 2543 saepe
551 2493 589 2530 in
606 2507 727 2531 aurem
750 2493 870 2531 Cinna
888 2493 1071 2541 Caefiirem
1090 2492 1219 2531 laudes.

278 2557 351 2584 vn.
376 2556 434 2595 39.
463 2544 585 2581 Garris
612 2545 730 2592 Nestor
757 2545 796 2582 in
821 2544 1029 2582 auriculam.
1057 2545 1205 2582 Petron.
1233 2549 1327 2581 Tan-

279 2610 389 2646 quam
406 2597 445 2632 in
463 2609 582 2633 aurem
604 2595 743 2646 aliquid
752 2595 876 2645 secreto
894 2596 1032 2633 diceret.
1059 2597 1189 2633 Amm.
1209 2596 1327 2634 Marc.

278 2647 342 2684 lib.
363 2658 440 2684 xiv.
460 2659 537 2695 cap.
564 2660 595 2685 1.
622 2646 806 2696 susurrare
834 2647 873 2684 in
897 2660 1030 2683 aurem.
1063 2646 1230 2685 Macrob.
1263 2660 1327 2685 111.

282 2697 400 2735 Satur.
427 2709 472 2735 ex
500 2699 580 2736 Cic.
610 2698 654 2736 de
682 2699 772 2736 fato.
801 2703 895 2735 Cum
919 2697 1023 2747 Scipio
1051 2710 1222 2737 unum&
1240 2698 1330 2735 alte-

282 2762 364 2785 rum
384 2762 425 2785 ex
442 2748 504 2793 iis,
535 2749 594 2798 qm·
611 2763 688 2786 eum
702 2749 906 2798 salutatum
923 2759 1117 2794 venerant,
1137 2749 1330 2798 invitaffet,

276 2798 468 2849 pluriesque
486 2799 592 2836 etiam
612 2801 789 2837 invitatus
806 2801 1006 2845 videretur,
1035 2800 1073 2837 in
1097 2814 1218 2838 aurem
1238 2806 1330 2837 Pon-

282 2851 374 2894 tius,
406 2850 534 2900 baffio,
561 2850 666 2896 vide,
694 2852 832 2903 inquit,
861 2851 946 2902 quid
965 2858 1065 2900 ‘aga-5.
1102 2852 1198 2890 Cato
1219 2851 1330 2891 Diris.

282 2914 307 2952 P
337 2958 475 2989 Cantat
495 2964 539 2992 ω’
556 2952 687 2990 interea
710 2953 799 2989 mihi
818 2967 905 3003 quae
923 2963 1088 2990 cantarat
1105 2953 1144 2990 in
1162 2966 1295 2992 aurem.

283 3003 419 3051 Juven.
451 3017 513 3042 ιιι.
544 3004 614 3041 Sat.
652 3016 730 3053 123.
758 3005 966 3041 Heinsius.
1007 3004 1059 3041 Ita
1087 3005 1222 3043 Graeci
1248 3006 1332 3049 πρὶς

288 3055 331 3090 τὸ
351 3052 693 3103 0331..iie.:tii.3.&
712 3056 854 3092 anian
868 3056 904 3091 in
919 3054 1012 3090 Gall.
1033 3052 1069 3095 ἐς
1087 3052 1143 3096 0134
1165 3056 1331 3103 Euripid.

284 3105 370 3152 Jon.
396 3118 450 3154 ῖς.
472 3118 529 3142 21.
559 3106 675 3143 l'liut.
705 3106 879 3142 Trinum.
908 3117 935 3142 1.
961 3116 993 3140 2.
1018 3116 1098 3149 170.
1126 3105 1245 3141 Sciunt
1268 3105 1330 3149 id,

285 3157 376 3207 quod
395 3157 432 3192 in
452 3170 571 3193 aurem
584 3163 654 3193 Rex
670 3156 956 3203 reginaeilixerit.
967 3155 1031 3191 Ad
1040 3168 1163 3191 aurem
1175 3155 1331 3204 insusur-

285 3221 361 3243 rare
378 3207 471 3244 dixit
488 3208 607 3246 Cicer.
625 3220 660 3245 v.
683 3208 788 3245 Verr.
810 3221 866 3255 μ.
894 3207 1153 3244 Burmannus.

333 3271 393 3306 ις.
421 3266 493 3298 Nec
510 3258 690 3310 repettffe.]
720 3265 801 3298 Non
833 3258 1013 3297 editiones
1041 3258 1117 3298 fere
1136 3268 1269 3297 omncs
1288 3258 1328 3298 &

2222 1287 2430 1345 Addita

1373 1371 1505 1423 scripti.
1534 1374 1638 1425 quod
1662 1375 1795 1425 probo.
1811 1374 1941 1415 deusti
1966 1385 2055 1412 vero
2076 1373 2177 1412 vocis
2191 1383 2322 1425 parum
2341 1375 2431 1413 vide

1376 1425 1550 1464 Gronov.
1571 1426 1616 1464 ad
1632 1427 1725 1466 Plin.
1744 1440 1822 1465 xxr.
1849 1439 1903 1477 13.
1932 1426 2041 1476 Epist.
2064 1439 2115 1463 rx.
2142 1438 2200 1472 47.
2224 1434 2318 1464 Haec
2337 1426 2430 1463 mihi

1374 1476 1463 1520 ferre
1485 1487 1614 1527 parum
1641 1478 1695 1526 est.
1727 1478 1907 1528 Quinctil.
1944 1478 2046 1516 Decl.
2071 1490 2123 1514 ix.
2154 1488 2208 1514 12.
2232 1483 2367 1514 Parum
2386 1476 2431 1525 est

1375 1528 1467 1578 quod
1484 1528 1622 1578 insanos
1633 1530 1762 1578 pertuli
1771 1529 1914 1581 flucifus.
1931 1529 1985 1567 Ita
2002 1537 2131 1578 parum
2148 1527 2281 1565 habere.
2292 1528 2432 1576 Vellej.

1375 1578 1516 1617 Patere.
1547 1593 1591 1617 11.
1636 1582 1697 1627 76.
1730 1581 1779 1618 fic
1809 1582 1847 1618 ἃ
1884 1580 2075 1617 minimum
2105 1578 2158 1626 est.
2193 1579 2239 1615 de
2275 1589 2354 1627 quo
2383 1577 2430 1618 ad

1377 1629 1533 1677 Quinet.
1555 1630 1663 1667 Decl.
1682 1643 1727 1667 11.
1753 1642 1782 1668 1.
1812 1632 1851 1667 ὅ(
1878 1643 1930 1667 vx.
1963 1643 2019 1675 17.
2045 1630 2308 1666 mamutius.

1426 1679 1487 1718 26.
1518 1685 1538 1715 Ι
1558 1692 1651 1715 nunc
1679 1691 1723 1720 ω·
1749 1680 1901 1730 capidi]
1932 1681 2036 1729 Lege
2070 1685 2089 1715 Ι
2115 1693 2230 1724 nunc,
2259 1685 2278 1716 1
2303 1679 2430 1728 cupidi.

1380 1729 1591 1766 Hssmstu&
1620 1731 1690 1767 Sed
1723 1731 1814 1768 nihil
1850 1743 1941 1780 opus
1980 1739 2108 1768 contra
2145 1730 2306 1778 scriptos.
2342 1731 2432 1768 licet

1380 1780 1481 1816 enim
1512 1779 1711 1828 elegantius
1741 1782 1782 1816 ’τὸ
1812 1792 1856 1820 (9⁶
1882 1780 2099 1828 subintelligi
2116 1791 2269 1828 quoque
2288 1780 2432 1818 censeat

1380 1829 1556 1867 Heinsius
1577 1829 1622 1867 ad
1645 1831 1836 1868 Claudian.
1862 1843 1891 1868 1.
1911 1830 1956 1867 de
1980 1831 2086 1878 Rapt.
2108 1829 2205 1867 Pros.
2237 1841 2298 1877 92.
2327 1830 2432 1868 mille

1380 1888 1508 1918 tamen
1529 1881 1697 1929 exempla
1718 1889 1915 1919 occurrunt
1929 1910 1939 1925 ,
1967 1881 2029 1918 ubi
2053 1881 2290 1928 exprimitur;
2315 1881 2431 1919 etiam

1380 1931 1476 1969 inter
1492 1931 1551 1969 illa
1566 1959 1576 1975 ‚
1597 1943 1693 1980 quae
1710 1931 1861 1970 adduxit
1882 1932 1977 1970 infra
1997 1930 2043 1970 ad
2065 1944 2129 1970 111.
2149 1932 2285 1970 Amor.
2308 1944 2372 1970 111.
2399 1943 2433 1979 Ι,

1382 1981 1643 2020 ΒΠΒΜΑΝΝιις.

1433 2033 1493 2070 28.
1523 2033 1584 2069 Jlle
1595 2032 1750 2083 gradu]
1781 2032 2021 2071 Scribendum
2036 2061 2046 2078 ‚
2075 2033 2136 2070 vel
2153 2032 2227 2071 fine
2248 2032 2369 2073 libris:

1488 2083 1549 2131 Iste
1560 2084 1675 2133 gradu
1686 2084 1822 2133 propior
1835 2084 2041 2134 sanguinis,
2068 2083 2126 2120 ille
2144 2097 2262 2121 comes.

1381 2133 1449 2172 nifi
1479 2147 1526 2172 eo
1553 2135 1671 2173 modo
1700 2135 1842 2173 dietum
1867 2135 1905 2174 id
1933 2136 2023 2173 velis
2046 2163 2056 2179 ‚
2093 2147 2170 2184 quo
2201 2136 2328 2184 paffim
2347 2136 2431 2177 alibi

1386 2185 1449 2222 Ille
1468 2185 1532 2224 ,vel
1557 2186 1616 2223 ille
1633 2185 1730 2235 apud
1750 2186 1938 2225 Nostrum.
1967 2186 2144 2236 Sequenti
2161 2187 2266 2225 versu
2283 2190 2432 2225 Laerta-

1385 2251 1450 2286 que
1466 2249 1532 2286 pro
1552 2240 1742 2288 Laerteque
1759 2237 1859 2275 idem
1872 2238 2026 2276 Put'eani
2047 2237 2166 2275 codex
2184 2238 2223 2274 δε
2242 2250 2336 2276 unus
2352 2239 2432 2279 Va-

1385 2289 1537 2327 ticanus.
1565 2288 1613 2328 fic
1631 2289 1728 2339 apud
1750 2289 1959 2328 Ausonium
1979 2288 2182 2337 Epitaphiis
2200 2288 2393 2331 Heroum.

1676 2339 1810 2378 La‘e‘rrd
1828 2351 1933 2377 natus
1951 2338 2081 2389 Ulyffi’s.

1384 2389 1478 2429 libro
1498 2404 1569 2430 xri.
1589 2393 1685 2430 Met.
1706 2403 1751 2430 ex
1771 2391 1926 2442 vestigiis
1948 2400 2116 2430 veterum
2137 2390 2338 2431 librorum:

1592 2443 1677 2493 Jblis
1696 2442 1877 2480 Telamone
1893 2443 2015 2480 creatis

1436 2497 1632 2545 Laertaque
1640 2494 1720 2542 fuit
1738 2504 1862 2531 tantae
1870 2494 2005 2543 fiducia
2024 2493 2152 2532 laudis.

1382 2544 1432 2583 fic
1459 2547 1541 2584 infr.
1569 2558 1607 2584 v.
1637 2558 1695 2595 39.
1723 2545 1874 2583 Atrida.
1901 2546 2028 2583 Sencc.
2059 2544 2198 2584 Troad.
2220 2556 2305 2589 700.
2326 2545 2366 2585 ὅ(
2385 2558 2434 2586 ex

1383 2596 1491 2634 MSS.
1514 2596 1612 2635 Oed.
1633 2608 1718 2647 943.
1738 2596 1920 2646 Oedipoda.
1940 2596 2115 2646 Virgilius
2142 2597 2246 2645 saepe
2272 2597 2434 2645 Anchisa

1380 2658 1549 2696 generate.
1578 2648 1711 2687 Noster
1738 2649 1778 2686 in
1804 2648 1907 2685 ibide
1937 2659 2019 2697 305.
2051 2659 2096 2685 ex
2128 2648 2235 2685 MSS.
2263 2653 2432 2699 Nataque

1385 2709 1426 2735 ut
1451 2698 1623 2737 Aeacida.
1651 2699 1862 2737 Hernsxus.
1905 2699 1988 2748 Ego
2016 2710 2108 2736 vero
2138 2697 2232 2735 nihil
2261 2697 2433 2737 interesse

1385 2749 1569 2795 arbitror,
1608 2762 1694 2788 cum
1725 2759 1925 2798 utrumque
1953 2750 2093 2787 dicatur
2130 2756 2235 2786 natus
2262 2750 2361 2798 patri
2390 2752 2432 2788 ὅς

1377 2809 1481 2850 patre
1518 2801 1611 2839 filius
1643 2830 1654 2846 ,
1707 2802 1756 2839 ita
1795 2800 1892 2849 apud
1929 2800 2058 2839 Senec.
2101 2799 2301 2849 Agamem.
2346 2813 2433 2851 293.

1387 2857 1526 2889 Gnatus
1541 2851 1700 2901 Thyestae
1717 2864 1762 2890 ex
1781 2852 1928 2900 optimo
1944 2851 2072 2888 codice
2088 2850 2279 2888 Mediceo.
2300 2851 2431 2890 BuuM.

1438 2914 1497 2953 30.
1534 2908 1727 2940 Auxerunt
1750 2902 1881 2939 blanda
1904 2902 2056 2950 grandia
2083 2901 2174 2937 dona
2196 2902 2336 2953 preca]
2376 2904 2435 2942 Sic

1384 2965 1455 2992 nos
1488 2966 1532 2992 ex
1559 2956 1677 2992 veteri
1701 2954 1864 2991 leffione
1892 2953 2166 3002 castigavimus,
2192 2953 2253 2990 sed
2275 2954 2312 2991 δί
2332 2954 2433 2992 recte

1386 3006 1424 3042 in
1443 3006 1629 3043 nonnullis
1644 3034 1654 3050 ,
1667 3004 1817 3041 blandae
1831 3004 1982 3052 grandia
2004 3004 2093 3040 dona
2104 3013 2227 3052 preces.
2244 3004 2432 3044 NAUGER.

1386 3055 1544 3092 Blandas
1556 3065 1667 3104 preces
1685 3056 1839 3092 Puteani
1858 3055 1948 3092 liber
1971 3067 2056 3093 cum
2075 3055 2220 3104 reliquis
2240 3055 2431 3104 plerisque.

1387 3106 1447 3144 alii
1475 3115 1635 3154 quatuor
1655 3117 1739 3143 cum
1763 3106 1996 3144 Menteliano
2019 3104 2168 3142 blandae
2178 3115 2299 3155 preces.
2326 3106 2432 3155 quod

1385 3159 1590 3205 genuinum
1620 3157 1775 3194 Nasonis
1800 3157 1974 3201 arbitror,
2005 3169 2090 3195 cuni
2114 3158 2154 3193 τὸ
2169 3156 2318 3205 grandia
2340 3157 2432 3195 dona

1385 3208 1504 3255 quarti
1527 3207 1624 3245 casus
1645 3207 1691 3245 nd
1714 3207 1900 3258 sequentia
1926 3208 1968 3246 fit
1994 3207 2243 3246 referendum.
2269 3206 2307 3244 id
2329 3208 2432 3257 quod

1384 3257 1543 3298 Douzae
1564 3258 1751 3298 arridebat.
1771 3258 1838 3298 nisi
1858 3258 1976 3298 lebetes
1992 3261 2031 3300 ὅ(
2049 3257 2193 3310 tripodes
2211 3269 2302 3297 mox
2319 3259 2433 3309 legas,

2392 3318 2436 3351 ut
