2553 3676
329 233 428 297 672

791 220 855 276 P.
923 214 1345 275 *OVIDII
1419 212 1952 272 NASONIS

472 327 575 379 245
617 307 806 365 Difi'tus
832 325 977 363 eram
1001 302 1217 360 cuidam
1241 303 1416 360 subito
1439 303 1633 360 venifl'e
1658 305 1862 378 puellae
1876 332 1894 369 5

688 381 937 437 Turbida
965 378 1232 451 perversas
1255 378 1432 432 induit
1456 377 1542 433 illa
1565 396 1761 433 comaS.

620 455 884 512 Hostibus
910 453 1119 507 eveniat
1144 464 1252 505 tam
1279 451 1430 505 foedi
1463 451 1632 505 caussa
1654 451 1908 524 pudoris;

699 529 868 601 Inque
894 543 1056 580 nurus
1077 525 1292 579 Parthas
1317 522 1556 577 dedecus
1582 523 1714 578 illud
1731 538 1838 579 reat.

618 602 812 674 Turpe
836 617 999 672 pecus
1024 598 1298 653 mutilum:
1341 608 1498 665 turpe
1521 594 1596 648 est
1619 595 1728 676 fine
1751 596 1990 667 gramine
2016 611 2258 670 campus:

476 691 580 745 250

691 673 765 729 ht
790 673 898 728 fine
920 671 1116 726 fronde
1139 669 1322 722 frutex
1349 691 1362 729 ;
1405 666 1462 720 &
1485 665 1593 721 fine
1622 684 1772 721 crine
1800 683 1972 741 caput.

622 750 751 806 Non
777 747 906 802 mihi
930 742 1139 797 venistis
1155 781 1171 804 ‚
1210 740 1448 803 Semele,
1472 739 1695 795 Ledeve
1711 779 1726 803 ,
1751 739 2063 806 docendae;

700 822 916 892 Perque
940 816 1142 871 fretum
1166 813 1292 868 falso
1308 853 1324 877 ,
1362 812 1576 877 Sidon-i,
1610 812 1761 867 vebia
1785 814 1940 870 bove.

628 897 743 950 Aut
768 892 1015 953 Helene,
1054 905 1216 962 quam
1242 904 1353 941 non
1380 886 1565 949 stulte,
1590 885 1876 951 Menelae,
1915 886 2179 959 reposcis;

693 966 790 1021 Tu
814 980 1034 1038 quoque
1061 978 1172 1015 non
1197 959 1382 1023 stulte,
1417 957 1596 1013 Tro'ife
1623 971 1836 1032 raptor,
1873 958 2049 1013 habes.

479 1060 577 1116 255
623 1039 814 1099 Turba
839 1034 1089 1092 docenda
1110 1033 1257 1088 venit
1273 1069 1289 1095 ,
1331 1031 1585 1104 pulchrae
1610 1046 1901 1106 turpesque
1926 1032 2133 1106 puellae
2151 1070 2167 1098 ‚

698 1113 969 1183 Pluraque
1006 1109 1124 1163 sunt
1149 1106 1358 1180 semper
1381 1105 1651 1162 deteriora
1673 1105 1847 1162 bonis,

334 1310 415 1359 cap}
441 1320 499 1348 11„¹
524 1310 563 1346 in
586 1304 829 1345 Saturnalibus
849 1302 981 1343 'dicitur
994 1301 1207 1354 ,quimulta
1220 1300 1265 1341 de
1277 1312 1386 1351 oper-

327 1362 376 1398 tis
395 1359 471 1409 ejus
489 1358 590 1397 sacris
614 1360 649 1396 in
672 1358 795 1395 lucem
824 1356 974 1405 profert.
1029 1356 1135 1392 Haec
1163 1355 1288 1392 Fauna
1318 1353 1386 1391 Fa-

333 1419 397 1449 tua
429 1411 545 1449 Fauni
576 1421 669 1447 uxor
694 1409 733 1445 ὃ(
761 1407 873 1445 soror.
903 1407 1082 1455 Interpres
1103 1406 1163 1443 hic
1184 1405 1289 1443 nobis
1309 1404 1385 1442 esto

332 1462 549 1501 Lactantius
571 1460 662 1498 libro
684 1459 808 1508 primo
821 1458 867 1496 de
879 1457 975 1495 Falsa
986 1457 1183 1506 Religione
1199 1468 1277 1505 cap.
1289 1467 1388 1493 xxn.

333 1513 400 1550 Sed
420 1523 461 1549 ut
482 1511 670 1560 Pompilius
691 1510 783 1559 apud
806 1516 976 1547 Romanos
994 1508 1170 1555 institutor
1189 1508 1387 1557 ineptarum

333 1564 536 1612 religionum
548 1562 648 1609 fuit,
677 1560 729 1610 fic
749 1571 832 1597 ante
847 1558 1055 1609 Pompilium
1067 1565 1212 1599 ,Faunus
1225 1587 1234 1603 ‚
1263 1558 1324 1609 qni
1345 1557 1389 1609 est

333 1614 521 1663 (italiaec
541 1624 587 1650 ex
605 1613 755 1662 optimo
777 1612 908 1650 codice
931 1610 1170 1659 corrigenda)
1193 1610 1237 1651 --in
1265 1609 1388 1654 Latio,

333 1671 485 1702 Saturno
506 1678 575 1700 avo
607 1663 743 1711 nefaria
765 1665 870 1712 sacra
892 1661 1088 1709 constitui-t,
1127 1671 1170 1700 &⁴
1188 1662 1310 1697 Picum
1323 1669 1389 1709 pa—

332 1726 422 1753 trem
444 1716 536 1752 inter
555 1721 643 1751 Deos
662 1714 870 1759 honoravit,
898 1724 941 1753 &³
953 1713 1102 1761 sororem
1115 1714 1389 1761 suamFataam

333 1772 497 1804 Faunam
512 1794 522 1811 ‚
548 1779 691 1816 eamque
716 1765 826 1814 (lego
844 1765 1086 1815 eandemque)
1116 1764 1290 1812 conjugem
1310 1776 1389 1799 con·

271 1864 274 1867 .
324 1817 497 1868 sacravit.
524 1831 632 1866 quam
642 1816 812 1866 C.Baffus
832 1822 983 1853 Facetam
1007 1824 1229 1853 nominatam
1247 1814 1362 1851 tradit
1376 1842 1387 1858 ,

333 1869 427 1919 quod
446 1867 648 1905 mulieribus
660 1872 746 1915 fata
768 1881 884 1904 canere
901 1867 1140 1916 consuevisset,
1178 1876 1217 1902 ut
1245 1871 1388 1902 Faunus

333 1919 438 1956 viris.
491 1919 650 1956 Eandem
660 1917 783 1966 scribit
805 1925 910 1955 Varro
923 1927 1045 1955 tantae
1060 1917 1249 1966 pudicitiae
1259 1916 1361 1965 fuisse
1374 1943 1386 1961 ,

334 1980 378 2008 u:
398 1984 494 2007 nemo
516 1984 592 2007 eam
607 1999 616 2015 ,
645 1969 760 2019 quoad
776 1970 930 2014 vixerit,
961 1978 1097 2019 praeter
1113 1968 1235 2005 viram
1252 1969 1360 2017 saum
1373 1996 1384 2012 ‚

336 2035 415 2059 mas
434 2021 590 2066 viderit,
620 2034 677 2057 nec
708 2019 832 2058 nomen
861 2022 931 2069 ejus
959 2021 1122 2057 audierit.
1178 2020 1305 2056 Idcirco
1330 2019 1387 2056 illi

335 2072 497 2110 mulieres
527 2073 566 2109 in
592 2081 698 2121 operto
717 2071 943 2120 sacrificant,
973 2083 1016 2110 ω’
1039 2078 1170 2108 Bonam
1190 2077 1304 2108 Deam
1326 2083 1388 2107 no-

334 2124 489 2161 minant.
517 2135 561 2163 <9⁵
584 2129 659 2160 Sex.
687 2122 828 2159 Clodius
854 2123 892 2160 in
917 2136 951 2159 eo
976 2122 1090 2166 libro,
1130 2136 1232 2173 quem
1262 2127 1388 2159 Graece

327 2173 464 2225 firiffisz't
477 2203 487 2219 ‚
515 2175 618 2221 refert
639 2174 752 2210 Facmi
770 2174 860 2210 hanc
879 2186 1022 2211 uxorem
1036 2174 1135 2223 fuisse
1149 2203 1158 2218 ,
1187 2187 1275 2224 quae
1302 2173 1388 2224 quia

334 2236 458 2262 contra
479 2239 609 2263 morem
629 2225 794 2274 decusque
812 2225 943 2274 regiam
965 2225 1057 2262 clam
1078 2225 1157 2261 vini
1175 2225 1286 2261 ollam
1317 2223 1386 2261 ebi—

335 2275 458 2322 berat,
496 2288 540 2316 (φ
558 2275 651 2312 ebria
671 2278 774 2323 jacta
804 2287 878 2312 erat
904 2305 913 2320 ,
950 2276 1060 2324 virgis
1087 2276 1229 2324 myrteis
1252 2289 1281 2312 .a
1308 2276 1385 2312 viro

337 2328 443 2378 usque
472 2328 521 2364 ad
546 2338 692 2364 mortem
727 2325 819 2372 caesa
856 2327 910 2373 est.
947 2328 1058 2376 postea
1087 2341 1168 2363 vero
1196 2340 1273 2364 cum
1308 2340 1387 2363 eum

327 2379 423 2425 fabii
435 2379 495 2427 sui
511 2378 695 2429 poeniteret
714 2391 754 2414 ac
772 2376 973 2426 defiderium
992 2379 1064 2427 ejus
1077 2380 1169 2425 ferre
1189 2391 1255 2415 non
1266 2377 1385 2427 posset,

337 2430 506 2467 divinum
524 2430 578 2467 illi
598 2429 759 2466 honorem
782 2428 945 2478 detuliffl.
993 2429 1118 2465 Idcirco
1139 2429 1177 2465 in
1186 2429 1297 2477 sacris
1313 2430 1389 2477 ejus

337 2479 544 2519 obvelatam
582 2481 662 2517 vini
691 2479 895 2529 amphoram
927 2479 1018 2528 poni.
1077 2481 1169 2528 Quo
1204 2480 1290 2517 loco
1320 2492 1387 2528 pro

338 2531 422 2568 vini
443 2532 513 2568 olla
536 2531 796 2580 corrigendum
817 2530 983 2573 videtur,
1009 2530 1089 2568 vini
1103 2530 1198 2567 obba.
1226 2542 1312 2568 nam
1334 2531 1389 2579 Je-

337 2582 431 2619 riam
463 2584 543 2620 vini
574 2591 685 2620 vocat
703 2582 891 2620 Arnobius
911 2582 946 2619 in
964 2582 1036 2618 hac
1056 2581 1186 2618 eadem
1213 2583 1390 2619 narratio-

338 2644 388 2670 ne
403 2662 414 2676 ,
443 2635 481 2672 ὃ(
505 2634 720 2672 Laclantius
739 2633 812 2681 ipse
832 2633 878 2670 ad
904 2633 1128 2670 memoriam
1152 2633 1203 2670 rei
1222 2634 1260 2670 in
1274 2632 1387 2670 Sacris

339 2682 466 2722 Bonae
485 2686 589 2723 Deae
613 2713 623 2729 ,
653 2684 859 2732 amphoram
879 2683 959 2720 vini
983 2681 1084 2720 fuisse
1116 2682 1272 2731 positam
1299 2683 1388 2721 affe-

338 2743 442 2771 verat
465 2764 476 2779 ,
510 2745 549 2773 ut
573 2737 652 2785 jam
687 2735 858 2773 vidimus.
910 2734 1156 2772 Adamantius
1188 2735 1389 2784 Martyrius

340 2784 438 2833 apud
460 2787 715 2824 Cassiodorum
729 2788 766 2824 in
780 2786 1054 2835 orthographia
1066 2814 1076 2829 ‚
1089 2784 1185 2821 Obba
1198 2814 1207 2829 ,
1219 2787 1390 2831 ποτήριον.

340 2844 447 2873 notat
478 2836 515 2873 id
545 2838 698 2875 verbum
730 2838 840 2875 etiam
871 2850 915 2874 ex
941 2837 1100 2874 Laberio
1128 2836 1267 2875 Gellius
1296 2837 1389 2874 libro

343 2899 424 2924 xvi.
453 2898 530 2935 cap.
564 2899 634 2923 vii.
674 2890 772 2926 Nam
803 2888 888 2924 ollas
918 2889 1064 2926 Nonius
1091 2888 1288 2925 Marcellus
1310 2888 1391 2925 vasa

344 2936 450 2974 fuisse
481 2938 705 2986 capacissima
734 2940 923 2983 observat,
963 2939 1215 2987 cujuscemodi
1247 2939 1390 2976 nullum

345 3000 364 3025 a
386 2988 499 3026 Fatua
520 2989 699 3026 exhauriri
724 2990 896 3036 potuerit.
947 2990 1073 3027 Video
1092 3002 1192 3027 nunc
1214 2991 1252 3026 δε
1266 2991 1394 3033 Meur-

343 3038 396 3077 fio
422 3039 578 3077 eandem
601 3041 853 3089 conjecturam
876 3041 913 3076 in
935 3049 1101 3077 mentem
1115 3039 1264 3077 venifl'e.
1297 3039 1394 3076 Obba

342 3101 405 3128 vas
425 3091 607 3129 vinarium
630 3091 751 3128 Persio
779 3091 890 3127 etiam
915 3090 985 3127 Sat.
1010 3102 1042 3126 v.

702 3141 776 3177 Tibi
796 3151 888 3177 torta
908 3140 1062 3176 cannabe
1072 3140 1168 3187 sulm

398 3198 516 3229 Coena
530 3191 577 3241 sit
594 3192 631 3229 ia
649 3193 799 3239 transtro
819 3220 828 3235 ,
859 3192 1152 3240 Veientanumque
1169 3191 1342 3229 rubellum

398 3243 551 3279 Exlmlet
573 3243 702 3293 vapida
723 3243 852 3291 laesum
865 3243 936 3290 pice
949 3241 1065 3290 fiffilt's
1086 3242 1194 3280 obba?

348 3294 426 3331 Ubi
447 3295 564 3332 obiter
584 3294 817 3332 monendum
848 3296 885 3331 in
911 3293 1052 3330 vetusto
1077 3293 1207 3330 codice
1232 3294 1395 3332 Leiden-

344 3344 388 3382 sjs
402 3345 651 3386 Bibliothecae
674 3355 863 3385 exaratum
877 3356 938 3383 1116
957 3342 1150 3390 1111631116,
1163 3344 1274 3394 fiffilis
1296 3345 1394 3385 obba.

2361 1180 2405 1237 F
2407 1199 2491 1239 or-

1441 1299 1544 1351 quod
1564 1298 1727 1349 impense
1744 1298 1874 1351 placet.
1902 1310 2131 1351 quamquam
2154 1298 2310 1338 minime
2338 1299 2496 1349 ignoro;

1434 1352 1576 1402 seffilem
1599 1351 1721 1389 abbam
1749 1352 1891 1390 erudite
1911 1352 2119 1391 illustratam
2138 1363 2157 1389 a
2180 1351 2289 1389 Persii
2318 1351 2494 1400 interpre-

1442 1405 1549 1441 tibus.
1578 1403 1648 1441 Sed
1660 1401 1773 1452 fiffllis
1789 1402 1897 1449 obba,
1925 1415 2003 1440 non
2022 1403 2117 1440 bene
2136 1402 2250 1440 oblita
2270 1430 2280 1446 ‚
2307 1413 2350 1440 ac
2369 1403 2494 1451 proin-

1444 1454 1491 1492 de
1508 1455 1638 1492 vinum
1662 1454 1855 1498 exhalans;
1884 1466 1962 1504 quo
1981 1453 2111 1492 vinum
2133 1453 2249 1502 ipsum
2274 1465 2338 1501 per
2365 1453 2400 1490 se
2431 1453 2517 1500 de-¹

1442 1506 1636 1543 terrimum
1657 1505 1718 1543 fiat
1740 1505 1910 1544 deterius.
1939 1504 2153 1542 Scholiastes
2181 1503 2288 1541 Persii
2318 1503 2363 1542 ad
2389 1504 2496 1544 illum
2540 1523 2543 1528 ·

1443 1557 1571 1595 locum
1585 1585 1595 1601 ,
1608 1555 1693 1593 obba
1707 1570 1814 1605 genus
1829 1555 1922 1606 vasis
1932 1570 1972 1593 ex
1981 1557 2257 1604 Jpartofaffum.
2270 1555 2497 1604 oenophorum

1444 1608 1518 1657 ipse
1539 1606 1675 1645 Perfius
1705 1607 1828 1655 paullo
1866 1616 1951 1645 ante
1981 1607 2210 1655 appellarat,
2247 1618 2360 1655 quem
2392 1618 2500 1655 pere-

1443 1659 1627 1708 grinantes
1642 1658 1765 1696 secum
1785 1659 1919 1696 ferunt.
1946 1657 2047 1695 Vide
2067 1658 2179 1705 igitur
2193 1668 2242 1693 ne
2263 1658 2318 1693 vir
2334 1656 2498 1696 summus
2544 1696 2551 1699 1

1446 1710 1584 1748 Isaacus
1615 1708 1851 1747 Casaubonus
1880 1708 2021 1746 aberret
2042 1719 2061 1744 a
2091 1708 2228 1756 scopo,
2247 1706 2336 1745 dum
2366 1719 2427 1745 vas
2454 1708 2500 1747 11-

1443 1773 1582 1811 gneum
1610 1761 1745 1798 Obbam
1776 1757 1880 1797 fuiffe
1908 1758 2124 1804 contendit,
2164 1760 2203 1796 ὅτ
2220 1759 2372 1805 quidem
2396 1771 2500 1808 capa-

1446 1813 1627 1850 cissimum
1651 1840 1662 1857 ,
1687 1810 1791 1861 quod
1813 1810 1910 1848 Galli
1934 1809 2034 1847 Baril
2047 1818 2198 1848 vocant.
2226 1808 2404 1847 Obbarum
2424 1823 2500 1850 vox

1447 1863 1562 1901 Statio
1586 1865 1698 1901 etiam
1714 1861 1904 1900 reddenda
1925 1861 1973 1898 est
1993 1862 2030 1898 in
2056 1861 2160 1900 Lusu
2187 1860 2422 1900 Saturnalitio
2448 1862 2497 1902 ad

1444 1915 1611 1953 Plotium
1632 1915 1831 1963 Grippum.
1857 1911 2222 1960 lib.1v.81‘1v.1x.42.

1493 1965 1651 2010 ollares,
1679 1978 1775 2013 rogo,
1803 1977 1872 2001 non
1894 1962 2018 2000 licebat
2034 1977 2149 2009 uvas,

1494 2022 1658 2054 Cumano
1669 2015 1815 2066 patinas
1833 2014 1892 2050 vel
1909 2013 1984 2051 orbe
2004 2025 2114 2052 tortas
2127 2043 2138 2060 ,

1497 2073 1579 2104 Aut
1600 2081 1710 2104 unam
1730 2066 1814 2102 dare
1822 2064 2002 2115 synthefin
2025 2066 2136 2117 (quid
2154 2065 2325 2116 horren)

1498 2118 1677 2155 Obbarum
1691 2147 1700 2162 ‚
1730 2117 1878 2154 calicum
1891 2145 1902 2161 ,
1930 2127 2036 2167 atque
2055 2117 2258 2156 cacaborum
2272 2128 2288 2156 Ξ

1446 2171 1505 2208 Sic
1526 2170 1630 2208 locus
1660 2169 1721 2207 ille
1750 2167 1969 2206 scribendus.
1996 2181 2096 2207 nunc
2123 2169 2401 2215 circumfertur,
2430 2170 2501 2209 AL·

1443 2221 1566 2259 borum
1580 2220 1741 2258 calicum.
1768 2219 1839 2257 Sed
1851 2220 1941 2257 nihil
1961 2218 2084 2268 legiffe
2105 2232 2167 2259 me
2186 2220 2232 2259 de
2253 2221 2424 2260 calicibus
2448 2223 2500 2261 31-

1443 2273 1497 2311 bis
1534 2271 1723 2311 recordor.
1778 2270 1937 2307 Cumani
1969 2279 2067 2308 certe
2098 2271 2218 2308 calices
2248 2281 2350 2310 erant
2378 2274 2500 2319 rubri,

1443 2335 1537 2374 quos
1566 2325 1604 2361 ὃ(
1634 2324 1754 2360 Varro
1783 2321 1932 2370 Satyra,
1970 2322 2027 2368 Est
2045 2323 2166 2359 modas
2186 2322 2364 2369 matulae,
2402 2325 2499 2374 apud

1444 2376 1616 2413 Nonium
1641 2371 1862 2412 Marcellum
1886 2383 1971 2409 cum
2001 2372 2105 2410 obbis
2126 2374 2339 2423 conjungit:
2394 2376 2502 2413 Dolia

1443 2437 1550 2476 atque
1569 2424 1748 2475 apothecas
1766 2422 1997 2467 tricliniares,
2012 2424 2150 2460 melicas
2165 2452 2175 2468 ,
2202 2424 2341 2461 calenas
2358 2453 2368 2469 ,
2400 2426 2501 2464 obbas

1443 2489 1488 2517 cy
1509 2491 1670 2515 cumanos
1689 2476 1819 2514 calices.
1877 2475 1938 2510 De
1960 2474 2073 2512 Fatua
2094 2475 2216 2512 Fauna
2231 2487 2430 2514 occurrunt
2442 2478 2498 2516 his

1445 2529 1574 2567 sunilia
1601 2528 1698 2578 apud
1728 2525 1963 2566 Plutarchum
1996 2526 2033 2562 in
2070 2526 2311 2565 Problematis
2334 2555 2344 2570 ‚
2373 2528 2499 2565 Arno·

1445 2580 1550 2618 bium
1564 2609 1574 2625 ,
1589 2579 1837 2618 Macrobium.
1867 2576 1913 2614 de
1935 2574 2018 2613 vase
2048 2578 2125 2615 vini
2153 2578 2188 2615 in
2210 2578 2286 2627 ejus
2313 2577 2416 2616 sacris
2435 2579 2500 2628 adt

1445 2631 1564 2669 hibito
1586 2630 1843 2680 intelligendus
1862 2628 2051 2676 Juvenalis
2071 2628 2198 2677 Satyra
2225 2641 2281 2667 11.

1495 2687 1617 2731 Atque
1641 2689 1771 2719 Bonam
1793 2691 1928 2718 tenerae
1942 2678 2090 2729 placant
2109 2679 2293 2716 abdomine
2305 2687 2430 2729 porcae

1492 2738 1539 2769 Et
1557 2747 1681 2782 magno
1700 2742 1829 2770 cratere
1852 2737 1978 2768 Deam.

1443 2784 1658 2822 Macrobius
1686 2783 1930 2822 Saturnalium
1960 2782 2088 2832 primo
2118 2784 2239 2831 capite
2271 2797 2342 2822 xn,
2370 2784 2432 2823 ubi
2451 2785 2497 2824 de

1448 2836 1553 2873 Boua
1585 2836 1667 2872 Dea
1699 2836 1772 2883 agit
1810 2833 1958 2882 copiose
1980 2862 1990 2878 ‚
2027 2845 2187 2883 eamq-ue
2223 2847 2301 2873 non
2333 2836 2496 2874 Faunam

1447 2887 1678 2936 Fatuamque
1699 2885 1835 2923 dietam
1857 2883 1927 2921 effe
1951 2885 2193 2922 solummodo
2222 2887 2402 2931 ostendit,
2438 2887 2497 2926 sed

1450 2939 1578 2986 Opem
1599 2949 1774 2987 quoque,
1789 2948 1931 2974 nomen
1949 2938 1987 2973 ὃς
2011 2948 2125 2985 genus
2145 2935 2260 2982 vasis,
2289 2950 2365 2986 quo
2387 2940 2419 2976 ei
2442 2939 2497 2977 so-

1447 2989 1520 3026 leat
1535 2988 1721 3026 sacrificari
1736 3016 1745 3032 ‚
1775 2999 1852 3024 non
1873 2987 2024 3036 quidem
2047 2988 2243 3036 exprimit,
2268 2988 2331 3027 {ed
2354 2989 2415 3027 sub
2436 3002 2498 3027 va-

1450 3039 1492 3076 sis
1529 3040 1682 3077 mellarii
1719 3039 1876 3075 nomine
1908 3038 2052 3086 templo
2082 3039 2159 3087 ejus
2195 3040 2318 3076 inferri
2351 3040 2496 3078 solitum

1451 3090 1621 3126 ostendit.
1643 3090 1743 3137 plura
1758 3088 1815 3125 ille
1837 3088 1974 3126 ibidem
1994 3089 2039 3126 ad
2056 3101 2147 3127 rem.
2176 3090 2386 3128 Hismsrus.
2414 3091 2496 3128 Vid.

1453 3140 1677 3177 Tomafium
1700 3139 1743 3176 de
1758 3140 1927 3177 Donaris.
1947 3152 2024 3188 cap.
2042 3141 2241 3178 12.Douza
2260 3143 2351 3179 haec
2372 3143 2420 3179 ita
2441 3153 2499 3178 ca-

1448 3191 1589 3240 piebat-
1621 3203 1699 3228 non
1719 3191 1817 3239 quali
1838 3202 1963 3228 revera
1986 3193 2023 3228 in
2053 3190 2144 3228 aede
2172 3191 2296 3230 Bonae
2329 3193 2432 3230 Deae
2461 3191 2497 3228 se

1451 3251 1583 3285 ornet,
1622 3242 1682 3279 sed
1710 3241 1809 3290 quali
1839 3242 1944 3280 domi
1974 3242 2008 3279 se
2037 3244 2157 3279 ornari
2187 3242 2430 3286 dissimulans,
2457 3243 2495 3279 in

1451 3294 1595 3342 templo
1614 3293 1648 3330 se
1669 3292 1738 3330 effe
1756 3294 1994 3330 Amatoribus
2015 3293 2225 3341 persuadeat
2240 3322 2250 3337 ‚
2279 3294 2339 3331 ubi
2355 3293 2497 3341 pericu-

1450 3345 1528 3384 lum
1566 3356 1643 3383 non
1673 3353 1749 3384 erat
1769 3373 1782 3391 ‚
1814 3356 1862 3383 ne
1885 3356 1905 3382 a
1926 3345 2076 3394 procaci
2101 3344 2204 3383 turba
2231 3345 2289 3383 illa
2312 3344 2497 3430 juventam

2463 3404 2502 3431 e·
