2553 3676
808 202 869 260 P.
944 197 1361 258 OVIDII

346 219 358 231 J

301 231 400 264 *t*px'

316 253 319 258 ,
356 253 360 259 ,
373 255 398 264 ,d

1433 195 1968 256 NASONIS

583 293 674 355 ‚At
701 302 762 348 tu
785 308 886 347 nec
914 306 1077 344 voces
1105 286 1270 361 (quid
1296 286 1442 342 enim
1468 286 1700 343 fallacius
1724 290 1855 344 illis?
1882 292 1908 361 )
1933 306 1937 346 ι

667 364 880 424 Crede,
917 380 1018 416 nec
1044 376 1293 416 aeternos
1318 360 1531 434 pondus
1555 361 1751 417 habere
1779 364 1953 423 Deo&

597 439 751 493 Neve
778 436 1077 508 puellarum
1102 434 1331 489 lacrimis
1356 450 1610 487 moveare
1633 448 1852 491 caveto:

454 517 559 586 690

671 510 749 564 Ut
774 508 999 573 flerent,
1042 508 1232 563 oculos
1256 505 1506 559 erudiere
1530 505 1667 561 suos,

597 583 824 639 Artibus
857 581 1151 638 innumeris
1181 595 1331 651 mens
1354 590 1700 648 oppugnatur
1728 590 2039 649 amantum-3

668 656 744 711 Ut
771 656 898 729 lapis
925 651 1205 726 aequoreis
1233 649 1476 722 undique
1501 649 1677 721 pulsus
1702 655 1880 725 aquisg

594 730 714 786 Nec
745 727 941 785 cauffas
965 725 1143 798 aperi,
1183 740 1348 796 quare
1377 723 1610 778 divortia
1636 725 1811 779 malis:

672 804 789 858 Nec
815 801 933 865 die,
970 798 1102 872 quid
1119 797 1339 858 doleas3
1382 797 1518 851 clam
1545 810 1724 852 tamen
1748 814 1918 872 usque
1942 800 2085 870 doleg

452 882 551 952 '695
593 875 714 930 Nec.
743 885 967 948 peccata
994 872 1168 934 refer;
1208 888 1275 925 ne
1302 869 1483 924 diluat.
1524 870 1631 942 ipse
1655 870 1881 927 favebis:

671 947 748 1002 Ut
776 947 966 1002 melior
990 943 1162 999 caussa
1189 941 1357 997 caussa
1389 943 1450 998 sit
1475 943 1562 997 illa
1587 945 1695 998 tua.

599 1021 714 1094 Qui
740 1021 881 1085 filet,
921 1018 995 1074 est
1017 1018 1226 1072 firmus:
1266 1015 1359 1090 qui
1394 1016 1528 1070 dicit
1556 1016 1723 1072 multa
1747 1019 1956 1091 puellae

674 1094 907 1154 Probra,
948 1089 1183 1145 satisfieri
1206 1088 1433 1161 postulat
1458 1089 1544 1143 ille
1568 1089 1676 1144 fibi.

600 1167 729 1221 Non
760 1184 864 1237 ego
890 1162 1152 1219 Dulichio
1176 1162 1389 1217 furiales
1414 1180 1567 1217 more
1590 1163 1828 1234 sagittam,

454 1244 559 1311 ‘7oo

668 1240 786 1293 Nec
810 1236 1014 1310 rapidas
1040 1235 1202 1290 ausim
1229 1236 1478 1306 tinguere
1502 1236 1558 1289 in
1583 1254 1740 1290 amne
1765 1238 1923 1293 faces,

603 1313 720 1368 Nec
747 1330 844 1366 nos
867 1327 1158 1382 purpureas
1182 1310 1337 1380 pueri
1361 1307 1712 1363 resecabimus
1736 1312 1864 1364 alas:

678 1385 798 1442 Nec
822 1385 965 1438 sacer
989 1395 1103 1438 arte
1129 1384 1251 1436 mea
1276 1382 1445 1436 laxior
1468 1399 1621 1435 arcus
1646 1382 1764 1438 erit.

601 1457 899 1512 Consilium
923 1456 999 1511 est
1021 1455 1409 1531 quodcumque
1446 1471 1599 1508 cano,
1636 1468 1823 1526 parete
1852 1457 2097 1515 canenti:

673 1530 860 1604 thue
885 1529 1013 1584 facis
1031 1576 1042 1594 ,
1070 1528 1306 1601 coeptiS‚
1336 1527 1558 1583 Phoebe
1583 1526 1810 1593 saluber,
1839 1530 1979 1586 ades.

463 1620 564 1674 7o5
607 1604 862 1661 Phoebus
886 1603 1057 1658 adest:
1098 1602 1325 1658 sonuere
1348 1602 1521 1673 lyrae;
1561 1599 1789 1656 sonuere
1813 1603 2115 1674 pharetrae.

680 1677 839 1748 Signa
861 1676 1044 1730 Deum
1069 1675 1233 1730 nosco
1258 1692 1354 1747 per
1380 1674 1496 1728 sua:
1535 1671 1790 1732 Phoebus
1819 1675 1981 1732 adesto,

607 1749 819 1804 Confer
845 1748 1150 1822 Amyclaeis
1180 1748 1513 1803 medicatum
1537 1748 1702 1801 vellus
1727 1747 1909 1805 ahenis

680 1821 902 1882 Murice
920 1839 1052 1881 ¹cum
1074 1821 1278 1899 Tyrio:
1322 1821 1527 1896 turpius
1553 1820 1686 1878 illud
1712 1820 1829 1882 erit,
1850 1839 1860 1890 j

359 2046 452 2095 691.
473 2048 742 2099 oppugnatum]
772 2052 1002 2099 Expugnatur
1020 2061 1114 2090 unus
1135 2050 1293 2090 Heinsii.

369 2098 457 2148 693.
472 2100 639 2136 Divertia
652 2100 784 2149 malis]
815 2103 970 2149 Quem·
988 2102 1202 2152 quindecim
1224 2103 1342 2152 scripti
1358 2131 1369 2149 ‚

315 2151 457 2198 ’quaeris
476 2159 645 2198 quatuor.
672 2164 731 2186 cur
751 2151 862 2187 doleas
880 2152 967 2190 duo.
996 2154 1087 2203 quod
1103 2153 1216 2190 doleas
1236 2154 1371 2192 editio-

319 2211 384 2237 nes
406 2199 540 2248 priscae
553 2202 592 2238 &
610 2201 744 2239 Aldina
766 2203 949 2251 prior.sed
969 2213 1090 2241 tamen
1110 2204 1214 2255 usque
1232 2205 1345 2252 Junii.

371 2252 457 2298 695.
486 2257 566 2291 Nec,
580 2260 719 2301 peccata
749 2254 845 2299 refer.
881 2267 922 2289 nc
952 2254 1069 2291 diluat
1099 2255 1163 2305 ipfi
1193 2255 1370 2306 cambia]

314 2306 392 2339 Nec
410 2300 527 2338 diluat
546 2302 615 2351 ipsiz
626 2313 744 2339 caveto
755 2304 917 2352 plerique
927 2305 1057 2354 scripti.
1070 2306 1221 2355 quidam
1236 2308 1348 2345 etiam
1361 2335 1373 2352 ,

316 2352 406 2397 illa,
435 2352 495 2389 vel
516 2353 579 2402 ipse
603 2364 731 2390 caveto.
760 2354 849 2391 alter
869 2355 1027 2403 Regius,
1056 2363 1127 2394 Nec
1153 2367 1292 2405 peccata
1322 2371 1375 2394 re-

311 2404 370 2450 fer
383 2432 392 2448 ‚
422 2417 482 2440 nec
509 2404 563 2440 cui
573 2405 682 2450 favet
700 2405 792 2453 ipsa,
812 2405 966 2452 favebis.
992 2407 1081 2444 alius
1094 2435 1105 2451 ‚
1141 2407 1206 2444 illa
1218 2408 1378 2455 favebis.

317 2454 378 2491 secl
400 2455 498 2492 recle
516 2482 526 2499 ,
547 2455 606 2494 ille
629 2457 804 2494 omnium
823 2457 988 2504 optimus
998 2457 1135 2507 Regius
1153 2459 1270 2497 &tres
1289 2459 1376 2506 alii,

315 2504 360 2542 ὃς
384 2505 556 2544 venuste:

370 2572 442 2603 Nec
453 2576 593 2617 peccata
613 2570 719 2617 refer;
749 2583 791 2607 ne
809 2569 938 2610 diluat.
966 2569 1031 2620 ipsc
1049 2569 1205 2620 favebisl

318 2627 381 2665 Sic
400 2628 534 2668 Amor.
555 2631 614 2668 lib.
636 2644 680 2669 11.
708 2632 809 2681 Eleg.
833 2645 891 2671 11.

374 2695 426 2728 Tu
448 2703 566 2731 contra
588 2694 742 2745 objicies,
770 2696 862 2746 quod
884 2705 960 2734 tuto
979 2696 1096 2735 diluat
1112 2695 1191 2736 illa:

322 2751 532 2793 Hrmsms.

374 2805 460 2853 699.
482 2813 570 2862 ‘Non
605 2824 657 2858 ogo
687 2811 872 2849 Dulichias
892 2812 1025 2860 ficriali
1058 2826 1149 2850 more
1174 2810 1374 2863 flaginan]

321 2852 407 2903 Ego
425 2857 514 2912 quid
534 2858 571 2894 id
601 2861 785 2899 Dulichias
803 2863 866 2900 fibi
888 2865 978 2901 velit
995 2876 1073 2901 non
1094 2864 1281 2913 intelligo,
1309 2876 1376 2901 ne-

323 2917 398 2954 que
417 2908 891 2956 aliamlectionemiiiveni.
921 2916 1180 2953 Nauorum&
1209 2915 1376 2953 Andreas

324 2956 534 3016 Naugerius
553 2960 730 2998 terfiffimi
752 2963 806 2999 vir
827 2964 964 3011 ingenii
983 2993 992 3008 ,
1022 2967 1061 3003 ὃς
1082 2967 1255 3003 omnium
1277 2967 1376 3015 opti-

323 3018 388 3045 me
407 3008 452 3045 de
476 3009 623 3047 Nasone
647 3013 797 3050 meritus
812 3041 822 3056 ‚
853 3014 957 3051 valde
977 3016 1158 3053 aestuatin
1170 3018 1243 3053 hoc
1260 3017 1348 3053 loco
1364 3044 1375 3060 ,

323 3059 364 3113 ὃς
385 3058 471 3096 scire
494 3059 528 3096 se
549 3070 678 3110 negat,
718 3075 902 3112 quaenam
926 3064 995 3102 sint
1014 3066 1203 3101 Dulichiae
1222 3066 1379 3114 istaesa-

321 3118 433 3156 gntae
451 3138 459 3154 ,
472 3111 509 3148 ὃς
531 3110 609 3157 iure
628 3112 722 3150 sane.
751 3113 830 3151 sunt
845 3115 945 3151 enim
960 3115 1091 3152 nullae.
1122 3116 1292 3164 Scaligeri
1316 3127 1380 3152 ex-

326 3168 450 3216 cerpta
479 3162 713 3212 &optimus
730 3165 870 3214 Regius
884 3194 894 3209 ‚
936 3165 1100 3203 Dulichio
1111 3166 1251 3212 furiali
1278 3166 1382 3216 quod

319 3211 364 3251 ὅ(
393 3224 430 3248 1n
459 3212 574 3250 altero
604 3215 767 3263 ejusdem
795 3216 1043 3255 Bibliothecae
1078 3217 1209 3257 codice
1231 3230 1297 3267 pro
1327 3218 1385 3257 di-

324 3262 426 3298 versa
447 3262 609 3302 lectione
630 3274 706 3303 erat
724 3274 908 3304 notatum.
937 3268 1078 3306 Scribe:

376 3319 459 3364 Non
483 3327 537 3366 ego
555 3315 718 3356 Dulichio
729 3317 881 3365 furiales
901 3331 992 3357 more
1004 3318 1167 3369 sagittas.

2351 1907 2482 1969 Vos
2535 1926 2538 1932 ·

1424 2048 1473 2089 Et
1500 2049 1666 2098 sequenti
1693 2050 1798 2089 versu
1824 2048 1919 2099 pro}
1956 2048 2076 2100 raptas
2085 2051 2182 2099 fhces
2202 2048 2309 2100 lege3
2339 2049 2479 2101 rapidas

1426 2113 1513 2139 cum
1540 2101 1795 2139 Lincolnienfi
1822 2102 1930 2140 libro.
1967 2115 2061 2141 unus
2092 2101 2351 2147 Farnefianus,
2386 2100 2484 2139 rabi-

1426 2152 1502 2189 das.
1530 2152 1672 2199 rapidae
1680 2153 1800 2198 faces,
1829 2154 2028 2202 quomodo
2055 2153 2169 2203 rapidi
2190 2153 2294 2202 ignes.
2330 2163 2394 2201 per
2416 2153 2482 2200 fu-

1427 2202 1529 2240 riales
1543 2202 1715 2251 sagittas,
1746 2203 1937 2252 Cupidinis
1957 2204 2289 2254 sagittasintelligit.
2317 2202 2486 2254 Dulichio!

1427 2267 1542 2296 more,
1571 2265 1677 2290 more
1702 2254 1862 2303 Ulyffis,
1891 2256 1977 2304 quia
2007 2267 2152 2293 amores
2180 2254 2263 2292 suos
2291 2266 2377 2291 cum
2408 2254 2484 2299 Caff

1427 2304 1531 2354 lypso
1552 2304 1590 2340 &
1609 2304 1741 2349 Circe,
1772 2305 1819 2342 de
1840 2307 1971 2354 quibus
1997 2306 2099 2353 supra
2126 2305 2212 2353 263.
2238 2304 2349 2342 nimis
2378 2308 2486 2353 prae-j

1430 2365 1514 2402 ceps
1543 2354 1697 2404 abrupit.
1733 2356 1874 2406 Omnia
1898 2356 1978 2405 jam
1999 2356 2107 2405 plana
2127 2357 2165 2393 ὃς
2186 2356 2374 2404 perspicua
2389 2354 2486 2401 suntq'

1431 2406 1647 2444 Hfimsms.

1486 2467 1572 2505 703.
1608 2455 1799 2505 Consilium
1826 2457 1869 2504 est
1902 2457 2129 2506 quodcunque
2162 2454 2294 2506 cana]
2331 2455 2487 2502 Scribe}

1434 2507 1643 2545 Concilium.
1670 2515 1781 2556 atque
1799 2508 1848 2546 ita
1867 2508 1904 2545 in
1928 2520 2004 2545 uno
2029 2507 2159 2545 codice
2183 2506 2374 2544 Gallicano
2400 2506 2488 2544 scri-

1434 2567 1540 2607 ptum
1562 2557 1714 2596 offendi.
1741 2559 1832 2597 Hoc
1855 2559 1902 2597 est
1920 2559 2097 2598 nimirum
2112 2586 2124 2604 ,
2153 2557 2255 2608 quod
2267 2557 2369 2607 supra
2381 2556 2485 2603 dixe:¹

1428 2617 1485 2648 rat
1506 2621 1588 2660 523.

1483 2679 1532 2712 Et
1552 2673 1738 2725 quifiquam
1754 2683 1933 2726 praecepta
1947 2673 2051 2724 potest
2070 2685 2146 2711 mea
2167 2672 2259 2709 dura
2281 2675 2432 2719 caecare,¹

1529 2730 1590 2762 En
1609 2726 1717 2764 etiam
1733 2736 1851 2777 partes
1872 2724 2088 2763 conciliantis
2113 2737 2189 2772 ago,

1432 2786 1629 2825 Concilium
1664 2799 1731 2836 pro
1769 2787 2030 2826 conciliatione
2043 2814 2054 2831 ,
2091 2794 2155 2823 aut
2192 2783 2378 2821 conciliatu
2397 2812 2409 2830 ,
2442 2787 2485 2821 ut?

1433 2839 1628 2877 Lucretius
1648 2838 1755 2887 loqui
1775 2847 1883 2876 amat.
1912 2839 1976 2887 qui
1996 2839 2034 2875 ὃς
2053 2835 2189 2874 concilii
2205 2847 2300 2873 voce
2313 2836 2487 2887 hac‚qua¹

1434 2890 1567 2928 Noster
1580 2918 1591 2934 ,
1611 2888 1876 2939 fignificatione
1896 2889 1945 2926 est
1964 2888 2056 2926 usus.
2077 2888 2172 2924 Met.
2196 2898 2251 2924 11.
2274 2898 2359 2933 710.

1484 2960 1556 2992 Hoc
1575 2953 1665 2992 mihi
1676 2953 1859 2992 concilium
1879 2963 1992 2990 tecum
2010 2951 2128 3002 dixiffc
2148 2951 2316 2991 manebit.

1433 3016 1488 3053 Ita
1515 3016 1564 3054 ibi
1594 3016 1643 3053 est
1668 3015 1896 3053 scribendum
1928 3027 1972 3052 ex
1999 3015 2217 3053 auctoritate
2252 3015 2485 3063 optimorum·

1434 3066 1622 3103 codicum.
1651 3066 1825 3103 Diximus
1847 3066 2019 3104 nonnihil
2037 3066 2082 3104 de
2100 3067 2168 3104 hac
2190 3078 2285 3103 voce
2307 3066 2351 3105 ad
2375 3067 2486 3104 Clau-

1434 3115 1598 3153 dianum.
1624 3116 1684 3153 lib.
1704 3129 1729 3153 1.
1754 3117 1791 3154 in
1815 3118 1967 3166 Eutrop.
1988 3129 2079 3154 vers.
2103 3117 2186 3165 368.
2213 3117 2397 3167 corporalia
2410 3130 2485 3154 con-

1436 3165 1516 3203 cilia
1529 3178 1595 3213 pro
1619 3167 1721 3204 coitu
1735 3167 1826 3205 dixit
1837 3168 2036 3206 Arnobius.
2066 3168 2279 3205 Hffixsms.
2302 3169 2384 3218 Ego
2398 3179 2485 3206 vero

1438 3215 1614 3266 confilium
1633 3218 1788 3262 retinui,
1817 3231 1895 3266 non
1916 3220 2017 3256 enirn
2037 3218 2126 3256 dicit
2149 3220 2228 3256 vim
2253 3220 2290 3256 &
2309 3220 2491 3267 impetum

1438 3268 1473 3306 se
1494 3267 1653 3312 docere,
1679 3269 1739 3307 sed
1757 3270 1940 3307 rationem
1964 3271 2001 3306 ὃς
2020 3269 2275 3318 prudentiam,
2302 3281 2372 3318 qua
2391 3268 2493 3317 paul·¹

1439 3319 1543 3360 latim
1561 3319 1745 3360 dediscere
1764 3320 1873 3371 poffit
1887 3322 2038 3372 juvenis
2058 3333 2193 3362 amare.
2219 3321 2347 3359 BunM.
2403 3373 2433 3407 C
2488 3367 2492 3376 Ι

2292 3378 2375 3417 707.
2435 3380 2493 3416 0733
2531 3384 2543 3395 ··
