2553 3676
636 216 1234 282 REMEDIA
1305 223 1789 290 AMORIS.

2191 253 2287 306 739

428 315 505 373 Et
525 327 619 370 tua
642 313 919 382 sacrilegae
941 307 1204 365 laniarunt
1228 314 1458 368 carmina
1483 315 1719 389 linguae,

504 387 730 443 Pertulit
753 384 858 437 huc
883 380 1049 436 victos
1072 399 1182 456 quo
1208 382 1347 436 duce
1372 386 1541 457 Troja
1578 389 1746 445 Deos,

433 461 648 517 Summa
673 456 807 529 petit
832 455 994 509 livor:
1037 454 1266 527 perflant
1291 456 1529 511 altiffima
1553 463 1724 516 venti:

289 553 390 609 370

501 533 717 587 Summa
742 540 933 600 petunt
959 528 1151 585 dextra
1174 528 1395 583 fulmina
1420 529 1565 583 mifla
1586 532 1750 600 jovis,

351 618 353 621 “
426 608 504 661 At
529 616 617 667 tn,
657 602 986 675 quicumque
1011 620 1094 666 eS‚
1133 620 1296 676 quem
1321 602 1495 658 nostra
1521 602 1735 658 licentia
1760 606 1953 672 laedit3

497 676 550 731 Si
577 676 732 747 sapiS‚
771 674 838 728 ad
864 692 1115 729 numeros
1142 675 1299 746 exige
1326 675 1567 750 quidque
1590 677 1725 732 suos

419 749 603 805 Fortia
630 748 890 802 Maeonio
917 748 1152 819 gaudent
1175 748 1315 819 pede
1339 748 1474 803 bella
1499 748 1704 805 referri.

498 821 722 877 Deliciis
745 821 851 874 illic
875 821 994 893 quis
1019 821 1166 875 locus
1192 820 1294 874 effe
1322 822 1527 891 potest?

281 913 377 970 375
421 894 646 950 Grande
670 895 855 948 sonant
878 893 1130 965 'I'ragie13
1171 893 1435 965 Tragicos
1461 895 1619 949 decet
1641 895 1721 951 ira
1744 894 2069 953 cothurnos:

504 967 695 1022 Usibus
722 967 751 1021 e
777 966 967 1021 mediis
993 968 1176 1021 soccus
1199 966 1472 1022 habendus
1499 968 1615 1022 erit,

424 1041 592 1096 Liber
615 1041 671 1095 in
693 1039 939 1094 adversos
960 1039 1134 1094 hostes
1158 1039 1440 1111 stringatur
1464 1040 1673 1097 Iambus
1698 1064 1714 1104 3

493 1113 598 1168 Seu
623 1114 792 1176 celer,
832 1126 1136 1168 extremum
1161 1113 1253 1167 seu
1278 1112 1447 1168 trahat
1475 1114 1559 1168 ille
1585 1115 1798 1186 pedem.

421 1186 624 1241 Blanda
648 1186 977 1258 pharetratos
1003 1184 1224 1257 Elegeia
1249 1199 1427 1240 cantet
1451 1189 1710 1242 Amores:

277 1258 381 1327 380

488 1259 563 1314 Et
586 1260 714 1314 levis
738 1258 957 1312 arbitrio
982 1258 1127 1312 ludat
1153 1258 1321 1312 amica
1344 1257 1453 1312 suo,
1533 1316 1535 1318 ,

407 1330 719 1386 Callimachi
745 1331 979 1384 numeris
1004 1347 1114 1385 non
1140 1330 1215 1383 est
1239 1332 1503 1385 dicendus
1529 1331 1794 1388 Achilles:

488 1404 738 1477 Cydippe
760 1420 872 1458 non
894 1403 969 1458 est
993 1403 1099 1458 oris
1117 1446 1129 1467 ‚
1169 1403 1419 1459 Homere
1434 1450 1447 1469 ,
1485 1405 1580 1461 tui.

118 1603 252 1640 carent.
280 1603 500 1642 (hosimus.
535 1603 728 1642 Distichon
746 1604 824 1640 hoc
842 1601 1063 1653 superfluum
1093 1601 1167 1648 est,

122 1664 210 1691 cum
237 1655 281 1692 de
299 1656 417 1693 livore
431 1657 511 1704 jam
532 1656 657 1704 egerit.
693 1656 904 1692 Hsmsms.
939 1654 980 1691 In
1005 1654 1169 1691 Scholia·

122 1704 173 1741 ste
200 1705 375 1744 Puteanei
413 1714 488 1744 erat
515 1706 694 1744 additum.
747 1706 943 1749 Lucanus,
955 1704 1171 1753 summisque

123 1764 286 1802 negatam
297 1756 389 1802 stare
410 1757 483 1793 dat.
511 1757 581 1794 Sed
602 1756 627 1793 fi
645 1756 842 1794 luxurianti
863 1757 1000 1792 Poetae
1013 1758 1140 1792 omnia
1156 1783 1167 1800 ‚

118 1816 214 1852 quae
236 1806 411 1854 superflua
425 1806 538 1844 videri
550 1807 683 1855 poffint
697 1834 706 1849 ‚
720 1806 868 1844 demere
889 1806 1044 1843 velimus
1058 1834 1067 1850 ‚
1083 1818 1168 1843 cen—

114 1854 218 1894 ..furae
237 1857 372 1894 immiti
386 1858 539 1906 januam
558 1859 762 1906 aperiemus
778 1871 786 1894 :
817 1857 907 1894 nihil
926 1864 1050 1894 autem
1074 1856 1169 1894 indi-

118 1916 234 1954 gnum
254 1908 291 1944 in
309 1909 363 1946 his
382 1909 498 1946 verbis
516 1909 666 1957 ingenio
692 1907 845 1944 Nasonis
866 1906 989 1944 video.

172 1968 255 2006 372.
283 1959 387 2007 Exige
409 1958 607 2009 quaeque]
639 1959 868 1996 Sarravianus
897 1957 1063 2008 quodque.
1091 1959 1166 1996 Re·

117 2007 199 2056 gius
217 2008 377 2058 quidque.
404 2011 509 2047 bene.
539 2011 751 2046 Hemsrus.

175 2069 243 2106 375
275 2060 436 2107 Tragici,
466 2060 619 2108 Tragicos
644 2059 782 2108 decet.]
821 2058 956 2107 Tragici
976 2086 986 2103 ‚
1015 2059 1166 2097 tumidos

119 2107 212 2144 decet
231 2109 285 2145 ira
305 2109 485 2147 cothurnos
512 2112 648 2159 Regius
670 2112 707 2148 &
733 2110 962 2148 Francofurt.
1001 2122 1079 2148 non
1109 2119 1165 2148 te-

119 2169 223 2196 mere
246 2169 400 2198 mutem.
429 2161 503 2199 vid.
522 2161 566 2199 ad
591 2161 834 2211 Epist.v1.29.
863 2159 1017 2208 Tragicos
1029 2161 1166 2198 cothur—

119 2222 179 2246 nos
198 2209 289 2248 dixit:
315 2212 428 2249 etiam
462 2212 619 2249 Martial.
648 2224 691 2250 xx
703 2224 733 2250 1.
759 2212 863 2261 Epig.
883 2211 942 2259 96.
970 2212 1009 2249 &
1034 2212 1167 2251 Noster

121 2261 305 2299 11.Trist.
330 2273 413 2311 393.
468 2263 732 2300 BURMANNUS.

171 2313 254 2359 376.
283 2313 432 2361 Versibus
461 2314 479 2349 ἒ
507 2313 667 2364 mediis.]
695 2312 810 2363 [filaus
827 2312 846 2349 *e
876 2312 997 2350 mediis
1015 2313 1165 2363 Regius.

120 2360 252 2410 Lego,
281 2363 431 2412 Lafihas.
459 2363 507 2402 fic
528 2366 636 2402 Pont.
653 2377 704 2401 iv.
729 2365 834 2413 Eleg.
852 2364 917 2402 ult.

171 2417 219 2447 Et
238 2422 300 2448 tua
321 2426 398 2449 cam
409 2415 501 2460 fhcco
524 2415 628 2463 Musa
652 2414 781 2464 Alelisse
802 2415 883 2451 levi.

118 2461 310 2509 Scripserat
338 2463 436 2500 enim
456 2464 592 2501 ludicra
620 2466 782 2512 &jocos
811 2464 985 2503 Melissus.
1019 2474 1062 2504 ut
1089 2467 1163 2506 illic

117 2512 295 2550 dicemus.
325 2511 475 2562 Verfibus
488 2515 506 2550 ‘e
527 2514 666 2551 modicis
685 2516 899 2552 Puteaneus.
927 2516 1073 2564 Reliqui
1087 2518 1164 2565 ple-

117 2563 222 2612 rique
242 2564 374 2610 majori
394 2573 549 2613 exparte
565 2593 574 2608 ‚
596 2562 1163 2614 Verfibasin-mediis.Hizmsrus·

43 2643 45 2650 .
120 2611 202 2659 Ego
220 2612 330 2662 usibus
350 2627 429 2653 non
451 2616 634 2653 tollerem.
668 2615 784 2653 sensus
803 2615 850 2652 est
871 2617 971 2653 enim
982 2628 1026 2653 ex
1038 2618 1166 2655 medio

44 2699 45 2706 ,
121 2662 188 2699 usu
208 2664 244 2701 ὃς
265 2665 528 2703 consuetudine
546 2667 744 2703 hominum
764 2666 1001 2704 comoediam
1022 2665 1092 2704 effe
1114 2669 1168 2706 fa-

44 2722 45 2725 *
119 2712 304 2751 ciendam.
331 2715 423 2763 lasus
440 2717 501 2754 hic
523 2717 613 2754 nihil
634 2718 783 2755 faciunt.
811 2717 858 2755 sic
871 2729 934 2755 111.
948 2717 1058 2755 Trist.
1076 2730 1132 2757 ιν.

173 2761 287 2812 Ufibus
308 2765 427 2804 edane.

126 2825 183 2852 11.
201 2814 288 2852 Fast.
309 2828 390 2864 521.
440 2815 556 2866 Ustbm
575 2818 760 2855 admoniti.

123 2877 188 2902 111.
209 2864 298 2902 Fast.
318 2867 402 2904 666.
430 2869 605 2905 Humanis
621 2868 732 2918 ufibas
750 2879 832 2919 apta
851 2875 962 2908 Ceres.

120 2915 332 2958 Praeterea,
364 2917 477 2964 βακε
500 2917 676 2956 habendas
705 2920 770 2957 eris
800 2932 893 2958 unus
918 2919 1165 2960 Heinfii:e1e-

117 2973 260 3015 gauter..
312 2966 571 3005 BURMANNUS.

177 3017 259 3065 378.
288 3021 493 3053 Extremum
504 3018 566 3065 seu
593 3021 715 3068 trahat
742 3020 799 3059 ille
821 3021 977 3071 pedem]
1006 3023 1165 3072 Magnus

122 3066 184 3104 ille
207 3067 360 3104 Nasonis
393 3069 565 3114 interpres
593 3069 773 3117 Crispinus
807 3074 948 3111 versum
962 3067 1165 3112 ‘catalecti-

124 3129 211 3155 cum
229 3118 419 3166 intelligit,
441 3120 498 3155 cui
520 3129 590 3154 una
613 3118 740 3167 syllaba
756 3122 850 3160 deest
873 3125 908 3161 in
929 3123 1014 3162 fine.
1036 3137 1055 3162 a
1077 3125 1162 3162 Me-

122 3169 199 3206 rula
221 3179 317 3205 certe
339 3167 508 3217 potuisset
529 3168 662 3206 discere
695 3170 869 3210 Scazonta
897 3175 1074 3223 intelligi,
1100 3183 1163 3213 aut

122 3218 325 3267 inspexisset
344 3219 460 3257 modo
482 3219 691 3256 Bersmanni
713 3229 815 3259 notas
829 3250 839 3266 ‚
865 3226 927 3271 qui
955 3226 1052 3262 reete
1074 3227 1164 3262 haec

122 3270 365 3318 explicantem
385 3269 505 3307 laudat
527 3269 749 3307 Politianum
772 3271 809 3307 in
829 3273 1072 3313 Miscellaneis
1087 3287 1165 3323 cap.

123 3332 226 3362 zxrv.
251 3321 312 3361 sed
346 3321 454 3370 Regii
471 3319 604 3359 scilicet
633 3321 684 3359 illi
703 3320 872 3361 doctores
901 3325 1029 3364 omnia
1058 3324 1079 3375 e
1106 3324 1166 3365 sua

2231 1491 2245 1504 θ

2134 1491 2275 1567 Quis

1223 1617 1323 1654 penu
1348 1605 1568 1655 depromere
1587 1613 1724 1645 amant.
1776 1604 2042 1645 BURMANNUS.

1278 1657 1361 1706 380.
1391 1663 1437 1694 Et
1457 1658 1544 1694 levis
1564 1656 1709 1694 arbitrio
1737 1656 1841 1694 >ludat
1866 1659 1980 1694 amica
1995 1655 2096 1706 firm]
2128 1657 2270 1696 Laudat

1224 1707 1377 1756 Regius.
1408 1709 1450 1745 ὃς
1487 1717 1609 1745 cantat
1641 1708 1816 1756 superiori
1853 1708 1970 1746 versu.
2008 1707 2121 1744 audat
2155 1711 2270 1747 etiam

1224 1759 1390 1808 quinque
1409 1760 1479 1796 alii.
1508 1759 1647 1808 plures,
1668 1758 1831 1808 plaudat.
1857 1771 1974 1805 unus,
2001 1757 2132 1797 laudet.
2159 1759 2272 1799 Forte

1224 1808 1471 1847 scribendum:

1274 1864 1320 1896 Et
1341 1860 1427 1897 levis
1444 1859 1589 1897 arbitrio
1601 1859 1754 1909 plaudat
1774 1860 1888 1897 amica
1907 1870 1977 1899 tuo.

1222 1910 1313 1948 Hoc
1333 1911 1380 1948 est
1399 1912 1467 1949 tuis
1489 1911 1670 1949 desideriis
1691 1911 1882 1960 applaudat
1901 1923 2029 1961 aequa.
2057 1911 2274 1952 Hzmsxus:

1223 1962 1326 1999 Nihil
1358 1970 1522 2000 mutem:
1558 1962 1733 2005 licenter,
1760 1970 1799 2000 ut
1830 1962 1941 2006 velit,
1967 1962 2089 2006 ludat,
2117 1965 2270 2002 nemine

1222 2012 1397 2050 obstante.
1423 2012 1471 2050 fic
1501 2012 1674 2050 Tiberius
1694 2013 1751 2062 sui
1780 2012 1922 2049 arbitrii
1950 2011 2053 2050 fuiffe
2083 2013 2215 2051 dicitur
2246 2025 2269 2052 a

1221 2063 1401 2100 Suetonio
1433 2075 1511 2110 cap.
1549 2075 1663 2100 xvm.
1701 2072 1742 2100 ut
1781 2063 1955 2101 Claudius
1988 2063 2093 2100 alieni
2123 2076 2200 2112 cap.
2233 2077 2269 2102 2.

1222 2113 1270 2151 fic
1289 2114 1392 2160 saepe
1413 2114 1547 2162 Vellej.
1574 2114 1804 2158 Paterculus‚
1832 2123 1872 2151 ut
1892 2114 1954 2151 lib.
1977 2126 2032 2151 11.
2059 2126 2113 2160 3¹·
2143 2115 2203 2164 qai
2224 2127 2265 2152 ea

1215 2167 1279 2213 suo
1296 2164 1440 2201 arbitrio
1459 2175 1522 2200 aut
1535 2162 1712 2213 depofituri
1730 2174 1793 2201 aut
1812 2165 1980 2201 retenturi
1991 2164 2212 2201 videbantur.
2226 2167 2266 2202 &

1224 2227 1281 2263 33.
1309 2216 1399 2264 quod
1417 2215 1548 2264 cupisset
1573 2215 1716 2251 arbitrio
1730 2219 1793 2264 sua
1814 2216 1968 2263 sumere,
1997 2215 2108 2251 alieno
2129 2215 2270 2263 depenso]

1222 2278 1285 2303 ret.
1304 2280 1362 2309 -.0·
1380 2266 1535 2302 libertati
1551 2265 1707 2314 publicae
1718 2266 1917 2313 statuturus
1939 2265 2080 2301 arbitrio
2102 2266 2165 2312 fito
2193 2279 2267 2301 mo·

1221 2317 1318 2354 dum.
1347 2317 1481 2354 eodem
1508 2316 1699 2365 modosuo
1712 2318 1792 2365 jure
1821 2317 1909 2366 quid
1937 2317 2054 2353 facere
2085 2315 2264 2359 dicimus,

1220 2367 1266 2405 de
1286 2379 1363 2417 quo
1385 2368 1429 2405 ad
1453 2368 1615 2405 Florum.
1641 2368 1701 2405 lib.
1741 2380 1770 2405 1.
1804 2379 1858 2410 17.
1887 2366 2029 2404 Salmas.
2058 2367 2096 2402 δε
2125 2377 2192 2403 nos
2217 2366 2265 2404 ad

1219 2417 1365 2456 Petron.
1386 2430 1462 2466 cap.
1492 2431 1656 2455 Lxxvm.
1695 2419 1734 2455 &
1763 2417 1808 2455 ad
1844 2417 2023 2465 Quinctil.
2059 2416 2166 2453 Decl.
2194 2428 2268 2456 xn-

1222 2480 1252 2510 1.
1280 2480 1320 2505 ut
1335 2469 1485 2519 plaudat
1507 2478 1582 2506 erat
1600 2470 1634 2505 in
1658 2467 1960 2505 Francofurtenfi.
1990 2467 2118 2503 BuizM.

1272 2520 1354 2567 381.
1383 2526 1464 2556 Non
1484 2519 1526 2566 est
1545 2517 1747 2566 dicendas.]
1779 2524 1858 2554 Non
1879 2517 1922 2564 est
1940 2517 2147 2554 traHanllas
2168 2516 2267 2555 Vos-

1222 2568 1338 2607 smnus
1370 2570 1497 2607 codex.
1524 2569 1627 2618 quod
1652 2581 1727 2605 non
1751 2569 1855 2606 facile
1877 2569 2090 2618 rejecerim:
2118 2569 2265 2616 proprie

1223 2620 1323 2657 enim
1356 2622 1511 2656 tractant
1539 2619 1691 2669 aliquem
1719 2619 1879 2663 Poetae,
1917 2631 2003 2656 cum
2023 2620 2099 2667 ejus
2120 2630 2267 2663 mores,

1220 2671 1412 2719 ingenium
1427 2670 1578 2708 &dotes
1599 2669 1754 2707 versibus
1775 2669 1967 2718 diligenter
1990 2669 2202 2707 describunt.
2214 2670 2266 2708 ita.

1222 2722 1368 2770 egregie
1390 2723 1540 2758 traffare
1553 2720 1728 2768 perfhnam
1749 2722 1785 2757 in
1808 2721 1924 2757 Cicer.
1944 2732 2011 2769 pro
2043 2719 2157 2756 Archi
2187 2731 2268 2768 cap.

1221 2783 1257 2808 2.
1276 2772 1443 2820 exposuit
1462 2769 1678 2809 Passeratius.
1707 2770 1754 2808 fic
1772 2771 1876 2819 saepe
1896 2770 2191 2820 Quimftilianum
2210 2772 2265 2808 uti

1219 2823 1258 2859 δε
1279 2823 1369 2859 alios
1390 2821 1547 2859 vidimus
1575 2821 1620 2858 ad
1650 2821 1749 2859 Fabii
1778 2821 1837 2858 lib.
1872 2834 1902 2858 1.
1930 2821 2181 2870 prooemium.
2200 2820 2263 2859 lib.

1219 2884 1289 2911 vu.
1317 2885 1347 2910 1.
1366 2874 1403 2910 &
1422 2885 1477 2910 χι.
1502 2885 1534 2910 x.
1560 2871 1694 2910 Horat.
1720 2872 1804 2911 Art.
1828 2873 1932 2909 Poet.
1955 2884 2035 2920 ¹49·

1749 2928 1796 2959 Et
1819 2936 1906 2972 quae

1271 2973 1437 3023 Desperat
1455 2975 1608 3010 tractata
1627 2974 1782 3021 nitescere
1791 2973 1875 3023 posse
1895 2972 2074 3023 relinquit.

1222 3023 1280 3062 Sic
1303 3025 1402 3062 idem
1431 3037 1461 3062 1.
1484 3025 1590 3073 Epist.
1613 3037 1726 3062 xvxix.
1750 3037 1807 3069 14.

1272 3081 1396 3112 Partes
1410 3075 1559 3112 mimum
1583 3078 1732 3112 tractare
1743 3075 1926 3124 secundas.

1217 3125 1265 3163 Et
1285 3127 1334 3163 ita
1350 3138 1440 3163 mox
1462 3127 1594 3164 Noster
1608 3154 1617 3169 ‚
1630 3136 1743 3175 partes
1760 3137 1969 3175 peragentem
1992 3121 2135 3159 Thaida
2163 3121 2263 3163 dicia*

1217 3187 1352 3223 quare,
1381 3189 1451 3224 ego
1476 3178 1682 3213 tractandas
1706 3178 1749 3214 ab
1769 3177 1844 3224 ipso
1870 3173 2011 3210 Ovidio
2034 3171 2169 3210 fluxisse
2191 3186 2261 3222 pu.-

1218 3227 1408 3262 momnia
1420 3239 1508 3263 vero
1528 3229 1588 3264 liic
1606 3229 1758 3264 nomina
1773 3254 1782 3267 ‚
1800 3222 1971 3266 Achilles,
1998 3222 2260 3269 Andromache,
2299 3224 2309 3227 ’

1222 3274 1327 3310 Thais
1346 3277 1521 3323 capienda
1543 3289 1608 3324 pro
1628 3276 1808 3324 personis,
1835 3285 1922 3320 quas
1942 3273 2076 3310 Poetae
2092 3274 2183 3321 ipsos
2197 3275 2261 3322 ju-

1221 3325 1308 3365 bent
1327 3337 1455 3375 agere:
1478 3335 1519 3365 ut
1536 3328 1585 3365 ita
1600 3326 1738 3364 comicos
1759 3325 1796 3360 δε
1818 3323 1970 3371 Tragicos
1989 3323 2158 3362 homines
2189 3324 2262 3362 dici

1695 3376 1730 3413 A
1744 3385 1764 3412 a
1777 3385 1796 3412 a
1807 3385 1826 3412 a
1837 3385 1857 3412 a
1884 3385 1906 3423 2.
2146 3374 2271 3421 estere:
