2553 3676
649 181 1349 245 'HEROIDES

1423 203 1454 238 E
1491 205 1533 239 P.
1609 204 1690 242 VI.

258 312 352 362 135
391 283 635 347 Prodidit
655 280 739 332 illa
761 289 993 350 patrem:
1034 274 1182 345 rapui
1208 273 1276 327 de
1300 273 1465 329 caede
1486 274 1753 329 Thoanta,

455 351 699 412 Deseruit
721 348 986 404 Colchos:
1026 364 1115 400 me
1142 363 1259 399 mea
1282 345 1523 401 Lemnos
1548 347 1721 401 habet.

391 428 538 503 Quid
562 423 754 486 refert,
789 421 1037 476 scelerata
1056 418 1199 490 piam
1220 417 1258 470 fi
1279 418 1473 481 Vincit,
1510 419 1564 471 &
1587 419 1701 489 ipso

459 497 701 554 Crimine
726 494 907 548 dotata
931 491 1031 554 est,
1069 490 1403 562 emeruitque
1426 491 1631 543 virum?

389 568 749 630 Lemniadum
771 566 972 621 facinus
997 563 1183 634 culpo,
1220 580 1331 615 non
1355 562 1548 626 miror,
1583 561 1750 617 Iason.

252 668 348 718 140

457 640 766 715 Quamlibet
792 638 934 693 iratis
956 636 1064 708 ipse
1087 635 1176 688 dat
1202 653 1343 688 arma
1366 635 1538 689 dolor.

392 718 498 774 Dic
523 732 645 786 age,
685 712 721 766 fi
743 712 914 765 ventis
941 712 1032 778 (ut
1057 706 1330 779 oportuit)
1357 706 1498 761 affius
1522 707 1716 779 iniquis

464 784 699 843 lntrass'es
721 798 935 856 portus,
972 794 1139 853 tuque
1164 797 1481 852 comesque,
1517 797 1699 841 meos;

392 862 673 932 Obviaque
698 856 942 918 exulem,
977 853 1128 906 foetu
1152 852 1402 908 comitata
1428 852 1682 922 gemello:

458 938 479 1004 (
492 932 718 988 Hiscere
741 946 935 1000 nempe
958 925 1055 979 tibi
1077 937 1216 979 terra
1234 925 1478 996 roganda
1499 922 1694 989 foret.)

108 1136 274 1189 videtur,
299 1149 341 1180 ut
363 1141 400 1180 ὃς
421 1136 634 1178 Gebhardus
654 1135 734 1186 jam
763 1132 921 1171 monuit.
950 1130 1140 1169 Orientius

108 1194 415 1236 Commonitorio
428 1205 436 1229 :
922 1231 929 1237 Α

160 1245 321 1293 Coniugis
338 1241 544 1292 implicitum
565 1239 720 1275 detentat
737 1247 819 1272 cura
838 1241 1030 1278 maritum,

210 1284 325 1332 Solum
346 1293 427 1329 vult
444 1290 563 1328 coelebs
581 1286 747 1336 emeruisse
768 1291 895 1322 Deum.

109 1347 241 1389 Amor.
259 1345 319 1382 lib.
342 1356 396 1379 11.
416 1341 471 1379 El.
493 1353 583 1377 vm.
600 1351 659 1385 24.

159 1403 271 1433 Unum
288 1393 329 1441 est
347 1393 364 1429 ἒ
383 1391 530 1428 dominis
547 1386 713 1436 emeruisse
721 1385 823 1436 satis.

107 1447 166 1486 Sic
186 1444 387 1484 constanter
403 1443 482 1480 libri
501 1449 653 1478 veteres.
674 1436 784 1475 Trist.
810 1447 866 1472 1v.
886 1433 942 1472 El.
966 1436 1056 1472 vim

157 1514 212 1549 At
229 1523 289 1546 vos
308 1505 479 1545 admoniti
497 1503 613 1550 nostris
631 1513 760 1552 quoque
781 1497 907 1548 cafibus
923 1496 982 1544 este

209 1564 430 1609 Aequantem
442 1556 574 1604 superos
593 1549 760 1600 emeruisse
780 1551 914 1586 virum.

108 1623 166 1662 Ita
194 1623 232 1659 &
258 1622 329 1658 illic
357 1618 443 1656 editi
460 1628 502 1653 ac
520 1616 638 1663 scripti
654 1614 731 1662 pati
752 1608 937 1648 consensu.
956 1607 1038 1644 Art.
1055 1605 1145 1643 Am.

116 1685 172 1711 11.
195 1683 241 1708 ex
261 1669 440 1706 veteribus
460 1666 575 1703 libris:

164 1740 236 1770 Nec
256 1732 318 1768 tibi
328 1730 377 1781 fit
388 1730 506 1779 servos
527 1725 694 1775 emeruisse
705 1724 827 1775 pudor.

111 1795 241 1834 Mereri
261 1805 412 1843 quoque
442 1804 508 1840 pro
529 1790 691 1826 demereri
717 1788 884 1826 dicebant
897 1814 906 1830 ‚
929 1785 975 1822 de
992 1795 1069 1833 quo
1089 1783 1153 1820 vi-.

110 1845 249 1883 dendus
280 1844 410 1881 Noster
443 1841 656 1879 Gronovius
683 1838 729 1875 ad
752 1839 912 1875 Senecae
934 1833 1091 1883 Hippoi.
1111 1843 1149 1870 v.

114 1897 198 1946 632.
227 1894 433 1931 HE1Ns1us.

169 1958 247 1993 140.
276 1943 458 1993 Qaelibet
478 1938 614 1989 iratis]
639 1938 711 1976 Alii
727 1937 809 1975 libri
828 1933 1014 1985 Qodlibet
1032 1934 1080 1970 ad
1089 1934 1151 1980 sa-

116 1996 234 2040 cinus,
260 1996 318 2032 vel
345 1992 526 2042 Qcaelibet
550 1990 598 2026 ad
615 1989 769 2037 facinus.
798 1987 869 2025 Sed
893 1985 991 2024 re<9ce
1020 1985 1153 2021 Putea-

115 2058 206 2092 neus
218 2073 227 2088 ,
246 2044 445 2093 Qamlibet
463 2043 574 2078 iratis.
593 2041 671 2089 Qui
691 2038 871 2088 loquendi
890 2036 1023 2074 modus
1043 2034 1152 2072 unice

120 2098 159 2134 in
189 2095 320 2133 deliciis
349 2094 396 2131 est
422 2093 583 2134 Nasoni,
610 2091 670 2128 sed
698 2098 737 2128 ut
757 2089 956 2138 plurimum
981 2085 1001 2123 ὲ
1026 2085 1153 2132 vulga-

120 2147 163 2185 tis
183 2146 276 2183 libris
298 2156 359 2194 per
378 2143 521 2182 inscitos
535 2141 697 2180 librarios
711 2138 823 2189 juffus
843 2137 1000 2175 exulare.
1026 2135 1150 2184 supra,

124 2206 214 2234 VCYS.
265 2225 273 2234 .

171 2208 370 2295 Qcimlibet
388 2243 529 2294 adverso
538 2241 693 2293 stgnetur
710 2239 841 2292 epistola
857 2249 974 2279 vento.

121 2298 277 2347 Epistola
296 2297 474 2334 Canaces:
679 2326 681 2329 .

171 2354 328 2398 Urnaque
346 2361 403 2383 nos
420 2345 544 2382 habeat
562 2342 753 2396 quamlibet
770 2344 868 2380 arna
887 2341 979 2380 duos,

123 2399 254 2437 Amor.
272 2399 331 2435 lib.
355 2410 384 2434 1.
404 2398 460 2434 El.
481 2410 550 2433 vu.
565 2396 623 2431 66.

173 2448 374 2497 §Quamlibet
389 2447 547 2495 infirmas
564 2446 718 2494 adjuvat
735 2444 790 2481 ira
808 2456 947 2482 manu&

122 2500 203 2538 Art.
223 2501 309 2536 Am.
330 2499 389 2535 lib.
418 2511 470 2535 11.

177 2548 378 2597 Qamlibet
400 2547 554 2584 inventis
571 2549 653 2583 a‘e'ra
674 2554 767 2594 carpe
787 2544 882 2583 meis.

126 2601 209 2637 Lib.
234 2610 312 2636 111.
335 2611 416 2647 312.

179 2650 381 2698 ‹Qamlibet
400 2647 560 2698 admissas
580 2647 750 2684 detinuere
766 2655 870 2685 rates.

130 2700 179 2737 Et
199 2712 286 2737 mox
302 2728 311 2743 ‚
343 2699 423 2747 578.

182 2750 379 2797 Qamlibet
396 2751 558 2786 extinbios
577 2747 709 2798 injuria
719 2746 866 2796 suscitat
886 2746 989 2795 ignesss

135 2798 183 2835 Et
199 2800 315 2847 postea
329 2829 339 2843 ,
365 2802 448 2836 62.

189 2853 233 2883 Et
251 2850 341 2885 cedat
358 2850 436 2886 [εέἶο
455 2849 643 2900 quamlibet
663 2862 763 2898 aegra
776 2848 853 2897 suo.

136 2898 290 2935 Remed.
313 2900 439 2937 Amor.
464 2902 545 2949 364.

190 2948 388 3002 Qamlibet
409 2950 604 2998 impugnent
623 2963 712 2986 unus
733 2959 777 2988 ω’
795 2947 885 2985 alter
903 2956 995 2997 opus.

136 2999 263 3046 Elegia
282 2996 326 3033 de
349 2999 472 3035 Nuce:

140 3069 144 3072 ⁴
193 3053 224 3083 T
222 3057 326 3093 angat
345 3057 383 3081 ut
402 3059 443 3085 ω’
462 3049 580 3092 multis
599 3049 788 3099 quamlibet
803 3062 874 3085 una
883 3046 1002 3097 suam.

144 3098 187 3136 In
209 3097 309 3133 lbide
324 3124 333 3136 ‚
364 3099 443 3144 361.

194 3145 395 3195 §Quamlibet
413 3158 456 3185 <f
473 3145 587 3194 misem
604 3149 733 3186 debitus
751 3149 849 3197 hostis
869 3163 934 3189 ero.

145 3198 232 3237 Fast.
261 3209 311 3233 11.
335 3208 414 3239 70..

195 3246 423 3284 ——Stricio
442 3244 630 3297 quamlibet
645 3246 715 3294 ense
726 3248 833 3293 furit,

2105 990 2234 1063 Quo

1196 1126 1304 1166 Trist.
1320 1127 1381 1166 lib.
1405 1139 1437 1167 1.
1457 1127 1513 1166 El.
1536 1128 1593 1165 112¹

1248 1178 1454 1227 Qamlibet
1470 1181 1487 1216 e
1505 1176 1663 1216 minimis
1683 1173 1801 1214 domui
1811 1171 1846 1224 fi
1853 1171 2019 1221 favimus
2035 1169 2103 1209 illi.

1197 1228 1456 1328 Elssssiaxmlibet
1472 1279 1585 1329 invisi>
1605 1278 1734 1329 Caesar
1753 1277 1791 1314 in
1812 1274 1898 1323 hoste
1911 1272 2050 1324 probat.
2102 1324 2106 1327 ι

1198 1330 1400 1430 ΕΙὸὶξᾷραί
1418 1381 1552 1431 egreffizs
1569 1378 1758 1429 quamlibet
1774 1386 1855 1414 ante
1870 1386 1976 1414 rates.

1199 1431 1309 1469 Pont.
1327 1432 1385 1469 lib.
1405 1444 1468 1469 111.
1492 1431 1545 1469 El.
1572 1443 1628 1468 1v.

1249 1481 1455 1530 Qamlibet
1472 1482 1631 1519 invitum
1650 1479 1890 1528 difficilemque
1911 1485 2042 1514 tenent.

1200 1533 1280 1570 Lib.
1306 1544 1363 1569 xv.
1386 1533 1439 1569 hl.
1464 1545 1520 1570 iv.

1251 1581 1456 1631 Qamlibet
1475 1582 1647 1631 absentem
1664 1580 1736 1632 qud
1751 1579 1879 1630 possum
1903 1587 2016 1615 mente
2032 1576 2169 1615 videbo:

1200 1631 1249 1670 Et
1265 1634 1350 1670 alibi
1368 1633 1507 1681 paffim.
1535 1633 1639 1669 Loca
1663 1631 1763 1679 plura
1780 1628 1943 1676 adscripfi
1954 1656 1964 1669 ‚
1980 1628 2084 1676 quod
2101 1639 2143 1664 ea
2165 1632 2246 1664 mae'

1196 1683 1271 1732 jori
1302 1695 1346 1720 ex
1371 1691 1471 1731 parte
1502 1681 1676 1720 mendosa
1703 1681 1740 1716 in
1762 1679 1916 1727 vulgatis
1934 1677 2028 1714 libris
2048 1678 2246 1714 circumfe—

1201 1742 1335 1770 rantur.
1361 1734 1489 1771 auetor
1512 1731 1836 1770 Monostichorum
1858 1728 1904 1765 de
1926 1728 2095 1765 Moribus
2115 1728 2154 1764 in
2173 1727 2246 1765 Ca-

1201 1783 1338 1820 taleffls
1358 1783 1525 1821 Pithoei:

1254 1833 1460 1881 Qamlibet
1480 1834 1652 1881 ignavum
1667 1830 1760 1878 facit
1779 1827 1972 1876 indignatio
1983 1829 2124 1874 fhrtem.

1206 1883 1264 1921 Sic
1283 1887 1322 1921 ὅ(
1340 1884 1389 1921 ibi
1408 1884 1647 1921 scribendum.
1669 1882 1878 1918 Hnmsius.
1905 1879 2075 1918 Francius
2095 1890 2174 1917 non
2192 1879 2248 1917 in·

1207 1935 1390 1973 concinne
1413 1934 1653 1984 conjiciebat:

1259 1995 1465 2042 Qcamlibet
1483 1995 1585 2031 iratis
1595 1993 1688 2044 justa
1708 1993 1771 2030 dat
1790 2005 1892 2030 arma
1912 1992 2017 2030 dolor.

1211 2055 1380 2095 Schottus
1399 2069 1489 2095 vero
1506 2055 1568 2094 lib.
1582 2069 1596 2094 1
1609 2068 1638 2095 1.
1660 2055 1882 2101 Observ.47.
1901 2054 1989 2093 dicit
2007 2053 2042 2092 se
2062 2055 2100 2094 in
2120 2055 2251 2095 codice

1210 2106 1290 2143 MS.
1310 2106 1497 2155 reperifi‘e:

1260 2169 1448 2218 Qodlibet
1467 2171 1515 2207 ad
1523 2172 1666 2219 facinus
1683 2170 1747 2222 ipse
1765 2170 1828 2208 dat
1847 2183 1950 2209 arma
1970 2169 2074 2209 dolor.

1210 2233 1328 2281 Quod
1354 2235 1392 2271 ὃς
1426 2235 1463 2272 in
1492 2235 1654 2283 plurimis
1690 2234 1847 2272 Heinsio
1873 2234 2039 2283 inspeetis
2067 2241 2174 2272 extat.
2211 2235 2249 2270 in

1210 2296 1287 2321 uno
1309 2285 1419 2321 etiam
1441 2298 1507 2334 pro
1524 2285 1639 2330 dolor,
1667 2286 1715 2322 est
1727 2287 1831 2333 furor
1840 2300 1850 2329 ;
1874 2297 1944 2323 nec
1960 2286 2034 2322 hoc
2055 2286 2169 2322 male:
2195 2283 2252 2319 ira

1212 2337 1312 2373 enim
1329 2337 1432 2381 furor
1453 2335 1567 2372 brevis
1585 2336 1647 2373 est.
1675 2336 1723 2373 fic
1743 2336 1874 2384 Virgil.
1896 2349 1927 2374 1.
1945 2335 2102 2373 Aeneid.
2125 2346 2204 2381 154.

1508 2406 1617 2437 Furor
1632 2413 1734 2437 arma
1755 2399 1942 2447 ministrat.

1214 2463 1327 2513 Apud
1353 2476 1465 2513 quem
1496 2466 1607 2502 etiam
1636 2462 1771 2501 eodem
1804 2462 1896 2499 libro
1926 2473 1962 2498 v,
1993 2471 2072 2509 594.
2100 2459 2253 2509 quidam

1217 2515 1361 2552 codices
1384 2544 1394 2559 ,
1423 2516 1499 2565 quis
1526 2515 1713 2551 indomitas
1742 2522 1863 2548 tantus
1881 2511 1984 2557 saror
2010 2510 2138 2546 excitat
2160 2511 2254 2554 iras,

1218 2566 1358 2602 cumin
1378 2567 1453 2602 aliis
1473 2565 1513 2602 fit
1535 2564 1650 2600 dolor.-
1680 2564 1718 2599 &
1744 2561 1840 2610 apud
1869 2560 1995 2598 Senec.
2020 2561 2135 2599 Heic.
2166 2560 2256 2598 Oet.

1217 2626 1301 2664 233.
1321 2627 1365 2654 ex
1389 2616 1603 2652 Florentino
1620 2613 1769 2651 codice:

1271 2685 1300 2715 O
1321 2693 1427 2729 quam
1450 2688 1609 2715 cruentus
1619 2677 1774 2725 feminas
1784 2674 1948 2723 stimulat
1957 2676 2085 2724 furor!

1219 2743 1346 2791 Vulgo
1377 2743 1480 2779 dolor.
1510 2744 1547 2779 δε
1575 2742 1624 2778 ita
1646 2739 1742 2788 apud
1763 2740 1904 2776 Lucan.
1921 2750 1983 2776 vr,
2006 2737 2089 2775 228.
2114 2738 2153 2775 &
2175 2738 2259 2775 No·-

1219 2793 1329 2830 strum
1362 2805 1422 2830 v1.
1453 2795 1608 2830 Metam.
1637 2791 1721 2828 280.
1745 2791 1814 2828 hae
1841 2800 1953 2827 voces
1971 2802 1991 2827 a
2009 2790 2156 2828 librariis
2176 2801 2258 2838 per-

1221 2852 1395 2880 mutatae.
1422 2844 1682 2879 BunMANNus.

1278 2905 1355 2941 143.
1384 2892 1604 2941 Comitata]
1641 2891 1857 2929 Πκθκτικῐέε.
1886 2891 2102 2928 CiorANus.
2142 2888 2261 2926 Comi-

1224 2954 1322 2980 tante
1350 2945 1550 2980 l'utcaneus
1580 2943 1616 2979 &
1637 2942 1802 2979 nonnulli
1826 2942 1897 2979 alii.
1924 2941 2072 2979 Frustra.
2097 2941 2162 2988 Ep.
2180 2951 2259 2975 xv1.

1228 3005 1308 3042 113.
1347 2994 1385 3030 ὃς
1418 3006 1473 3031 11.
1503 2993 1591 3030 Fast.
1618 2994 1701 3040 463.
1739 2993 1917 3028 Comitata
1946 2991 2114 3040 Cupidine
2134 2999 2259 3037 parvo,

1227 3055 1307 3081 111.
1329 3044 1416 3081 Fast.
1435 3045 1520 3092 603.
1538 3042 1609 3079 Solo
1625 3043 1806 3079 comitatus
1826 3044 1972 3079 Achate.
1998 3053 2052 3079 lv.
2074 3040 2159 3076 Fast.
2175 3050 2263 3087 425,

1225 3094 1403 3131 Comitata
1418 3094 1561 3143 puellis,
1586 3095 1622 3130 δί
1644 3094 1737 3130 alibi.
1767 3095 1976 3130 Hrixsxus.

1282 3157 1359 3189 144.
1390 3144 1548 3193 Nonne]
1580 3150 1706 3192 Nempe
1725 3144 1839 3192 scripti
1864 3145 1937 3180 fere
1957 3151 2096 3179 omnes.
2116 3137 2251 3175 Hrms

1228 3195 1337 3233 Barth
1367 3195 1411 3232 ad
1431 3198 1515 3233 Stat.
1541 3207 1574 3231 v.
1595 3194 1718 3231 Theb.
1738 3207 1820 3240 472.
1842 3194 1978 3231 scribit:
2009 3189 2129 3236 Syntia
2152 3200 2267 3225 nonne

1231 3246 1318 3295 (vel
1336 3246 1469 3294 Synteis
1485 3246 1598 3295 anne)
1618 3244 1681 3282 tibi
1699 3255 1791 3280 terra
1810 3243 1959 3291 roganda
1970 3243 2074 3289 foret.

1721 3296 1754 3331 L
1784 3304 1801 3340 3
2087 3290 2167 3338 146.
2194 3294 2280 3340 Perz‘
