2553 3676
545 176 1171 248 ,AMO'RUM
1244 195 1418 234 LIB.

354 278 503 349 Ergo
528 276 728 336 Amor,
768 269 824 322 &
850 265 1130 321 modicum
1160 267 1301 320 circa
1325 285 1445 321 mea
1469 281 1711 341 tempora
1735 274 1918 331 vinum

1491 181 1528 235 Ῑ.
1606 190 1653 238 6.
2099 207 2197 258 347

435 348 658 402 Mecum
680 340 781 404 est,
822 338 1118 393 &madidis
1144 338 1284 412 lapsa
1302 357 1502 395 corona
1526 343 1709 396 comis,

361 422 527 475 Arma
550 415 665 487 quis
688 414 816 466 haec
843 412 1057 478 timeat?
1098 411 1214 483 quis
1238 428 1350 464 non
1374 425 1458 464 eat
1485 414 1669 468 obvius
1696 416 1825 470 illis?

253 511 325 564 40

430 489 705 558 Tempora
729 484 899 539 noctis
926 497 1083 539 eunt:
1124 496 1319 538 excute
1343 483 1491 554 poste
1511 484 1695 540 seram.

357 563 564 617 Lentus
590 559 675 613 es?
717 576 783 612 an
806 558 1019 612 somnus
1046 560 1068 627 <
1080 557 1173 629 qui
1195 557 1247 610 se
1272 556 1407 610 male
1429 556 1648 628 praebet
1676 560 1904 628 amanti)

417 631 599 687 Verba
624 631 714 684 dat
738 631 792 684 in
815 644 1004 685 ventos
1028 648 1152 683 aure
1176 629 1377 700 repulsa
1403 630 1525 683 tua?

355 706 433 760 At
460 705 748 774 (memini)
786 704 991 775 prium,
1029 719 1154 755 cum
1178 715 1233 755 te
1261 702 1432 755 celare
1459 701 1719 767 solebam,

425 777 660 847 Pervigil
681 778 737 830 in
761 777 968 830 mediae
993 774 1160 828 sidera
1184 773 1352 827 noctis
1380 792 1510 828 eras.

245 869 314 919 45
351 848 589 903 Forsitan
615 850 670 902 ὅε
695 863 876 902 tecum
901 861 990 901 tua
1014 864 1156 900 nunc
1183 845 1466 918 requiescit
1490 847 1672 900 amica.

423 920 558 975 Heu
581 921 772 975 melior
795 933 997 994 quanto
1019 919 1127 972 sors
1156 931 1244 972 tua
1269 918 1409 972 sorte
1434 921 1579 971 mea!

352 993 674 1048 Dummodo
698 993 765 1047 fic
782 1034 797 1057 ‚
835 995 890 1048 in
913 1011 1000 1047 me
1025 991 1188 1045 durae
1214 990 1425 1044 transite
1449 1003 1686 1043 catenae.

420 1066 699 1140 Tempora
723 1066 893 1123 noctis
916 1077 1070 1121 eunt:
1112 1076 1306 1119 excute
1332 1061 1478 1136 poste
1503 1062 1685 1118 seram.

22 1161 25 1192 i
42 1170 56 1182 a

18 1258 25 1321 1Ι
55 1275 195 1315 laudem
222 1287 285 1326 per
308 1283 493 1314 aeternam
524 1279 691 1327 explicat.
720 1278 827 1316 &ita
846 1278 922 1316 fere
941 1276 1094 1325 semper.

0 1325 24 1370 ,ῖὲ
58 1328 133 1366 vid.
161 1327 205 1365 ad
232 1328 292 1365 lib.
324 1339 354 1364 1.
379 1327 500 1364 Theb.
530 1329 615 1377 638.
641 1332 679 1368 ὃ(
710 1342 772 1366 111.
807 1341 885 1375 114.
914 1326 1030 1377 poss‘et
1055 1329 1094 1365 δε

0 1399 24 1436 Ι
57 1379 196 1426 exponi
216 1377 454 1426 longa'catena
467 1406 479 1421 ‚
507 1390 600 1426 quae
621 1379 744 1418 multis
762 1380 918 1417 articulis
940 1390 1035 1415 nexa
1055 1379 1094 1415 ὃς

0 1437 24 1475 ι]
57 1428 144 1466 serie
171 1429 283 1465 ferrea
307 1427 366 1464 est.
392 1436 431 1465 ut
452 1429 501 1465 ita
520 1427 629 1479 longos
645 1430 775 1480 gradus
794 1429 885 1468 dixit
906 1442 976 1466 vn.
998 1430 1093 1466 Met.

21 1483 25 1516 i
59 1479 142 1528 587.
176 1480 215 1516 ὃς
241 1479 365 1528 paffim
393 1478 487 1527 longo
514 1481 632 1518 ordine
650 1511 661 1527 ,
697 1480 845 1529 agmine.
880 1480 926 1518 de
957 1481 1006 1525 τῷ
1026 1492 1092 1515 un-

56 1542 163 1580 quam
207 1529 293 1567 vide
321 1529 367 1566 ad
399 1530 579 1577 Quinctil.
613 1545 683 1569 xxx.
721 1532 834 1569 Iustit-
862 1544 894 1568 2.
921 1530 1093 1567 Francius

57 1579 279 1628 corrigebat,
296 1577 345 1628 fic
361 1578 442 1615 olim
457 1607 467 1623 ,
497 1581 576 1625 vel,
594 1583 747 1618 tandem.
776 1582 1040 1619 BURMANNUS.

104 1631 165 1667 26.
193 1629 339 1678 Serum]
375 1629 488 1665 servis
512 1643 691 1679 congruens
709 1643 752 1670 ω’
770 1640 862 1680 apta.
886 1631 984 1666 Servi
998 1630 1092 1667 enim

16 1659 24 1736 'i
53 1680 147 1730 apud
166 1681 308 1727 majores
336 1692 466 1729 aquam
489 1690 633 1718 tantum
652 1682 823 1718 bibebant.
851 1681 1022 1719 Eusebius
1048 1681 1092 1717 li-

53 1730 120 1768 bro
148 1730 374 1768 duodecimo
405 1730 449 1766 de
483 1732 702 1780 Evangelica
732 1733 894 1780 Praepar.
924 1744 998 1780 cap.
1034 1742 1090 1777 17.

52 1780 212 1819 Platonis
234 1781 342 1817 verba
364 1781 544 1825 referens,
571 1784 710 1831 inquit,
739 1783 777 1818 in
807 1783 952 1818 civitate
972 1792 1090 1818 autem

0 1826 10 1872 i
46 1830 159 1881 servis
177 1843 360 1880 nunquam
382 1830 460 1865 vini
484 1831 562 1878 usus
590 1833 814 1868 concedendus
831 1833 885 1879 est.
912 1834 1090 1870 MARms.

0 1881 13 1918 i,
56 1881 153 1919 Vide
181 1881 226 1918 ad
253 1882 400 1918 Petron.
428 1892 506 1930 cap.
531 1894 632 1919 txm.
666 1883 744 1919 Cito
782 1895 913 1931 aquam
945 1882 1090 1919 liberam

0 1929 9 1966 l
52 1930 248 1982 gustabunt.

0 1993 8 2003 ¹
105 1994 163 2026 27.
191 1987 359 2019 Orantem
386 1981 617 2036 nequicquam¹
646 1984 781 2032 janitor
811 1983 959 2031 audis.]
1000 1984 1092 2021 Scri·

0 2046 9 2066 z:
55 2031 217 2069 bendum
237 2033 382 2081 opinor,
392 2034 485 2070 audi.
505 2045 544 2071 ut
564 2034 605 2071 fit
625 2036 867 2072 vociferantis.
886 2047 971 2072 nam
991 2034 1093 2070 audit

2 2090 6 2099 ¹
53 2082 105 2120 est
132 2083 169 2119 in
194 2095 269 2120 uno
299 2085 450 2121 Moreti.
481 2085 689 2122 l-lfimsius.
730 2086 828 2123 Nihil
858 2085 1092 2122 mutandum.

55 2138 193 2169 Ferreus
212 2133 313 2170 audis
326 2162 336 2178 ‚
365 2134 401 2171 id
420 2134 467 2171 est
486 2136 664 2172 immotus
677 2164 686 2180 ‚
715 2138 805 2174 nihil
825 2148 949 2173 curans
969 2147 1093 2184 preces

3 2195 9 2222 ·,
58 2194 157 2221 meas
171 2211 181 2227 ,
209 2184 308 2221 audis
327 2184 479 2233 quidem
494 2214 504 2229 ‚
531 2186 591 2224 sed
609 2186 708 2235 quasi
728 2186 747 2224 ὲ
775 2188 871 2226 ferro
893 2185 979 2224 effes
994 2198 1093 2232 ‚non

58 2236 229 2272 moveris.
252 2235 384 2272 Horat.
408 2248 438 2272 1.
461 2236 535 2273 Od.
560 2248 643 2273 xxv.

0 1517 2 1527 r

0 1548 7 1556 x

0 1559 9 1568 ι

0 1589 10 1631 l

231 2313 348 2349 Audis
366 2313 483 2350 minus
497 2342 506 2358 ,
534 2326 577 2354 (φ’
595 2315 712 2352 minus
722 2299 801 2365 jam
814 2343 826 2362 ,

156 2369 292 2401 Metuo
308 2363 423 2414 longas
435 2374 595 2414 pereunte
613 2369 721 2403 nobles
732 2396 743 2412 ‚

406 2416 522 2464 Lydia
539 2417 678 2454 dormis.
730 2418 990 2455 Bummnus.

80 2539 83 2541 .
112 2503 168 2542 31.
193 2494 291 2543 Quid
305 2495 437 2541 faceres
457 2494 577 2543 hosti.]
609 2496 762 2545 Legitur
782 2498 843 2540 &‚
855 2496 988 2543 facies,
1017 2497 1093 2533 for-

57 2543 142 2583 tafl'e
164 2547 302 2583 melius.
329 2554 369 2582 ut
384 2545 480 2593 apud
499 2546 844 2594 'serentii11n,‹;Qid
861 2547 950 2582 mihi
968 2546 1094 2592 hicfa-

58 2594 121 2632 aies
129 2596 221 2644 patri
236 2612 246 2632 .-
264 2595 432 2644 opposuit
451 2606 574 2633 autem
594 2597 686 2635 hosti
702 2607 899 2635 amantem.
914 2598 1093 2634 Mimos.

58 2644 188 2695 Profint
208 2655 276 2684 tres
302 2647 430 2694 scripti.
458 2648 574 2693 facias
605 2659 670 2696 pro
689 2648 798 2694 facies
818 2650 910 2686 bene
931 2649 1092 2695 optimus

56 2694 245 2734 Palatinus.
270 2706 340 2735 tres
359 2697 440 2741 alii,
461 2698 601 2744 faceres.
628 2698 727 2746 hostis
746 2700 857 2738 etiam
878 2700 1092 2738 Puteaneus.

26 2770 27 2794 Ι
61 2745 222 2784 Catullus
242 2759 334 2786 txu.
355 2759 413 2798 23.

110 2821 210 2871 Qid
224 2823 360 2869 faciant
377 2824 479 2873 hostes
498 2835 595 2876 capta
617 2826 790 2871 crudelius,
799 2826 907 2865 urbe?

28 2900 29 2911 ¹
61 2886 276 2924 Hitmsms.
302 2887 389 2925 Vid.
408 2890 515 2937 Epist.
535 2903 613 2928 xm.
637 2893 693 2940 56.

104 2949 169 2993 35.
197 2943 390 2985 Nunquam
420 2939 592 2977 dimittere
610 2941 780 2991 postam]
822 2941 1006 2991 Nusquam
1037 2941 1091 2977 di-

63 2998 198 3035 mittere
216 2986 341 3035 poffum
369 2988 548 3026 meliores.
579 2992 705 3041 Lege,
727 2992 852 3041 poffim.
880 2994 1091 3030 Hemsms.

28 3070 29 3074 ,
61 3038 251 3074 Demittere
274 3039 382 3074 etiam
401 3040 588 3084 nonnulli,
614 3042 673 3081 sed
691 3043 776 3081 vide
794 3044 840 3082 ad
862 3044 924 3081 lib.
949 3055 981 3082 1.
1006 3044 1092 3081 Me-

61 3094 147 3126 tam.
168 3100 250 3130 zoo.

113 3150 170 3188 37.
198 3139 340 3175 Circum
365 3151 440 3174 mea
468 3145 616 3185 tempora
636 3142 801 3193 vinum]
830 3144 935 3182 Circa
958 3146 1093 3183 Putea-

61 3198 161 3227 neus.
181 3188 317 3226 Tibuli.
352 3202 382 3226 1.
409 3188 462 3226 El.
493 3200 536 3226 11.
565 3200 598 3238 3.
626 3192 741 3229 Multo
765 3195 919 3245 perfusus
945 3206 1096 3246 tempora

64 3238 200 3284 Baccho.
229 3240 443 3278 HEXNSIUS.

1905 1133 2152 1190 Fallimur
2167 1138 2186 1190 ?

1202 1275 1260 1324 38.
1290 1279 1429 1312 Mecum
1457 1273 1537 1323 est.]
1567 1273 1621 1311 Ita
1649 1273 1779 1310 Livius
1801 1271 1863 1310 lib.
1893 1284 1947 1309 1v.
1980 1284 2037 1321 32.
2069 1279 2189 1311 Secum

1149 1325 1359 1374 triumphos,
1379 1328 1495 1374 secum
1505 1323 1615 1374 spolia
1633 1351 1643 1368 ,
1663 1328 1781 1372 secum
1800 1322 1985 1359 vic‘ioriam
2004 1323 2059 1372 effe
2069 1339 2078 1367 ;
2111 1338 2191 1361 cum

1149 1375 1294 1422 hostibus
1312 1376 1420 1426 scelus
1446 1387 1517 1416 &²6.
1546 1378 1584 1413 ὅ(
1600 1375 1660 1414 lib.
1681 1387 1764 1412 XXX.
1788 1386 1846 1424 33.
1877 1373 2022 1411 Vic‘Zoria
2043 1374 2086 1422 cst
2112 1388 2191 1412 cum

1149 1428 1283 1463 Poenis.

1196 1491 1254 1524 41.
1284 1484 1410 1514 Lentus
1438 1491 1470 1514 es
1490 1487 1505 1516 ,ἓ
1539 1489 1586 1513 an
1600 1477 1744 1524 somnus
1765 1503 1774 1519 ‚
1811 1475 1871 1526 qui
1893 1485 1924 1511 te
1943 1475 2034 1511 male
2049 1475 2190 1524 praebet

1146 1528 1323 1577 amanti]
1346 1528 1466 1565 Scribe
1479 1555 1489 1570 ‚
1510 1526 1619 1577 quise
1638 1526 1729 1564 male
1739 1526 1876 1576 praebet
1898 1526 2047 1561 amanti.
2076 1534 2188 1575 atque

1146 1579 1193 1616 ita
1221 1579 1338 1616 codex
1358 1579 1540 1621 Douzae,
1569 1579 1607 1614 &
1638 1578 1810 1619 Sarravii,
1839 1578 1877 1613 &
1907 1575 2191 1614 Arondelianus.

1148 1629 1306 1667 Somnus
1326 1630 1426 1666 enim
1447 1636 1608 1665 amantes
1631 1639 1726 1665 rarus
1742 1627 1892 1674 respicit.
1921 1627 2013 1663 infra
2037 1626 2090 1663 El.
2110 1638 2189 1664 X1v.

1199 1683 1319 1727 Qum
1331 1682 1368 1728 fi
1380 1678 1613 1728 praebuerunt
1623 1679 1718 1725 ferro
1729 1678 1903 1727 patienter
1921 1688 1964 1716 (ς’
1980 1675 2078 1724 igni!

1148 1730 1258 1778 Epist.
1279 1743 1331 1766 1v.
1354 1743 1415 1777 95.

1198 1787 1268 1816 Nec
1289 1790 1408 1816 tamen
1429 1785 1588 1817 Aurorae
1612 1778 1703 1817 male
1726 1779 1764 1828 se
1776 1775 1960 1827 praebebat
1980 1777 2190 1817 amandum.

1147 1830 1189 1868 In
1215 1831 1316 1868 lbide
1347 1843 1428 1878 109.

1362 1887 1416 1918 Ne
1427 1881 1465 1930 se
1485 1880 1548 1917 tibi
1565 1878 1724 1929 praebeat
1745 1881 1817 1915 a'e’r.

1147 1931 1200 1969 At
1226 1932 1451 1976 Puteaneus‚
1477 1932 1536 1982 qui
1565 1941 1597 1968 te
1626 1930 1716 1968 male
1731 1929 1853 1979 perdat
1876 1927 2026 1965 amanti.
2055 1928 2191 1973 Forte,'

1148 1982 1209 2032 qui
1232 1993 1264 2018 te
1293 1983 1384 2019 male
1408 1983 1554 2031 perdat,
1579 1981 1736 2018 amantis
1765 1978 1871 2016 Verba
1902 1979 1965 2014 dat
1994 1979 2032 2027 in
2055 1989 2188 2016 ventos.

1149 2032 1226 2069 Nisi
1249 2034 1374 2081 prodat
1401 2033 1514 2070 malis.
1541 2044 1629 2069 nam
1656 2032 1836 2078 Excerpta
1865 2030 2033 2078 Scaligeri
2053 2030 2090 2066 δε
2117 2030 2190 2073 Ρυή

1147 2084 1267 2120 teanei
1283 2083 1408 2131 prodit.
1440 2082 1597 2130 Epistola
1623 2095 1653 2118 1.
1674 2094 1731 2126 40.

1199 2133 1366 2182 thuefit
1385 2133 1441 2170 hic
1451 2134 1572 2181 fhmno
1584 2132 1743 2182 proditus
1756 2159 1766 2176 ‚
1793 2130 1851 2167 ille
1869 2130 1954 2168 dolo.

1147 2195 1183 2220 x.
1238 2213 1245 2220 .

1202 2197 1242 2270 Isn
1261 2247 1325 2283 quo
1342 2247 1396 2270 me
1407 2234 1613 2283 fhmnusque
1631 2245 1724 2270 meus
1744 2231 1835 2269 male
1849 2231 2019 2281 prodidit,
2048 2242 2091 2271 (ρ’
2112 2240 2164 2268 tu.

1148 2284 1412 2333 Neapolitanus
1446 2285 1562 2328 liber,
1602 2284 1662 2333 qui
1695 2294 1727 2320 te
1765 2282 1854 2319 male
1880 2282 2032 2332 perdidit
2058 2295 2188 2318 amens.

1150 2335 1358 2372 Hzmsms.
1389 2335 1504 2372 Recte
1525 2334 1624 2372 addit
1643 2334 1756 2377 male,
1785 2334 1869 2382 quia
1888 2333 1973 2370 teste
1996 2333 2120 2369 Servio
2141 2331 2187 2369 ad

1148 2386 1252 2434 Virg.
1273 2400 1307 2423 x.
1332 2385 1488 2423 Aeneid.
1513 2397 1594 2433 321.
1610 2384 1764 2434 praeberi
1786 2385 1880 2421 bona
1902 2383 2078 2420 dicuntur.
2101 2381 2188 2419 vide

1148 2448 1243 2485 quae
1261 2446 1433 2474 notamus
1451 2435 1496 2473 ad
1520 2435 1671 2484 Quindt.
1692 2435 1752 2471 lib.
1775 2447 1805 2470 1.
1826 2433 1906 2470 Inst.
1931 2434 2030 2469 Orat.
2053 2443 2129 2479 cap.
2154 2443 2188 2470 1.

1149 2489 1187 2524 δέ
1204 2487 1307 2524 Decl.
1323 2488 1617 2524 cccxxxvxi1.&
1638 2485 1728 2532 supr.
1741 2484 1785 2520 ad
1803 2484 1870 2531 Ep.
1885 2495 1943 2519 xv.
1958 2493 2039 2530 213.
2056 2482 2184 2520 [imm.

1198 2549 1256 2585 43.
1284 2543 1376 2573 Cum
1397 2550 1450 2572 me
1471 2536 1575 2572 celare
1595 2534 1792 2582 volebam]
1822 2534 1974 2581 Legitur
1995 2534 2102 2569 ctiam
2119 2543 2186 2576 ,te.

1148 2589 1289 2636 optime
1307 2587 1471 2636 quidem.
1498 2586 1652 2622 dicimus
1675 2585 1795 2625 enim.
1826 2582 1889 2618 cela
1918 2593 1950 2618 te
1975 2596 2088 2618 meum
2101 2584 2188 2628 fur-

1149 2649 1227 2674 tum
1242 2666 1250 2681 ‚
1279 2638 1316 2675 id
1345 2637 1391 2674 est
1412 2637 1475 2674 tibi
1492 2634 1685 2674 abscondo.
1710 2635 1886 2670 Mimos.
1917 2639 1975 2668 Me
1998 2632 2103 2668 celare
2124 2647 2187 2668 vo-

1148 2689 1260 2724 lebam
1280 2688 1419 2737 septem
1448 2688 1604 2724 codices.
1631 2692 1811 2734 quatuor,
1834 2694 1866 2719 te
1883 2682 2046 2731 fidebam.
2075 2683 2186 2722 reete.

1148 2740 1294 2776 Canace
1314 2767 1324 2783 ‚
1358 2739 1396 2774 id
1425 2748 1456 2774 te
1478 2737 1666 2774 celavimus
1695 2748 1817 2770 unum.
1842 2747 1893 2770 ιν.
1922 2732 2010 2770 Fast.
2035 2746 2110 2779 149.
2142 2738 2186 2770 Ut

1147 2800 1238 2838 tegat
1267 2789 1327 2826 hoc
1357 2788 1500 2837 celetque
1540 2787 1632 2822 viros
1668 2791 1821 2821 Fortuna
1862 2783 1978 2820 virilis
2020 2784 2185 2830 Praestat.

1147 2841 1360 2877 Hfimsms,
1387 2839 1461 2875 Ubi
1483 2847 1606 2875 tamen
1627 2836 1715 2871 viris
1736 2836 1899 2883 praefert.
1927 2834 1987 2871 sed
2012 2835 2186 2882 Ep.v111.

1151 2902 1205 2939 13.
1227 2890 1345 2927 Celare
1365 2902 1452 2926 meos
1466 2897 1634 2937 parentes.
1664 2887 1817 2923 Terent.
1838 2886 1974 2933 Hecyr.
1998 2897 2048 2921 μ’.
2073 2897 2100 2921 1.
2131 2896 2184 2931 ις.

1147 2947 1274 2977 Omnes
1309 2953 1368 2977 nos
1404 2939 1509 2976 celare
1548 2937 1696 2974 volueris
1716 2946 1873 2986 partum.
1910 2939 1948 2973 &
1979 2936 2026 2972 ita
2056 2934 2182 2982 passiin

1147 2991 1219 3028 alii.
1407 3010 1412 3015 ›

1198 3054 1256 3090 45.
1291 3041 1489 3092 Requiescit.
1508 3039 1523 3089 ]
1565 3040 1674 3077 Forte
1695 3066 1705 3082 ‚
1742 3037 1937 3087 requiescat.
1973 3035 2183 3071 Heinsius.

1148 3092 1236 3130 Vid.
1257 3092 1347 3141 supr.
1370 3091 1416 3128 ad
1434 3092 1541 3139 Epist.
1563 3102 1614 3127 1v.
1640 3101 1697 3138 53.
1717 3089 1754 3126 ὃς
1777 3089 1869 3125 alibi.

1200 3144 1256 3189 46.
1285 3149 1361 3179 Heu
1381 3142 1500 3179 melior
1518 3140 1677 3191 quanta]
1702 3140 1944 3176 Sci-iverimus
1958 3163 1966 3176 ‚
1988 3134 2051 3168 lm
2069 3145 2183 3183 quan—

1150 3203 1184 3231 to
1202 3192 1332 3230 melior.
1356 3193 1416 3230 alii
1437 3203 1620 3242 quantum.
1649 3189 1722 3227 vid.
1742 3188 1849 3236 Epist.
1874 3197 1987 3223 xvnl.
2012 3196 2068 3228 γι.
2097 3188 2181 3218 Mea

1150 3243 1194 3293 est
1212 3255 1362 3294 quoque
1380 3243 1468 3282 editi
1489 3243 1666 3323 plerique<i

1634 3313 1647 3324 ⁴
1687 3298 1709 3322 x
1743 3297 1765 3322 z

2018 3294 2077 3331 49.
2105 3280 2189 3327 Fal-3
