2553 3676
255 211 321 280 84
752 199 1299 259 P.ovinu

1373 172 1901 256 NAsoN1s

403 319 499 369 125
540 299 761 370 Legatis
786 316 922 372 quos
944 316 1083 371 pene
1113 296 1243 351 dedi
1265 313 1366 368 pro
1390 309 1560 351 matre
1585 296 1864 353 ferendos:

615 371 723 426 Sed
749 373 920 426 tenuit
946 384 1164 441 coeptas
1186 371 1337 424 saeva
1358 386 1592 423 noverca
1616 370 1739 424 vias,

538 444 801 500 Medeam
825 445 1006 497 timui:

1044 445 1159 515 plus
1185 441 1259 497 est
1283 440 1488 495 Medea
1513 446 1762 497 noverca.

616 516 853 571 Medeae
878 515 1081 570 faciunt
1106 516 1173 581 ad
1197 515 1363 569 scelus
1388 530 1550 567 omne
1574 531 1773 568 manus,

546 589 806 662 Spargere
830 607 966 662 quae
990 589 1163 643 fratris
1187 586 1365 659 potuit
1391 585 1579 639 laniata
1601 603 1697 657 per
1722 605 1877 658 agros

399 683 498 729 130

614 661 888 734 Corpora,
927 660 1239 733 pignoribus
1261 670 1507 729 parceret
1531 658 1614 711 illa
1638 660 1802 713 meis?

548 734 710 792 Hanc
738 749 945 796 tamen,·
982 737 1016 785 o
1043 733 1293 794 deineiiS‚
1331 730 1660 804 Colchisque
1685 731 1853 786 ablate
1877 731 2123 797 veiieniS‚

622 807 835 861 Diceris
860 803 1185 877 Hypsipyles
1207 802 1560 876 praeposuisse
1584 816 1724 858 toro,

549 879 814 949 Turpiter
838 877 922 931 illa
948 877 1126 930 virum
1149 876 1410 948 cognovit
1434 875 1672 931 adultera
1695 877 1877 949 virgo:

623 951 724 1006 Me
749 949 875 1015 tibi,
913 963 1077 1024 teque
1100 949 1233 1006 mihi
1257 948 1412 1004 taeda
1433 948 1629 1022 pudica
1652 950 1819 1007 dedit.

306 1154 394 1203 125.
421 1155 599 1206 Legatos.]
628 1153 751 1194 Posset
777 1155 977 1205 explicari,
1015 1153 1115 1206 quasi
1138 1153 1208 1192 hos
1226 1161 1305 1192 tam

257 1207 429 1255 parvulos
444 1236 453 1250 ,
482 1217 522 1245 ut
539 1208 660 1245 adhuc
683 1208 767 1244 ferri
794 1215 1004 1256 oporteret,
1033 1218 1128 1255 pene
1149 1205 1307 1253 adlegis-

256 1257 309 1295 set
327 1256 372 1294 ad
391 1258 562 1304 Jasonem
576 1287 586 1303 ‚
614 1271 681 1307 pro
705 1267 820 1295 matre
840 1257 1108 1306 deprecaturos.
1135 1256 1195 1293 sed
1215 1257 1308 1294 mihi

259 1308 375 1356 magis
394 1309 534 1357 placet,
564 1309 668 1359 quod
688 1310 724 1346 in
749 1309 918 1346 Scriverii
936 1310 973 1345 &
996 1321 1073 1346 uno
1097 1307 1217 1356 Regio
1236 1307 1308 1350 est,

260 1357 392 1406 legatis.
420 1368 459 1396 ut
479 1359 519 1397 sit
537 1361 672 1398 sensus:
702 1359 802 1397 Dedi
819 1361 888 1397 hos
908 1360 983 1396 fere
1002 1358 1171 1396 ferendos
1184 1386 1194 1401 ‚
1222 1358 1309 1406 quia

260 1409 405 1457 ingredi
425 1410 595 1449 nondum
615 1409 763 1460 possunt
777 1438 786 1454 ,
811 1411 938 1459 legatis
964 1422 1031 1458 pro
1060 1417 1175 1446 matre
1198 1408 1308 1445 missis

260 1459 308 1496 ad
327 1458 614 1509 deprecandum.
642 1461 746 1511 quod
765 1461 896 1498 melius
918 1461 1095 1498 convenit
1125 1460 1174 1505 τῷ
1204 1458 1310 1502 dedi,

261 1520 351 1547 nam
373 1510 455 1548 dare
473 1511 595 1560 legatos
614 1525 660 1550 an
680 1514 864 1561 eleganter
884 1511 1023 1549 dicatur
1053 1510 1181 1547 dubito
1204 1522 1212 1546 z
1250 1508 1313 1546 Sed

263 1560 344 1597 dedi
357 1562 527 1610 parvulos
536 1563 696 1610 serendos
715 1563 833 1611 legatis
846 1591 856 1607 ‚
871 1562 969 1599 recte
991 1564 1029 1599 ὅ(
1048 1561 1166 1609 plane.
1185 1560 1313 1597 Bunm.

322 1623 406 1660 129.
425 1618 581 1662 Spargere
601 1627 689 1664 qaae
699 1613 831 1660 fratris
842 1613 957 1662 potuit
977 1612 1130 1648 lacerata
1140 1620 1200 1660 per
1220 1623 1317 1658 agros

265 1663 453 1711 Corpora]
484 1665 706 1712 Metapliora
727 1664 770 1700 ab
798 1663 963 1711 agricolis
988 1690 998 1706 ,
1032 1662 1096 1711 qui
1118 1661 1257 1698 semina
1277 1661 1317 1698 in

265 1719 376 1750 terras
396 1713 542 1762 proprie
562 1714 724 1762 spargere
746 1713 928 1750 dicuntur.
956 1712 1004 1750 fic
1023 1714 1062 1750 in
1082 1712 1187 1749 Ibin:

320 1768 369 1799 Et
388 1774 451 1800 tua
463 1762 513 1812 sic
534 1764 622 1800 latos
631 1765 842 1814 spargantur
865 1763 1020 1800 membra
1034 1772 1094 1812 per
1114 1775 1231 1811 agros,

271 1862 306 1902 E
373 1819 559 1864 Tanquam
577 1828 666 1864 quae
678 1814 816 1863 patrias
833 1814 1008 1851 detinuere
1025 1814 1115 1851 vias.

323 1918 406 1953 Aut
424 1913 514 1952 lacer
532 1915 570 1952 in
583 1912 687 1965 silvis
707 1914 870 1952 manibus
882 1915 1044 1966 spargare
1066 1925 1205 1953 tuorum
1219 1930 1230 1951 .·

376 1967 516 2015 Sparsus
535 1977 574 2003 ut
597 1966 640 2013 est
661 1966 782 2003 Thebis
804 1980 914 2016 angue
930 1978 1064 2004 creatus
1082 1980 1163 2006 avo,
1209 1966 1325 2003 CIOF.

329 2028 414 2063 130.
443 2017 645 2065 Pignoribas
667 2027 820 2067 parceret
847 2017 910 2054 illa
938 2016 1076 2067 meise]
1107 2019 1218 2055 Hanc
1246 2016 1326 2054 sen-

273 2068 430 2107 tentiam
451 2066 650 2116 expreffam
667 2069 822 2118 legimus
839 2069 899 2106 lib.
917 2082 946 2107 1.
969 2070 1193 2118 Epigramm.
1212 2077 1325 2117 quam

276 2122 330 2157 ita
350 2117 486 2156 Latine
503 2118 661 2157 reddidit
682 2120 842 2157 Alciatus
863 2120 900 2157 in
921 2120 988 2158 suis
1010 2120 1260 2157 emblematis:

331 2168 511 2206 Colchidos
529 2170 567 2206 in
582 2171 710 2218 gremio
731 2170 857 2206 nidum
878 2171 963 2218 qaid
981 2170 1152 2219 congeris?
1179 2168 1263 2205 eheu

384 2220 506 2269 Nescia
528 2234 587 2257 cur
602 2220 713 2270 pullos
729 2231 805 2257 tam
825 2221 917 2257 male
937 2221 1042 2257 credis
1059 2220 1151 2258 avis.

329 2270 425 2309 Dira
437 2280 563 2320 parens
582 2271 707 2307 Medea
718 2271 798 2320 suos
809 2271 1009 2319 saeviffima
1030 2280 1130 2307 nates

385 2321 569 2367 Perdidit,
597 2322 770 2371 &speras
785 2330 908 2367 parcat
930 2332 970 2357 ut
990 2320 1054 2357 illa
1076 2321 1174 2358 tuis?
1219 2321 1332 2359 CIOF.

339 2384 422 2422 131.
450 2379 552 2409 Hanc
579 2384 710 2411 tamen.
733 2371 749 2422 ]
787 2373 894 2410 Unus
924 2373 1060 2420 Regius
1081 2399 1092 2416 ,
1121 2378 1222 2408 Hanc
1251 2370 1267 2406 ὂ
1295 2382 1335 2407 ta

282 2424 434 2462 demens.
462 2424 569 2461 multi
590 2435 767 2473 quoque,
795 2422 931 2459 Colchis
956 2422 1093 2466 ablate,
1120 2423 1182 2459 alii
1203 2420 1335 2466 oblate,

285 2475 396 2512 oblite.
426 2486 498 2524 ego
525 2475 616 2512 nihil
644 2482 764 2512 muto.
791 2473 932 2510 ablatus
961 2474 1145 2523 eleganter
1170 2471 1336 2516 dictum,

285 2538 355 2575 pro
385 2527 424 2563 in
454 2525 638 2563 diversum
669 2537 688 2563 a
707 2525 851 2574 pristina
870 2524 1046 2562 sententia
1067 2525 1104 2562 ὃ(
1123 2535 1251 2562 amore
1274 2522 1337 2562 de-

289 2576 403 2614 ducto
421 2605 430 2620 ‚
451 2576 622 2614 alienato.
650 2577 699 2613 ita
719 2588 810 2613 mox
834 2587 925 2613 vers.
952 2588 1033 2624 150.

345 2629 526 2678 §Qiemque
545 2626 718 2674 veneficiis
736 2625 878 2673 abstulit
894 2625 958 2663 illa
972 2626 1060 2675 suis.

290 2675 419 2714 Florus
448 2691 491 2715 11.
521 2679 556 2715 6.
586 2678 666 2715 sive
687 2679 813 2726 satum
843 2676 939 2713 urhis
969 2678 1200 2726 imperaturae
1219 2705 1230 2721 ‚
1263 2675 1340 2726 five

293 2725 409 2776 avcrss
427 2741 448 2762 a
471 2728 684 2777 Carthagine
705 2728 769 2765 Dii
791 2757 801 2773 ,
827 2726 906 2778 five
932 2728 1028 2765 mala
1049 2742 1144 2765 mens
1162 2729 1199 2764 in
1222 2727 1342 2764 diver-

286 2778 370 2827 sum
394 2777 615 2824 abstulerant.
646 2781 766 2818 Cicer.
797 2792 841 2816 11.
870 2778 916 2817 ad
944 2779 1046 2816 Fam.
1070 2791 1103 2826 7.
1133 2785 1187 2816 Ne
1206 2790 1238 2816 te
1255 2778 1343 2815 alio-

296 2842 378 2866 rum
410 2826 544 2877 consilia
572 2832 746 2875 afferant.
776 2830 903 2868 Scnec.
927 2831 1126 2880 Agamem.
1155 2842 1240 2879 275.

351 2879 416 2915 Sed
437 2878 536 2914 nulla
557 2881 709 2916 Atriden
729 2895 850 2917 venere
860 2882 1009 2928 furtiva
1028 2880 1179 2929 abstulit.

299 2929 400 2968 Vide
419 2929 546 2966 Heius.
569 2931 613 2967 ad
635 2932 742 2979 lipist.
764 2944 823 2968 xv.
849 2945 926 2977 140,
959 2933 1219 2970 BuRMANNiis.

357 2991 438 3030 133.
468 2980 643 3016 Adultera
665 2981 799 3030 virgo]
832 2982 871 3018 ln
895 2984 1017 3020 inultis
1038 2983 1224 3020 codicibus
1243 2982 1348 3020 adal-

303 3042 376 3068 tera
405 3041 515 3075 certe,
543 3032 579 3068 in
611 3031 826 3080 quibusdam
858 3043 943 3068 certe
969 3033 1023 3080 est.
1052 3041 1093 3070 ut
1120 3032 1266 3071 fortaffe
1296 3035 1349 3072 le-

302 3082 487 3133 gendum:

360 3133 518 3182 Turpiter
535 3131 598 3168 illa
616 3133 737 3168 viram
757 3132 924 3181 cognovit.
950 3132 1112 3169 adultera
1132 3142 1219 3170 certe
1234 3133 1290 3182 est.

307 3185 362 3222 Ut
387 3183 546 3232 Epistola
566 3184 798 3232 praecedeuti
816 3198 822 3221 :

362 3235 413 3270 Sic
423 3234 516 3282 facie
532 3235 698 3285 quamvis
711 3233 913 3283 praesignis,
942 3235 1103 3271 adultera
1126 3245 1210 3272 certe
1232 3234 1287 3281 cst.

2217 1019 2414 1077 P1·0di-·

1361 1153 1498 1192 Matth.
1512 1165 1548 1192 ν.
1564 1164 1626 1200 27.
1647 1154 1686 1192 ὅτ
1709 1153 1893 1205 cognoscere
1907 1183 1916 1200 ‚
1937 1161 2014 1193 tam
2036 1153 2081 1192 de
2102 1153 2250 1192 feminis
2263 1179 2273 1197 ,
2299 1161 2415 1201 quam

1362 1206 1471 1249 viris3
1496 1205 1540 1243 ad
1559 1206 1694 1243 Matth.
1717 1219 1747 1243 1.
1766 1218 1824 1255 23.
1851 1206 2113 1243 Rumpimus.

1419 1257 1499 1307 136.
1528 1256 1686 1306 Deseruit
1708 1256 1896 1306 Colchon.]
1927 1256 2067 1293 Colchos
2084 1255 2165 1292 libri
2183 1264 2314 1291 omnes
2328 1279 2339 1295 ,
2360 1250 2417 1306 id·-

1364 1319 1437 1356 que
1457 1307 1568 1345 reete.
1596 1306 1737 1344 Colchos
1765 1309 1867 1345 enim
1894 1319 1971 1345 non
2000 1307 2132 1344 dicitur
2154 1334 2164 1349 ,
2203 1304 2264 1343 sed
2285 1301 2419 1340 Colchi,

1365 1359 1506 1404 Κόλχω
1527 1360 1590 1394 καὶ
1609 1359 1751 1404 Κὸλχις
1772 1359 1933 1395 Graecis.
1953 1358 2042 1395 Stat.
2062 1368 2098 1394 v.
2116 1356 2243 1394 Theb.

1418 1409 1519 1446 Alios
1538 1408 1658 1446 Colchi
1674 1409 1845 1457 generatis
1865 1422 2007 1445 amores.

1366 1460 1508 1498 Ennius
1527 1459 1624 1509 apud
1645 1460 1796 1498 Prisc-an.
1815 1460 1861 1497 de
1876 1458 2039 1501 >verfibus
2057 1458 2235 1496 comicis:

1420 1510 1589 1548 Petebant
1609 1510 1712 1547 illam
1725 1510 1848 1560 pellem
1866 1510 2074 1546 inauratam
2095 1508 2214 1544 arietis

1421 1561 1558 1599 Colchis
1576 1561 1713 1610 imperio
1732 1562 1816 1610 regis
1837 1561 1950 1598 Peliae
1964 1570 2023 1610 per
2041 1559 2171 1596 dolum.

1371 1612 1420 1649 Et
1447 1613 1497 1649 ita
1526 1612 1660 1648 Noster
1686 1612 1840 1659 semper.
1869 1611 1979 1658 Epist.
2010 1623 2081 1647 xxx.
2111 1621 2170 1658 23.
2197 1621 2312 1647 xvrrr.
2339 1615 2424 1658 1573

1374 1674 1451 1698 xrx.
1478 1673 1517 1706 17
1550 1690 1558 1697 .
1578 1662 1706 1697 Amin.
1724 1660 1877 1697 Marcel.
1895 1660 1956 1697 lib.
1971 1673 2068 1697 xxix.
2089 1657 2208 1708 Phasis
2219 1659 2424 1705 fremebun-

1375 1711 1430 1748 dis
1451 1710 1598 1748 curibus
1619 1709 1760 1747 Colchos
1779 1710 1936 1759 attingit.
1964 1711 2175 1747 Hnmsms.

1431 1774 1512 1811 137.
1541 1761 1642 1810 Qid
1659 1762 1826 1808 referam,
1839 1760 2009 1810 scelerata
2022 1761 2120 1810 piam
2133 1758 2166 1808 fi
2182 1757 2337 1808 vincit.]
2361 1764 2427 1795 Re-

1367 1814 1467 1861 serat
1487 1814 1701 1850 Puteaneus.
1730 1812 1800 1849 Sed
1820 1824 1948 1849 verum
1968 1811 2039 1852 est,
2062 1809 2165 1859 quod
2189 1822 2234 1846 ex
2254 1809 2322 1846 suis
2339 1820 2428 1857 pro-

1377 1865 1448 1902 fert
1466 1864 1671 1912 Naugerius
1685 1891 1694 1905 ,
1713 1863 1814 1911 Qid
1829 1863 1955 1909 refert?
1975 1861 2092 1898 vincet
2110 1862 2222 1899 etiam
2242 1860 2430 1898 meliores.

1379 1914 1540 1964 Epistola
1561 1913 1717 1954 Paridis,
1747 1924 1831 1961 213.

1432 1964 1532 2013 Qcid
1549 1973 1668 2000 tamen
1687 1962 1747 1999 hoc
1768 1963 1871 2011 refert
1884 1991 1894 2008 ‚
1915 1960 1953 2012 si
1966 1972 1999 2000 te
2018 1971 2111 2000 tenet
2130 1971 2225 1999 ortus
2243 1960 2288 1997 ab
2305 1959 2405 2000 illis?

1381 2016 1539 2053 Metam.
1562 2027 1651 2052 xiix.
1670 2014 1754 2051 268.

1435 2066 1535 2114 Qlid
1553 2075 1672 2101 tamen
1690 2064 1750 2101 hoc
1769 2065 1893 2112 refert,
1914 2062 1949 2115 st
1959 2062 1998 2113 se
2009 2072 2072 2114 pro
2093 2063 2188 2113 classe
2204 2061 2348 2112 Pelasga

1435 2124 1471 2154 A
1477 2130 1555 2153 rma
1575 2115 1684 2166 tuliffe
1701 2116 1803 2164 rescrt
1817 2125 1832 2154 ἓ

1384 2167 1475 2206 Fast.
1496 2180 1557 2204 111.
1580 2180 1666 2215 49ς.

1438 2218 1539 2267 Qid
1552 2228 1671 2255 tamen
1688 2217 1748 2254 hoc
1765 2218 1892 2265 refert?
1920 2217 2010 2256 vitio
2031 2217 2097 2256 tibi
2114 2215 2247 2267 gratior
2268 2214 2332 2265 ipso
2353 2214 2408 2264 est.

1388 2269 1549 2319 Epistola
1565 2270 1681 2318 prima
1705 2269 1845 2307 Sabini:

1442 2321 1542 2369 Qid
1560 2321 1688 2367 refert?
1707 2320 1825 2370 pelago
1834 2319 1923 2370 sunt
1940 2319 2078 2359 obruta.

1391 2371 1553 2420 Epistola
1575 2384 1637 2409 111.

1443 2423 1544 2470 Qcid
1561 2424 1690 2470 refert?
1717 2421 1822 2471 causei
1839 2432 1880 2460 tu
1899 2421 2035 2461 meliore
2056 2421 2154 2461 cales.

1393 2474 1524 2512 Statius
1543 2474 1665 2512 Theb.
1689 2486 1722 2511 x.
1747 2485 1833 2523 793.

1443 2525 1544 2572 Qeid
1562 2526 1687 2572 refert?
1714 2524 1819 2560 habet
1839 2537 1907 2561 ecce
1916 2523 1998 2574 suos
2016 2524 2169 2572 Jocasla.
2222 2525 2440 2563 Hssmsms,

1450 2575 1530 2625 138.
1558 2576 1716 2612 Crimine
1742 2575 1904 2625 dotata]
1935 2576 2128 2625 Eleganter
2137 2591 2148 2619 ;
2171 2576 2271 2626 quafi
2298 2578 2441 2613 crimen

1394 2624 1480 2664 esset
1512 2639 1580 2675 pro
1613 2627 1713 2665 dote.
1747 2628 1796 2664 ita
1820 2627 1985 2674 loquitur
2014 2628 2052 2663 ὃ(
2078 2627 2204 2673 Justin.
2237 2639 2269 2663 1.
2297 2637 2374 2673 cap.
2405 2637 2440 2671 7.

1395 2683 1486 2713 Uxor
1514 2677 1637 2714 mariti
1655 2677 1827 2727 sanguine
1856 2677 1977 2713 dotata
1999 2690 2142 2724 regnam
2165 2676 2238 2714 viri
2262 2687 2305 2715 ω’
2324 2677 2362 2724 fi’
2375 2684 2444 2726 pa-

1395 2728 1480 2765 riter
1495 2729 1652 2765 adultero
1671 2728 1834 2765 tradidit.
1861 2727 2122 2764 BuRMANNus.

1453 2780 1532 2828 138.
1560 2780 1785 2830 Emeruitque
1803 2777 1964 2826 vir'um.]
1994 2777 2244 2827 Demeraitque
2263 2777 2442 2815 8311311111-

1397 2842 1465 2868 nus
1487 2842 1571 2868 cum
1594 2839 1752 2879 quatuor
1771 2829 1858 2867 aliis.
1884 2827 1943 2865 sed
1963 2827 2132 2877 emeruisse
2155 2841 2221 2877 pro
2250 2828 2445 2878 demeruisse

1399 2881 1507 2919 simili
1529 2881 1793 2930 liguificatione
1816 2879 1973 2916 occurrit
1991 2892 2002 2916 ·.
2029 2878 2076 2916 fic
2098 2882 2142 2915 A.
2163 2880 2301 2917 Gellius
2317 2908 2326 2923 ‚
2355 2893 2442 2918 cum

1398 2933 1460 2970 lib.
1486 2945 1514 2969 1.
1540 2944 1615 2980 cap.
1645 2932 1678 2969 8.
1706 2931 1751 2968 de
1771 2930 1890 2967 Laide
1911 2929 2103 2967 Corinthia
2122 2928 2281 2972 dixiffet,
2314 2931 2363 2968 ob
2384 2930 2449 2966 ele-

1397 2983 1560 3032 gantiam
1574 2983 1713 3029 J‘brmae
1728 2981 1895 3030 grandem
1912 2981 2095 3030 pecuniam
2114 2981 2306 3017 demerebat
2317 2997 2327 3024 3
2346 2981 2446 3019 idem

1404 3034 1466 3070 lib.
1488 3046 1539 3070 vr.
1561 3045 1590 3070 c.
1612 3045 1643 3077 7.
1665 3033 1711 3069 de
1735 3035 1833 3068 Acca
1855 3032 2027 3068 Larentia
2049 3032 2120 3076 ait,
2134 3040 2246 3081 corpus
2264 3033 2301 3068 in
2321 3031 2452 3078 vulgas

1408 3083 1517 3119 dabat
1529 3111 1537 3126 ‚
1557 3083 1806 3132 pecuniamque
1826 3092 2014 3119 emeruerat
2034 3096 2075 3119 ex
2097 3096 2130 3119 eo
2148 3082 2286 3132 quaestu
2302 3080 2453 3120 uberem,

1408 3133 1504 3182 apud
1527 3134 1721 3170 Tibullum
1741 3133 1803 3170 lib.
1831 3145 1858 3169 r.
1882 3133 1978 3182 hleg.
2002 3146 2054 3170 rx.

1463 3190 1535 3220 Nec
1557 3183 1690 3232 lasciva
1701 3183 1796 3233 soror
1813 3184 1951 3220 dicatur
1962 3184 2067 3234 plura
2085 3183 2195 3233 bibisse

1515 3235 1642 3271 Pocula
1655 3264 1664 3278 ‚
1691 3234 1749 3271 vel
1760 3235 1872 3284 plures
1890 3235 2056 3283 emeruisse
2076 3235 2180 3271 viros.

310 3285 483 3335 Virginem
505 3295 630 3325 tamen
653 3285 852 3326 adulteram
884 3285 956 3326 dici
985 3287 1114 3336 probat
1143 3287 1294 3326 Grotius
1312 3285 1359 3329 ad
1414 3286 1491 3326 Ubi
1511 3297 1556 3325 ex
1577 3286 1712 3337 scriptis
1734 3286 1920 3327 codicibus
1947 3284 2183 3338 quamplures
2197 3285 2455 3336 reponendum

2358 3336 2463 3376 video
