2553 3676
617 194 672 249 A
707 190 777 247 Μ
811 188 865 242 Ο
896 186 953 241 R
990 183 1044 238 U
1080 182 1151 238 M
1223 202 1258 238 L
1292 202 1315 239 1
1349 205 1394 239 B.

363 287 438 342 Ite
455 325 467 349 .,
506 285 622 357 piae
644 281 915 340 volucreS‚
955 274 1011 328 &
1035 275 1267 346 plangite
1289 273 1504 345 pesiora
1528 283 1745 350 pennis3

1469 187 1540 242 11.
1618 199 1665 248 6.
2106 223 2209 276 415

25 383 27 412 i
434 357 508 411 Et
528 352 707 424 rigido
732 359 938 404 teneras
961 363 1142 418 ungue
1169 357 1355 400 notate
1379 366 1553 417 genas.

24 432 26 492 l
291 446 322 496 5
359 425 599 483 Horrida
622 439 721 494 pro
744 421 956 476 moestis
979 419 1204 474 lanietur
1227 419 1405 491 pluma
1429 422 1650 490 capillis:

60 807 162 846 Silius
180 805 240 843 lib.
263 817 292 843 1.
309 817 394 855 431.

21 842 25 921 ἰ
105 866 258 915 Bistoniis
284 866 354 904 late
380 865 561 904 Gradivus
585 867 630 904 ab
649 868 742 915 oris,

0 930 24 964 ν’
56 935 97 970 ut
112 929 183 979 legi
202 929 320 968 debet.
347 930 386 968 ὃς
403 930 465 968 lib.
483 941 520 967 v·
543 940 627 977 702.

0 1010 1 1014 =
23 1023 24 1026 ,
79 998 82 1000 ’
103 987 211 1027 Atlas
234 1001 258 1025 a
285 989 382 1026 litore
409 989 513 1029 Ibero.

62 704 260 756 Hmphrysb.
285 704 395 742 Floro
421 703 481 742 lib.
509 716 541 743 1.
564 716 642 755 cap.
665 717 718 745 x1.
746 703 813 742 Sed
838 704 897 741 hos
916 702 1094 753 praecipue

61 758 180 794 Lucius
205 755 388 803 Qineiius
419 755 554 794 domuit
575 784 588 801 ‚
624 755 682 793 ille
711 755 860 793 dictator
888 754 933 792 ab
961 765 1091 793 aratro.

425 499 532 552 Pro
556 497 716 567 longa
739 495 989 550 resonent
1015 492 1246 548 carmina
1268 491 1436 547 vestra
1461 493 1603 547 tuba.

2038 579 2191 654 Quid

1692 703 1749 744 Ibo
1764 714 1930 757 paternas

1198 752 1315 802 Tristis
1339 753 1378 792 in
1404 754 1576 807 exequias.

1146 811 1250 851 Silius
1270 811 1364 852 libro
1384 826 1446 853 xv.

1321 924 1329 931 .
1441 923 1449 931 .
1659 925 1668 933 ι
1779 894 1881 906 —2——-
1894 884 1944 916 Ite
1964 882 2124 929 superbae

1194 927 1369 981 Exequzas
1387 937 1549 980 ammae,
1576 933 1621 966 θ’
1638 940 1782 965 cinerem
1803 929 1929 966 donate
1942 933 2095 981 supremi

1196 980 1357 1012 Muneris
1376 974 1489 1023 officio.

23 1029 24 1080 l
53 1038 112 1078 Ad
130 1037 322 1078 Psittacuin
340 1042 445 1079 traho
462 1042 501 1079 δε
520 1041 580 1079 illa
597 1041 774 1081 Varronis
785 1038 936 1090 Virgula
947 1039 1088 1078 Divina
1142 1038 1276 1073 Ducere
1302 1035 1460 1092 exequias
1479 1036 1574 1085 apud
1595 1037 1763 1076 Solinum
1787 1037 1833 1077 de
1852 1018 2075 1091 Buceplialo.
2099 1046 2190 1094 Rea-2·

51 1139 185 1196 dissime
213 1140 405 1190 depravata
435 1144 740 1182 circumferuntur
763 1156 772 1179 ε
816 1147 939 1228 At3ue
963 1141 1083 1187 arbos,

49 1203 131 1246 qum
149 1202 193 1231 (φ’
209 1193 359 1229 volucris
384 1193 482 1230 venit
508 1195 600 1244 apud
625 1194 701 1231 illos
717 1206 822 1243 usque
837 1206 860 1230 a
896 1193 1002 1229 imine
1021 1199 1081 1229 In-

48 1240 117 1277 dico
145 1242 240 1280 vilis.
265 1243 400 1282 Plinius
428 1244 519 1283 libro
545 1259 581 1284 x.
612 1257 689 1291 cap.
714 1256 830 1281 xxiii.
851 1249 938 1279 Otus
958 1242 1080 1279 imita-

47 1290 119 1327 trix
147 1292 252 1338 avis,
272 1303 311 1330 at
333 1293 486 1344 parafita
512 1305 556 1332 Θ·
580 1293 731 1345 quodam
753 1306 871 1341 genere
893 1293 1078 1341 stzltatrix.

45 1340 252 1381 Guntherus
283 1344 449 1393 Ligurini
484 1343 577 1382 libro
617 1357 662 1382 11.
702 1342 875 1393 Pfittacon
913 1343 1079 1381 humanis

22 1391 244 1442 laequantem
272 1408 454 1432 murmura
481 1394 605 1433 verbis.
634 1396 847 1433 HEINsms.
873 1394 951 1431 Eois
975 1405 1076 1444 nuper

21 1434 23 1503 l
43 1441 130 1479 mihi
154 1443 268 1492 missus
298 1445 341 1482 ab
370 1446 465 1483 Indis
491 1446 736 1485 FarnesianuS.
771 1446 857 1483 Ales
879 1444 944 1482 tibi
963 1446 1079 1494 missus

0 1497 1 1501 ’
41 1491 234 1540 Junianus,
262 1504 302 1533 ut
330 1497 374 1534 ad
402 1498 561 1535 amicam
587 1497 628 1535 sit
649 1498 775 1546 scripta
795 1497 931 1545 Elegia.
958 1496 1018 1533 sed
1039 1505 1078 1534 ut

45 1542 211 1582 Heinsius
240 1546 353 1584 edidit
379 1548 489 1584 etiam
518 1549 745 1585 Francofuit.
775 1549 812 1584 &
832 1548 986 1584 adseruit
998 1548 1077 1595 jain

1 1608 11 1616 ¹·
40 1602 179 1640 praeter
207 1596 296 1632 alios
331 1596 403 1643 Jos.
441 1597 567 1635 Castal.
597 1611 660 1635 111.
687 1599 824 1635 Decur.
853 1597 937 1634 Obs.
971 1609 1004 1633 2.
1041 1598 1077 1634 in

6 1656 13 1679 ί
40 1643 133 1680 hanc
151 1655 260 1682 avem
280 1645 329 1683 est
351 1647 588 1696 Epigramma
615 1650 708 1686 inter
729 1646 915 1686 Cataleeta
933 1647 1078 1685 Pithoei

7 1687 9 1718 ἶ
43 1704 120 1741 cap.
153 1706 232 1743 153.

5 1771 11 1793 ς
91 1760 194 1796 India
211 1770 375 1810 purpureo
391 1763 509 1812 genuit
533 1779 587 1802 me
604 1765 700 1803 litore
722 1765 846 1810 tellus,

137 1812 320 1848 Candidus
336 1815 467 1863 accenfi)
487 1829 556 1865 qua
576 1816 666 1852 redit
685 1816 759 1853 orbe
778 1817 861 1853 dies.

40 1866 113 1905 Ubi
137 1870 232 1908 forte
260 1872 390 1910 reeuus
409 1874 588 1922 legeretur
602 1903 612 1920 ,
634 1884 798 1925 purpureo
817 1875 948 1915 limine.
975 1884 1015 1915 ut
1036 1878 1074 1914 in

41 1917 211 1974 Varronis
235 1921 342 1967 loco,
371 1923 413 1960 ab
434 1925 589 1962 Heinsio
609 1925 756 1964 laudato
770 1953 780 1970 ‚
808 1938 921 1975 quem
940 1928 1077 1965 Marci-

40 1966 105 2006 lius
132 1971 174 2008 ad
202 1972 310 2010 Persii
332 1973 527 2023 prologum
549 1977 597 2013 ita
618 1976 855 2014 constituebat
869 2004 878 2020 ‚
907 1975 1078 2027 Pfittacus

0 2023 3 2035 '
43 2030 119 2074 cum
142 2020 290 2059 volucris
319 2024 416 2060 venit
444 2025 536 2074 apud
563 2025 638 2062 illos
657 2040 761 2077 usque
782 2039 805 2062 a
823 2026 943 2063 limine
964 2029 1078 2064 Indico

41 2068 136 2106 vilis.
163 2070 210 2107 fic
227 2084 313 2121 ergo
335 2083 543 2123 purpureum
562 2076 669 2113 limen
700 2077 854 2121 dicitur,
882 2077 980 2114 unde
1000 2078 1077 2121 Sol,

0 2139 1 2144 =
41 2124 229 2168 tamquam
252 2122 272 2159 e
291 2123 407 2162 domo
430 2125 488 2163 sua
503 2127 718 2176 ‚egreditur.
743 2129 793 2165 ita
816 2127 972 2165 Ovidius
994 2129 1078 2165 No-

41 2167 105 2206 ster
122 2182 167 2207 11.
189 2173 344 2211 Metam.
370 2187 449 2213 112.
479 2177 574 2213 atria
600 2178 639 2214 ὃς
659 2178 751 2224 fhres
781 2177 857 2214 Soli
879 2178 949 2215 dat.
977 2178 1073 2227 apud

1 2236 3 2245 v
44 2218 281 2260 Claudianum
310 2236 460 2275 quoque
481 2227 541 2263 lib.
561 2240 606 2265 11.
632 2227 753 2266 Laud.
776 2228 851 2266 Stil.
869 2239 952 2278 302.
973 2229 1077 2268 codi-

46 2279 100 2308 ces
114 2270 331 2322 Bodlejanus
352 2276 389 2312 ὃς
406 2277 602 2323 Junianus:

167 2381 174 2387 ·
339 2382 346 2388 .
389 2336 635 2388 Qcaecumque
648 2339 798 2385 profana

91 2384 221 2429 Pagina
240 2383 279 2418 de
291 2392 401 2432 primo
422 2388 561 2435 venisset
581 2388 702 2427 limine
719 2388 858 2428 Phoebi.

44 2440 91 2480 Et
110 2455 169 2482 111.
187 2445 230 2483 de
250 2446 368 2484 Laud.
389 2447 463 2484 Stil.
483 2448 568 2494 287.

22 2511 24 2541 l
92 2510 199 2547 Primi
217 2511 282 2560 sub
310 2512 429 2548 limine
454 2513 543 2551 coeli.

44 2571 97 2609 Ut
119 2575 212 2612 refie
241 2577 422 2616 Heinsius,
449 2579 488 2616 ὃ(
506 2578 555 2616 ita
575 2579 671 2628 apud
688 2579 775 2618 Stat.
795 2591 860 2617 111.
880 2592 964 2628 502.
983 2589 1076 2629 puto

24 2643 25 2650 κ
46 2620 259 2670 legendum:
981 2666 983 2668 .

94 2688 159 2725 Sub
177 2691 298 2741 excelsi>
309 2693 476 2743 spirantis
496 2693 616 2730 limine
638 2693 726 2732 coeli.

45 2752 98 2790 Ut
125 2755 162 2791 in
191 2757 317 2795 codice
344 2772 421 2797 uno
448 2760 620 2799 Heinsius
646 2761 798 2798 invenit.
825 2760 922 2810 apud
949 2761 1076 2801 Silium

24 2821 25 2857 3
48 2810 171 2841 tamen
192 2817 261 2843 vn.
281 2820 364 2855 471.

24 2864 25 2885 1
93 2859 195 2908 'Dum
222 2856 274 2891 Sol
301 2859 382 2894 Indo
402 2860 438 2908 se
463 2860 560 2897 litore
585 2860 692 2899 tollet.

24 2920 25 2929 κ
51 2902 128 2940 Nisi
149 2904 187 2940 &
209 2905 257 2942 ibi
278 2906 406 2945 limine.
432 2910 491 2948 sed
507 2912 597 2949 haec
615 2912 697 2949 alibi
713 2912 831 2950 latius.
857 2912 1043 2951 Bouiani,

98 2965 131 2989 2.
159 2958 331 3004 Exequzas
341 2959 473 3011 ferte]
504 2962 626 2999 Minus
653 2963 726 3000 hoc
748 2963 937 3001 Latinum.
963 2977 1079 3014 quan-

24 3025 25 3034 i
50 3013 160 3052 quam
177 3005 390 3043 Prudentius
407 3008 563 3054 paffione
580 3013 740 3050 Eutaliae
755 3027 765 3049 ;
974 3009 979 3013 ’

102 3054 175 3101 Ipsa
200 3054 364 3091 elementa
383 3056 523 3104 jubente
549 3064 618 3095 Deo

103 3105 273 3152 Exequias
300 3105 362 3141 tibi
377 3134 385 3149 ‚
410 3106 528 3154 virgo,
547 3109 683 3153 ferunt.

57 3149 102 3189 Et
121 3153 201 3191 sane
222 3155 331 3192 iidem
363 3156 466 3197 libri,
494 3158 651 3206 exequias
668 3159 724 3197 ite.
751 3163 853 3210 quod
872 3176 1000 3203 verum
1020 3165 1081 3204 est.

22 1095 24 1134 l
53 1089 144 1140 apud
156 1089 326 1129 Nonium
340 1092 400 1136 ‚in
420 1091 556 1130 Limine
573 1093 610 1130 δι
631 1093 668 1130 in
691 1092 771 1130 Vile.
797 1103 892 1141 quae
909 1092 983 1132 illic
1004 1092 1086 1129 foe-

1142 1085 1218 1122 dere
1235 1100 1394 1137 exequtas
1414 1087 1593 1137 Epicedio
1620 1088 1729 1128 Drusi
1751 1090 1836 1128 218.

1192 1149 1238 1182 Et
1251 1146 1350 1196 pedes
1369 1147 1528 1198 exequias
1550 1149 1665 1187 reddit
1684 1163 1855 1201 equesque·
1869 1151 1963 1193 duci.

1133 1207 1211 1246 Ubi
1229 1209 1324 1248 forte
1343 1209 1474 1249 melius
1493 1224 1501 1248 :

1133 1325 1171 1363 H
1184 1278 1231 1310 Et
1245 1271 1343 1324 pede}
1364 1274 1523 1326 exequias
1537 1274 1629 1325 plebs
1647 1276 1676 1314 it
1688 1304 1700 1323 ,
1729 1289 1892 1328 equesque
1909 1277 2000 1318 duci.

1176 1337 1348 1364 EINSiUs.

1188 1400 1220 1437 3.
1248 1388 1442 1439 plangite]
1471 1392 1518 1426 Et
1531 1387 1631 1440 paffis
1646 1388 1801 1438 plangite
1814 1391 1936 1441 pennis
1957 1390 2179 1434 Arondelia⁴

1133 1450 1200 1476 nus
1223 1469 1233 1484 ‚
1269 1440 1317 1477 fic
1337 1440 1446 1489 paffize
1467 1453 1579 1478 comae
1606 1442 1818 1489 frequenter
1846 1442 1944 1490 apud
1976 1443 2151 1483 Nostrum
2166 1473 2178 1490 ‚

1126 1490 1238 1538 passae
1260 1490 1396 1539 palmae
1413 1491 1508 1540 apud
1531 1492 1798 1529 Germanicum
1821 1492 1972 1530 Arateis.
1992 1493 2093 1542 paffis
2119 1497 2180 1533 vi-

1134 1540 1239 1577 ctoria
1256 1542 1374 1589 pennis
1393 1541 1527 1579 Nostro
1550 1542 1641 1579 infra
1659 1542 1718 1579 lib.
1738 1555 1801 1580 111.
1818 1542 1919 1592 Eleg.
1941 1554 1986 1580 11.
2007 1544 2045 1582 ὅ(
2065 1546 2153 1583 hinc
2164 1574 2184 1591 ,γ

1129 1591 1279 1638 pandere
1305 1591 1462 1629 velorum
1491 1592 1566 1628 alas
1594 1594 1755 1630 Maroni.
1784 1592 1883 1641 plura
1904 1592 1948 1630 de
1971 1593 2045 1631 hoc
2063 1596 2179 1634 verbo

1135 1640 1327 1678 videantur
1346 1644 1441 1690 apud
1461 1643 1555 1679 Gell.
1573 1643 1634 1680 lib.
1654 1655 1717 1680 xv.
1737 1654 1815 1691 cap.
1840 1655 1896 1690 15.
1919 1643 2037 1681 ini-zm.

1132 1739 1160 1778 P
1188 1704 1219 1739 5.
1247 1692 1442 1742 Horrida]
1480 1693 1744 1748 Neapolitanus
1767 1721 1778 1738 ‚
1813 1693 1945 1731 Arida.
1980 1694 2088 1734 male.
2118 1708 2184 1736 111.

1163 1750 1240 1779 ont.
1264 1755 1326 1779 111.

1181 1808 1229 1841 Et
1244 1804 1322 1854 visti
1340 1803 1383 1850 est
1402 1803 1505 1842 oculis
1524 1804 1667 1843 horrida
1681 1805 1805 1854 pluma
1826 1805 1920 1843 meis.

1130 1866 1219 1905 Vid.
1232 1867 1277 1905 ad
1289 1868 1451 1906 Petronii
1467 1880 1545 1918 cap.
1558 1880 1660 1906 xcxx.
1677 1866 1740 1904 ‘sed
1759 1879 1832 1916 qua
1850 1867 1961 1916 figura
1980 1867 2043 1904 hic
2062 1868 2181 1917 capilli

1132 1917 1243 1964 moesti
1275 1918 1347 1956 dici
1383 1918 1517 1967 poffint
1538 1947 1548 1963 ,
1588 1919 1653 1956 vix
1683 1917 1806 1955 video.
1848 1919 1887 1954 in
1918 1919 2103 1956 Vaticano
2140 1921 2180 1957 &1

1131 1967 1309 2006 Mediceo
1339 1977 1437 2013 erat,
1466 1968 1599 2006 multis.
1626 1969 1722 2005 forte
1751 1979 1816 2015 pro
1847 1967 1949 2004 cultis
1967 1997 1978 2013 ‚
2014 1969 2078 2017 qui
2106 1969 2181 2006 ele·

1132 2028 1259 2065 ganter
1287 2018 1445 2054 horridae
1471 2017 1614 2067 plumae
1641 2026 1930 2066 opponerentur.
1970 2019 2046 2057 vid.
2075 2019 2178 2069 Eleg,

1134 2067 1382 2116 praecedentis
1402 2079 1497 2106 vers.
1518 2081 1578 2116 45.
1605 2067 1865 2105 Burmannus,

1184 2121 1217 2155 6.
1245 2124 1310 2154 Pro
1328 2117 1427 2166 longa
1446 2118 1597 2166 refiment
1621 2119 1779 2155 carmina
1799 2117 1912 2165 vestra
1933 2117 2056 2168 tuba]
2088 2124 2178 2155 Len-

1131 2180 1176 2216 ga
1191 2184 1201 2203 :
1230 2176 1291 2205 aut
1313 2169 1454 2215 prolixe
1470 2168 1635 2213 sonanti,
1661 2177 1724 2207 aut
1751 2169 1878 2218 (quod
1899 2170 2012 2218 inagis
2033 2170 2173 2217 placet)

1131 2217 1277 2256 direeta.
1306 2218 1405 2255 Nam
1426 2219 1465 2255 &
1482 2220 1684 2257 cornicines
1702 2221 1739 2257 in
1758 2219 1942 2257 funeribus
1958 2219 2177 2257 adliibeban==

1131 2276 1202 2307 tur.
1229 2269 1407 2307 Horatius
1429 2268 1544 2307 Serm.
1564 2270 1656 2307 libro
1679 2271 1825 2318 primo,
1853 2272 1967 2319 Satyr.
1988 2282 2040 2306 vr.
2057 2281 2116 2315 42.

1540 2334 1596 2368 At
1617 2329 1719 2379 hicfi
1732 2330 1857 2380 plostra
1876 2331 2046 2375 ducenta,

1182 2387 1467 2433 Concurruntque
1478 2383 1555 2429 fhro
1573 2381 1644 2418 tria
1654 2382 1809 2428 funera,
1836 2395 1963 2430 magna
1974 2380 2115 2430 ftumbit

1182 2439 1322 2470 Cornua
1341 2433 1431 2483 quod
1445 2461 1456 2478 ,
1484 2432 1673 2482 vincatque
1695 2431 1808 2469 tubas.

1132 2492 1258 2531 Scribit
1290 2493 1427 2531 Plinius
1461 2493 1554 2531 libro
1593 2492 1741 2529 decimo
1782 2492 1911 2528 Natur.
1945 2490 2082 2528 Histor.
2110 2496 2176 2537 422

1132 2544 1260 2579 Corvo
1288 2544 1371 2586 illi,
1406 2544 1470 2591 qui
1497 2543 1716 2583 Tiberium,
1745 2540 1877 2578 deinde
1906 2541 2172 2580 Germanicum

1133 2593 1173 2629 &
1200 2592 1361 2629 Drusum
1386 2592 1552 2629 Caesares
1582 2591 1804 2628 nominatim
1829 2590 1998 2627 salutabat
2022 2619 2032 2635 ,
2058 2593 2174 2637 sunus

1132 2642 1323 2679 innumeris
1343 2642 1548 2678 celebratum
1566 2640 1714 2690 exequiis
1729 2668 1738 2684 ‚
1752 2640 1958 2687 constratum
1973 2640 2097 2677 leetum
2108 2642 2174 2689 su-

1125 2702 1187 2742 per
1212 2692 1421 2742 Aethiopum
1451 2692 1598 2728 duorum
1629 2691 1785 2726 humeros
1808 2717 1818 2733 ,
1844 2691 2063 2739 praecedente
2079 2692 2175 2728 tubi-

1133 2744 1206 2780 cine
1230 2743 1363 2779 elatum
1380 2742 1492 2791 fuiffiz.
1521 2743 1700 2778 Maurus.
1727 2741 1995 2778 Arondelianus
2021 2742 2060 2778 &
2079 2754 2173 2781 unus

1133 2792 1348 2838 Mediceus,
1368 2793 1489 2840 nostra.
1510 2792 1619 2829 Forte
1633 2820 1643 2835 ‚
1659 2790 1804 2839 garrula
1823 2790 1938 2838 rostra.
1958 2791 2171 2831 Hamus.

1133 2845 1289 2881 Mallem
1312 2871 1322 2887 ,
1350 2852 1410 2892 pro
1439 2842 1537 2890 longa
1565 2844 1716 2890 refiment
1743 2841 1901 2877 carmina
1929 2841 2034 2888 rostra
2064 2843 2181 2884 tuba3,

1134 2895 1243 2931 rostra
1263 2895 1350 2930 loco
1370 2892 1477 2930 tubae
1495 2892 1662 2929 resonent
1682 2892 1847 2939 lugubria
1869 2894 2029 2928 carmina
2051 2905 2058 2928 ε
2089 2897 2173 2938 reso-

1134 2959 1218 2981 nare
1236 2945 1337 2981 enim
1361 2954 1447 2981 cum
1463 2942 1667 2981 accusativo
1686 2941 1767 2979 casu
1794 2941 2016 2979 construunt.
2043 2942 2171 2989 Virgil.

1133 2996 1262 3042 Eciog.
1284 3006 1314 3031 1,

1185 3055 1382 3106 Formosam
1401 3054 1552 3105 refhnare
1570 3054 1662 3090 doces
1681 3053 1910 3104 Amaryllida
1920 3052 2066 3104 filvam.

1133 3115 1182 3153 Et
1204 3115 1333 3152 Claud.
1352 3116 1466 3153 Praef.
1487 3116 1525 3152 in
1545 3116 1661 3163 Nupt.
1682 3116 1830 3152 Honor.
1850 3128 1906 3151 ῃ.
1951 3161 1957 3166 ·

1188 3165 1352 3212 Reginam
1374 3165 1532 3214 resonant
1552 3165 1681 3213 Othrys
1700 3176 1742 3204 (φ
1762 3164 1837 3213 Ossa
1862 3164 1992 3199 Thetin.

60 3200 152 3240 fic&
163 3213 320 3254 pompam
323 3205 459 3252 foeneris
472 3205 519 3241 ire
530 3206 774 3257 Fast.vx.663.
793 3222 832 3249 ut
851 3215 985 3252 habent
1003 3213 1084 3254 libri
1138 3215 1308 3251 Francius
1343 3216 1489 3254 volebat
1512 3243 1524 3262 ,
1571 3215 1722 3265 resonent
1751 3224 1899 3264 guttura
1935 3207 2045 3256 vestra
2073 3204 2183 3244 tuba..

61 3260 207 3296 veteres.
232 3257 280 3294 ire
299 3256 336 3294 in
353 3256 509 3307 exequias
529 3257 710 3307 Corippus
727 3260 918 3302 Africanus
937 3265 1049 3303 dixit:

1139 3264 1404 3305 Burmannus.

1158 3331 1182 3343 a
2010 3318 2044 3355 ’,π
2070 3302 2174 3356 Qui
