2553 3676
712 204 1367 270 HEROIDE‘S.

1441 230 1473 268 Ε
1513 234 1557 268 Ρ.
1631 215 1749 272 1121]¹
2182 237 2242 287 39

414 315 533 386 Qua
555 309 593 363 fi
618 305 903 369 destituor,
939 316 1180 376 repetam
1204 302 1499 384 fratresque
1522 305 1826 380 virumque:

467 383 595 436 Nec
619 379 714 433 tibi
738 377 1081 449 magnificum
1105 375 1303 429 femina
1321 376 1449 447 jussa
1474 379 1627 432 mori.
1685 447 1688 449 Α

269 476 364 528 145
399 455 512 510 Cur
537 464 714 506 autem
736 450 945 521 jubeas?
984 447 1160 502 strieto
1185 460 1311 520 pete
1336 465 1563 520 corpora
1587 451 1746 505 ferro,

474 524 568 579 Est
591 524 748 585 mihi,
785 523 878 595 qui
901 521 1035 576 fosso
1057 519 1277 593 pedore
1299 520 1503 593 sanguis
1530 536 1629 576 eat.
1688 546 1691 549 “

403 597 502 654 Me
527 608 674 668 petat
699 596 785 649 ille
811 608 930 649 tuus
947 635 962 659 ‚
1001 594 1121 667 qui,
1163 591 1199 646 fi
1220 592 1339 647 Dea
1362 592 1499 666 paffa
1525 593 1728 659 sufflet,

469 668 618 724 Ensis
642 671 698 723 in
723 667 946 721 Atridae
970 664 1153 738 pefius
1180 665 1349 720 iturus
1375 678 1502 721 erat.

399 743 490 798 Ah
516 743 693 815 potius
716 741 888 795 serves
912 739 1169 802 nostram,
1209 751 1298 792 tua
1322 756 1569 802 munera,
1608 739 1788 794 vitam.

263 834 359 885 150

469 815 637 887 Quod
662 813 884 868 dederas
908 811 1042 866 hosti
1067 810 1265 875 ἡδίω,
1303 812 1471 866 amica
1498 830 1651 885 rogo,

398 889 634 944 Perdere
658 903 792 959 quos
816 885 1001 939 melius
1025 883 1212 957 possm,
1249 884 1519 956 Neptunia
1543 884 1800 957 praebent

470 961 742 1032 Pergama.
781 958 1057 1013 materiam
1083 956 1258 1011 caedis
1283 955 1346 1010 ab
1373 956 1521 1012 hoste
1544 970 1686 1030 pete.

397 1032 498 1088 Me
522 1031 718 1095 mod0,
756 1031 860 1086 five
883 1047 1029 1102 paras
1053 1029 1327 1101 impellere
1350 1030 1555 1100 remige
1584 1028 1791 1085 claffem
1806 1067 1824 1093 ‚

470 1105 593 1162 Sive
619 1123 827 1169 mane8‚
865 1102 1069 1159 domini
1088 1101 1205 1173 jure
1231 1101 1414 1158 venire
1433 1102 1573 1174 jube.

109 1310 248 1351 Ferrari
277 1312 502 1351 veterrimus.
542 1322 610 1360 pro
642 1309 780 1349 Milon.
811 1319 870 1358 32.
906 1306 1076 1363 Insultare
1106 1303 1146 1342 in

111 1363 259 1413 rempub.
279 1365 405 1401 Senec.
418 1363 528 1399 Herc.
540 1362 672 1399 furent.
684 1361 768 1408 778.
787 1361 966 1408 Succensus
983 1370 1022 1394 m
1039 1355 1144 1402 bella,

111 1422 152 1453 ut
170 1415 219 1452 ibi
237 1426 282 1452 ex
300 1413 405 1451 MSS.
424 1411 634 1462 legendum.
654 1412 865 1449 Hmusxus.
890 1410 988 1448 Nuc.
1012 1419 1095 1447 110.

505 1462 642 1499 Praeda
661 1462 833 1510 nefandae

159 1514 320 1564 conjugis
340 1514 497 1551 Aonium
515 1511 607 1562 mifit
622 1512 661 1550 in
678 1526 781 1549 arma
801 1512 934 1549 virum.

109 1564 188 1603 Ubi
206 1565 355 1615 quidam
379 1565 521 1603 codices
541 1564 652 1601 etiam
671 1564 728 1600 ad.
753 1564 791 1600 &
807 1563 904 1601 Met.
926 1573 1015 1601 xm.
1035 1569 1093 1610 39.

398 1615 581 1662 Vitataque
597 1614 710 1650 traxit
726 1613 764 1649 in
780 1625 895 1650 arma.

111 1665 190 1702 Ubi
212 1666 323 1702 etiam
339 1664 398 1700 alii
417 1664 475 1699 ad.
492 1676 558 1699 111.
578 1665 655 1700 Art.
675 1663 764 1699 Am.
784 1673 871 1709 419.

165 1721 207 1750 In
229 1714 358 1750 multas
377 1713 455 1763 lupa
473 1713 585 1749 tendit
603 1725 693 1750 oves,

114 1774 147 1802 1.
167 1764 248 1800 Art.
267 1775 328 1812 97.

161 1813 214 1848 Sic
231 1815 304 1848 ruit
319 1814 357 1849 in
379 1812 514 1849 celebres
531 1810 710 1858 cultissima
719 1810 858 1858 femina
877 1810 985 1850 ludos.

110 1862 153 1900 In
180 1863 309 1912 quibus
336 1863 505 1900 omnibus
532 1863 644 1900 etiam
670 1861 719 1897 ad
741 1861 877 1899 habent
899 1863 1044 1900 codices
1063 1861 1145 1911 plu-

108 1914 203 1952 rimi.
229 1913 490 1951 Bunmimrms.

166 1976 247 2013 139.
273 1969 327 2000 At
339 1962 372 2013 si
399 1964 516 2012 versus
533 1975 632 1999 amor
651 1972 730 1999 tuus
749 1961 791 2010 est
811 1962 849 1998 in
868 1963 984 2000 taedia
1003 1962 1142 2013 nostri.]

111 2015 268 2064 Optime
287 2014 387 2052 idem
406 2015 580 2060 Gruterus
597 2014 761 2062 legebat:
779 2018 859 2050 Aut
869 2011 904 2062 st
916 2013 1033 2062 versus
1050 2028 1148 2051 amor

111 2075 191 2101 tuus
207 2065 248 2111 est
268 2065 305 2101 in
325 2065 439 2101 taedia
465 2064 576 2111 nostri.
603 2065 707 2101 DAN.
733 2064 942 2101 Hmusms.
976 2070 1057 2101 Aut
1075 2065 1148 2102 Pu-

112 2123 261 2162 teaneus
290 2143 301 2160 ,
347 2127 416 2153 nec
451 2116 556 2164 pauci
583 2115 644 2152 alii
681 2126 726 2151 ex
766 2115 990 2154 melioribus.
1017 2115 1147 2165 placet.

112 2165 321 2204 Hfimsxus.

169 2228 247 2263 142..
274 2214 464 2265 sustinet.]
498 2215 547 2253 <In
570 2215 713 2253 Aldinis
739 2215 891 2265 legitur:
914 2216 1060 2264 Sustinet
1088 2217 1148 2254 hoc

112 2268 253 2304 animae
263 2267 334 2318 spes
352 2276 469 2303 tamen
488 2280 559 2303 una
588 2267 651 2303 tui.
678 2274 719 2304 ut
747 2266 789 2304 fit
818 2267 957 2304 dicium
987 2267 1046 2304 hoc
1068 2268 1149 2305 am·-

113 2330 191 2355 mae
219 2330 284 2366 pro
313 2318 408 2355 hanc
436 2318 608 2355 animam.
644 2318 719 2355 hoc
752 2317 852 2355 sensu
874 2346 884 2362 ‚
920 2330 992 2356 una
1021 2327 1147 2357 tamen

114 2368 190 2416 spes
209 2370 284 2412 tui,
311 2368 384 2405 five
407 2380 518 2417 quam
539 2367 584 2405 de
602 2376 638 2405 te
657 2367 776 2406 habeo
793 2368 936 2406 sustinet
955 2370 1051 2407 hanc
1071 2371 1148 2408 ani-

116 2430 216 2456 mam
237 2447 248 2463 ,
281 2419 353 2456 hoc
382 2419 430 2455 est
454 2420 569 2456 vitam
592 2430 714 2456 meam
738 2446 747 2463 ,
785 2420 910 2456 ceteris
931 2428 972 2456 ut
991 2432 1146 2470 corpore

119 2470 159 2505 &
191 2470 314 2507 colore
347 2469 601 2506 delabentibus.
640 2469 688 2506 est
724 2478 848 2506 autem
887 2480 1147 2518 argumentum

118 2518 298 2568 Epistolae
315 2520 421 2569 hujus
438 2531 483 2556 ex
504 2532 606 2557 nono
637 2519 781 2557 Iliados.
811 2531 879 2566 30,
907 2532 984 2569 quo
1010 2522 1145 2560 eodem

117 2569 210 2607 libro
246 2572 354 2607 etiam
383 2571 551 2619 pleraque
577 2570 660 2607 loca
696 2569 919 2614 difficiliora,
939 2570 964 2608 fi
991 2583 1062 2621 qua
1087 2574 1148 2610 hic

121 2620 277 2664 fuerint,
304 2620 470 2670 explicari
507 2628 687 2669 poterunt.
725 2622 946 2661 chrttus.
983 2628 1058 2658 Una
1084 2623 1148 2661 tui.

123 2668 317 2717 Vaticanus
334 2686 346 2716 ;
385 2671 538 2711 Aldinus
565 2683 653 2711 vero
676 2677 690 2719 ,'
722 2684 792 2710 una
821 2672 898 2710 mei.
935 2672 1150 2715 Ciormus.

2028 1174 2238 1231 EPI-

1199 1303 1332 1345 'Animi
1347 1307 1422 1358 spes
1448 1317 1568 1347 tamen
1593 1320 1666 1346 una
1699 1307 1771 1346 mei
1805 1313 1965 1358 quatuor
2000 1307 2092 1347 libri.
2129 1309 2242 1348 etiam

1199 1356 1316 1401 bene;
1347 1359 1489 1397 Lucan.
1514 1373 1548 1397 x.
1568 1359 1631 1398 68.

1252 1414 1325 1445 Hoc
1343 1409 1456 1446 animi
1473 1423 1541 1447 nox
1558 1423 1631 1447 una
1650 1409 1757 1447 dedit.

1202 1458 1281 1496 Nisi
1314 1460 1417 1498 malis
1441 1461 1582 1498 animae
1606 1473 1710 1498 meae.
1738 1461 1777 1497 ὃς
1805 1471 1896 1498 mox
1915 1456 2045 1508 Qdst
2061 1459 2241 1508 destituor,

1199 1521 1268 1558 pro
1285 1510 1475 1558 destituar,
1501 1512 1706 1550 Puteaneus
1735 1512 1869 1561 aliique
1890 1510 2071 1550 nonnulli.
2098 1514 2243 1552 HHNS.

1201 1559 1278 1598 vid.
1298 1560 1372 1610 sup.
1394 1573 1430 1599 v.
1455 1563 1516 1600 60.
1840 1566 1842 1568 ’

1254 1621 1333 1657 144.
1362 1617 1434 1648 Nec
1459 1612 1523 1649 tibi
1550 1611 1813 1662 magnifieum]
1842 1612 1978 1651 Douza
2001 1613 2244 1663 conjiciebat,

1200 1663 1280 1695 Nae
1299 1660 1364 1697 tibi
1377 1688 1387 1704 ,
1414 1669 1455 1698 ut
1473 1662 1514 1700 fit
1537 1662 1670 1700 Ironia.

1204 1725 1206 1727 ·
1254 1722 1333 1758 149.
1361 1716 1417 1747 At
1430 1713 1544 1760 potius
1553 1711 1711 1762 serven]
1741 1712 1805 1750 Ah
1820 1713 2026 1751 Puteaneus
2045 1725 2130 1752 cum
2148 1713 2243 1753 duo-

1197 1759 1262 1797 bus
1283 1761 1370 1798 aliis.
1390 1761 1465 1798 vid.
1485 1764 1552 1811 Ep.
1570 1775 1650 1800 x1x.
1671 1774 1752 1810 105.
1780 1763 1991 1799 mesms.

1252 1821 1332 1857 154.
1373 1811 1521 1849 Domini
1555 1824 1658 1849 more.
1676 1809 1692 1860 ]
1738 1811 1797 1849 Sic
1841 1824 1957 1861 prope
2001 1813 2039 1850 in
2082 1813 2243 1862 Epistola

1196 1856 1372 1897 Acontii:

1249 1909 1481 1955 Jamdudum
1500 1912 1659 1950 dominae
1679 1926 1771 1950 more
1790 1913 1909 1950 venire
1919 1912 2012 1963 jube.
2073 1914 2241 1953 Cxofm.

1201 1959 1292 1999 Non
1321 1961 1460 2001 damno
1487 1965 1582 2002 hanc
1610 1963 1814 2002 leffionem
1836 1978 1844 2002 z
1886 1966 2091 2002 Puteaneus
2116 1973 2241 2003 tamen

1202 2022 1288 2048 cum
1307 2013 1418 2051 tribus
1438 2014 1513 2052 aliis
1541 2014 1673 2053 domini
1694 2015 1788 2065 jure.
1813 2015 1983 2054 Paulinus
2011 2014 2169 2065 Epistola
2196 2016 2240 2054 ad

1202 2062 1432 2102 Ausonium:

1255 2115 1422 2164 Totusque
1442 2115 1552 2163 nostra
1567 2116 1647 2165 jure
1666 2114 1798 2152 domini
1816 2115 1978 2153 vindicat

1306 2168 1352 2199 Et
1372 2166 1490 2211 corda,
1513 2178 1556 2206 ω’
1572 2179 1652 2212 ora,
1673 2178 1717 2206 ω’
1734 2175 1895 2216 tempora.

1203 2211 1385 2253 Acontius
1409 2217 1623 2266 Cydippae:

1257 2271 1396 2314 Ignoras
1411 2277 1475 2303 tua
1485 2268 1572 2317 jura
1585 2296 1594 2311 ‚
1622 2281 1708 2305 voca
1721 2285 1731 2305 .·
1761 2281 1820 2305 cur
1836 2281 1959 2317 arguor
1976 2267 2120 2317 abfi’m?

1304 2318 1535 2362 Jamdudum
1554 2320 1712 2356 dominae
1730 2333 1820 2356 more
1838 2320 1956 2356 venire
1968 2319 2056 2367 jnAEe.

1203 2368 1287 2406 Hac
1316 2368 1361 2406 de
1390 2381 1485 2407 voce
1510 2369 1597 2408 vide
1614 2382 1708 2420 quae
1727 2378 1820 2408 noto
1836 2370 1898 2407 lib.
1921 2383 1949 2407 1.
1969 2371 2098 2406 Amor.
2121 2368 2176 2407 El.
2194 2368 2240 2408 112

1204 2419 1362 2457 Remed.
1380 2420 1510 2458 Amor.
1533 2433 1567 2458 v.
1593 2434 1674 2459 100.
1695 2434 1740 2459 ex
1761 2421 1916 2469 antiquis
1932 2420 2047 2457 libris:

1257 2477 1338 2507 Non
1349 2470 1437 2519 sunt
1458 2471 1589 2521 imperii
1610 2483 1685 2509 tam
1695 2473 1776 2519 jera
1787 2473 1871 2520 jura
1891 2470 1969 2506 mei.

1201 2522 1302 2559 Hinc
1315 2522 1374 2569 jus
1392 2521 1513 2558 habere
1530 2522 1569 2558 in
1588 2522 1751 2572 aliquem.
1776 2522 1837 2558 Nil
1856 2530 1994 2557 temere
2012 2528 2135 2558 tamen
2155 2531 2239 2558 mu-

1199 2571 1353 2609 tandum
1371 2572 1444 2609 hoc
1462 2572 1549 2609 loco
1562 2600 1572 2616 ,
1596 2581 1658 2610 aut
1674 2571 1699 2609 fi
1719 2571 1808 2621 quid
1825 2579 1967 2607 mutem
1981 2598 1991 2613 ,
2009 2570 2136 2608 lubens
2157 2583 2238 2608 cor-

1201 2623 1338 2672 rigam,
1365 2622 1501 2659 domino
1515 2623 1616 2671 jure,
1643 2622 1723 2666 vel,
1752 2634 1864 2663 more;
1894 2620 1939 2658 de
1958 2633 2028 2670 qua
2044 2621 2236 2659 locutione

1203 2674 1312 2724 paulo
1331 2682 1415 2714 ante
1433 2674 1625 2724 agebamus
1643 2674 1710 2712 hac
1734 2672 1806 2722 ipsa
1826 2671 1997 2721 Epistola.
2028 2672 2238 2711 Hzmsxus.
