2553 3676
353 179 732 239 ART‘IS
803 173 1574 236 AMATORIAE
1646 199 1822 236 Lrss.
1891 181 1935 237 I.

2157 198 2252 253 553

397 274 568 329 Parva
591 276 729 327 leves
753 266 968 338 capiunt
993 264 1212 317 animos,
1252 264 1353 319 fuit
1375 265 1515 320 utile·
1528 267 1736 330 multiS,

259 351 362 400 160

473 346 757 400 Pulvinum
784 338 923 392 facili
947 335 1297 407 composuisse
1322 355 1496 392 manu.

396 414 607 474 Profuit
632 413 687 466 &
713 410 861 464 tenui
885 423 1109 463 ventum
1132 407 1353 461 movisse
1372 410 1597 472 tabella3

462 485 539 540 Et
563 502 688 539 cava
719 482 812 536 sub
839 495 1087 537 tenerum
1109 481 1316 535 scamna
1339 480 1540 535 dedisse
1564 484 1776 552 pedem.

387 557 514 612 Hos
537 556 710 610 aditus
734 554 1036 629 Circusque
1065 572 1210 609 novo
1235 552 1511 626 praebebit
1533 556 1730 617 amori,

466 629 756 702 Sparsaque
780 629 1007 683 sollicito
1031 627 1186 682 tristis
1211 645 1367 681 arena
1387 626 1528 681 foro..

243 706 343 773 πός
378 702 468 763 Illa
491 705 643 774 saepe
667 720 799 774 puer
827 701 1059 757 Veneris
1083 700 1342 772 pugnavit
1367 700 1551 754 arena:

457 774 531 830 Et
558 775 651 848 qui
676 773 928 846 speclav'it
951 774 1196 836 vulnera,
1232 773 1423 826 >vulnus
1445 771 1623 826 habet.

383 848 532 903 Dum
558 848 826 920 loquitur,
863 848 1142 919 tangitque
1164 862 1408 907 manum,
1446 845 1726 918 poscitque
1756 845 2019 912 libellum3

455 920 529 976 Et
554 920 789 996 quaerit,
825 920 1002 993 posito
1028 936 1282 995 pignore,
1317 917 1493 976 vineat
1522 931 1676 982 uter-3

11 1175 13 1181 ,
130 1132 280 1186 ιἘὀηῠνῡνε
303 1149 361 1174 nos
378 1136 486 1185 facili
511 1136 608 1175 dulce
625 1136 779 1186 feremus
806 1150 902 1177 onus.

83 1182 136 1225 Et
160 1188 320 1227 Martial.
340 1190 458 1238 Spee.
481 1201 541 1239 23.

137 1237 199 1274 Ille
223 1240 308 1277 tulit
328 1242 477 1289 geminos
494 1240 601 1288 facili
628 1240 755 1278 cervice
775 1241 955 1290 juvencos.‘

9 1275 13 1303 '⁶
83 1287 173 1325 Vid.
193 1288 355 1329 Pafferat.
376 1291 422 1329 ad
438 1292 605 1340 >Propert.
623 1292 684 1329 lib.
704 1305 749 1329 11.
770 1292 872 1340 Eleg.
895 1303 926 1328 1-
945 1301 1023 1340 pag·
1045 1302 1130 1347 2:45·

80 1336 195 1386 gloffa
224 1341 272 1378 est
299 1353 387 1391 ergo
420 1344 462 1379 τῦ
492 1342 602 1380 molli.
629 1342 767 1379 mollem
795 1354 969 1386 manum,
997 1352 1130 1379 arttcu-

81 1388 179 1434 lum,
208 1399 249 1428 ut
266 1393 305 1429 ὃς
325 1392 436 1429 levem
456 1406 605 1430 manum
618 1422 629 1438 ‚
656 1393 731 1430 leve
749 1392 932 1430 brachium
954 1393 1130 1441 explicui-

78 1450 161 1477 mus
173 1441 218 1479 ad
228 1443 635 1491 Quin&.i1v.1nst.4.&
647 1456 698 1481 12.
711 1444 771 1482 sed
785 1445 821 1481 in
836 1445 1004 1481 statuario
1016 1456 1129 1493 opere

12 1521 13 1527 ,
79 1490 121 1528 &
143 1490 315 1532 fimilibus
344 1494 501 1532 artificiis
521 1495 644 1542 facilis
666 1497 704 1532 &
725 1494 839 1532 mollis
863 1495 960 1532 idem
984 1503 1128 1534 notant.

12 1583 13 1589 ¹
77 1541 165 1580 vide
185 1543 315 1593 virgil.
337 1545 464 1595 Eclog.
483 1558 546 1583 111.
566 1546 621 1589 >3111
643 1546 701 1595 38.
721 1547 761 1584 ὃς
781 1558 839 1594 4ς.
860 1546 1127 1584 Bummnuus.

132 1594 213 1631 161.
241 1596 379 1642 Profuit
396 1608 439 1636 (9⁴
457 1607 572 1633 tenues
591 1597 749 1647 vent05.]
771 1597 906 1634 Melius
927 1597 1122 1641 Palatinus,

11 1634 14 1648 ⁵
77 1644 216 1690 Profuit
234 1657 278 1685 (φ’
294 1657 414 1683 ventos
433 1648 529 1684 tenui
544 1646 842 1697 moviffeflabello.
858 1648 1123 1687 DAN.H1-:ms.

76 1695 187 1731 Tenui
219 1707 368 1742 ventos,
393 1697 512 1746 scripti
542 1698 718 1747 plerique.
758 1700 894 1747 Regius
923 1708 1048 1737 tamen
1080 1701 1119 1737 ὃς

13 1765 14 1770 =
76 1745 325 1793 Oxonienfis,
351 1749 447 1785 tenui
474 1759 578 1785 vento
603 1748 741 1798 moviffie
762 1749 939 1786 tabellam.
968 1750 1122 1798 optime.

13 1803 15 1826 1
74 1794 252 1835 Intimelii
285 1799 404 1836 codex
425 1828 435 1844 ‚
473 1809 594 1835 ventos
630 1800 767 1848 moviffie
803 1799 939 1836 tabella.
977 1802 1014 1837 in
1043 1813 1121 1838 uno

58 1845 382 1893 -Vatican0‚tenui
400 1860 549 1886 ventum
570 1849 708 1898 movisse
725 1850 863 1888 tabella.
882 1850 985 1900 quod
1006 1853 1122 1889 maxi-

14 1894 15 1913 *
73 1908 136 1935 me
163 1899 292 1947 placet.
319 1912 441 1950 neque
468 1900 571 1937 aliter
599 1901 881 1939 Arondelianus.
918 1901 959 1939 In
987 1902 1122 1940 Farne-

14 1994 15 1999 ¹
73 1948 175 1986 fiano
196 1978 205 1994 ,
232 1950 398 2000 scabella.
435 1950 510 1989 duo
538 1951 598 1989 alii
619 1979 629 1997 ‚
657 1950 808 2002 flagello.
836 1953 1026 1991 Amorum
1059 1953 1121 1992 lib.

72 2012 137 2038 111.
160 2002 260 2050 Eleg.
283 2015 326 2040 11.

6 2062 10 2069 ·
129 2052 186 2088 Vis
202 2062 322 2089 tamen
341 2053 471 2090 interea
489 2063 605 2090 tenues
624 2054 778 2103 art-effere
795 2065 939 2101 ventos,

178 2105 272 2151 §Quos
284 2104 401 2150 faciat
421 2104 534 2151 nostra*
554 2115 649 2141 mota
665 2105 795 2141 tabella
814 2119 938 2143 manu.

16 2163 17 2167 ¹
75 2152 133 2190 Ita
158 2154 196 2192 ὃς
223 2154 287 2191 illo
314 2155 401 2192 loco
429 2155 643 2193 vetustiores
671 2156 772 2200 libri,
803 2167 843 2194 ut
865 2156 1054 2195 Salmasius
1079 2159 1117 2195 in

15 2238 17 2251 1
70 2203 141 2241 suis
170 2216 322 2254 quoque
347 2206 548 2243 invenerat.
584 2206 687 2255 quod
717 2207 864 2244 testatur
891 2208 936 2245 ad
963 2209 1115 2246 Pallium

16 2255 17 2284 l
74 2252 307 2293 Tertulliani.
336 2256 433 2305 apud
454 2257 686 2305 Propertium
708 2257 768 2295 lib.
788 2269 842 2295 1v..
860 2258 963 2308 Eleg.
981 2271 1034 2296 1x.
1055 2271 1117 2308 49.

16 2323 18 2345 z
75 2303 254 2344 Hercules
272 2306 318 2344 de
334 2307 368 2344 se
383 2320 391 2344 :

124 2357 245 2394 Mollis
265 2369 307 2396 ω’
324 2357 500 2406 hirsutum
520 2359 602 2409 cepit
621 2359 711 2396 mihi
722 2359 836 2409 fascia
852 2361 989 2409 pestus,

176 2413 223 2443 Et
243 2408 404 2445 manibus
422 2409 519 2447 duris
536 2420 618 2460 apta
639 2410 768 2447 tabella
782 2411 873 2457 fuit.

17 2476 19 2503 j
72 2456 131 2494 Ita
158 2456 284 2495 scribo.
311 2460 424 2507 vulgo
452 2461 576 2508 inepte
600 2461 732 2509 legitur
753 2489 762 2505 ‚
801 2472 882 2510 apta
907 2462 1023 2511 puella
1042 2463 1114 2510 fui.

0 2511 19 2530 ²
74 2508 218 2553 Miror,
247 2516 286 2546 ut
312 2510 375 2558 qui
408 2511 593 2554 maxime,
620 2512 711 2547 nihil
740 2523 811 2548 nec
842 2524 979 2560 magno
1006 2515 1117 2551 Scali-

0 2573 5 2589 1
70 2569 183 2607 gero,
210 2571 281 2596 nec
298 2558 362 2607 ipfi
386 2558 559 2597 Salmafio
578 2561 623 2597 de
640 2561 779 2598 mendo
800 2562 1026 2610 Propertiani
1045 2564 1114 2601 hu-

65 2610 126 2658 jus
145 2609 218 2647 loci
236 2608 436 2647 suboluiffe.
465 2611 636 2659 scriptum
659 2613 775 2649 fuerat
794 2613 1013 2662 antiquitus,
1032 2623 1114 2663 apta

70 2660 166 2697 vella
181 2673 246 2709 pro
265 2660 414 2703 tavella,
429 2673 511 2699 cum
528 2663 764 2709 posteriorem
786 2663 824 2700 in
842 2672 922 2713 apta
942 2664 1112 2713 syllabam

70 2710 282 2759 neglexiffet
313 2713 501 2760 geminare
531 2714 702 2751 librarius.
743 2713 837 2749 vella
867 2726 932 2763 pro
961 2714 1049 2751 bella
1071 2716 1109 2753 in

68 2762 215 2799 vetustis
238 2763 424 2800 codicibus
451 2764 499 2801 est
523 2765 867 2814 frequentissimum.
894 2765 942 2802 fic
961 2766 1006 2804 de
1027 2779 1111 2804 um-

70 2812 221 2850 braculis
241 2825 317 2850 non
336 2814 502 2852 diffimile
523 2815 662 2863 prorsus
682 2816 730 2853 est
745 2845 754 2859 ,
783 2816 886 2865 quod
908 2829 998 2854 mox
1015 2817 1108 2854 libro

67 2863 229 2900 secundo
260 2876 350 2901 vers.
375 2877 459 2913 209.
478 2866 637 2903 dicturus
658 2867 706 2904 est
726 2869 859 2904 Noster
874 2896 884 2911 ‚
912 2868 973 2905 ubi
996 2869 1107 2906 etiam

69 2914 235 2951 servilem
273 2926 422 2962 operam
458 2917 585 2964 puellis
610 2916 684 2954 effe
710 2918 959 2966 praestandam
987 2921 1108 2956 innuit

65 2964 110 3002 ab
131 2976 316 3002 amatore:

123 3018 189 3065 Ipse
206 3026 280 3051 tene
293 3015 444 3062 distenta
463 3016 531 3059 suis
550 3018 755 3055 umbracula
774 3019 894 3068 virgis.

174 3066 240 3115 Ipse
257 3068 332 3110 fiace
351 3068 390 3102 in
411 3066 514 3102 turha
528 3094 538 3108 ‚
565 3075 633 3116 iqua
654 3072 752 3106 venit
773 3071 835 3107 illa
850 3099 859 3115 ,
885 3071 1008 3110 locum.

70 3117 118 3156 Et
140 3117 228 3154 Fast.
251 3131 295 3154 η.
319 3129 398 3165 311.
420 3117 464 3154 de
488 3116 622 3153 eodem
644 3119 824 3158 Hercule:

122 3173 244 3206 Aurea
261 3167 430 3217 pellebant
448 3166 582 3215 rapidos
602 3167 803 3206 umbracula
817 3172 924 3219 fides,

173 3221 274 3266 Quae
292 3230 411 3255 tamen
432 3217 614 3254 Herculeae
623 3219 809 3265 sustinuere
827 3235 964 3260 manus.
1016 3222 1021 3225 “

69 3269 264 3308 &labellum
293 3271 426 3309 Latine
455 3269 527 3308 dici
553 3268 650 3307 haud
671 3269 827 3317 ignoro,
856 3283 941 3311 cum
963 3274 1110 3313 Teren-

2019 993 2239 1054 Saucius

1187 1136 1259 1176 tius
1288 1149 1330 1176 ac
1364 1136 1542 1176 Martialis
1579 1146 1620 1174 ea
1650 1146 1748 1175 voce
1774 1132 1844 1174 fint
1869 1133 1922 1174 ufi
1944 1161 1954 1178 ‚
1992 1133 2053 1172 sed
2082 1137 2238 1183 primam

1188 1189 1265 1236 ejus
1297 1191 1398 1227 vocis
1422 1188 1594 1236 syllabam
1625 1199 1704 1224 non
1735 1186 1835 1236 poffe
1861 1186 1994 1234 corripi
2014 1185 2133 1223 habeo
2158 1199 2239 1235 per-

1187 1238 1341 1278 suasum.
1369 1238 1582 1278 Producunt
1603 1246 1700 1276 certe
1721 1238 1929 1286 Propertius
1944 1264 1954 1280 ,
1984 1236 2022 1273 &
2044 1237 2239 1276 Martialis.

1187 1289 1341 1328 Fie‘bant
1360 1300 1483 1328 autem
1511 1289 1647 1327 flabella
1676 1301 1723 1326 ex
1741 1289 1869 1326 tabulis
1888 1287 2116 1326 tenuioribus
2131 1316 2140 1331 ,
2168 1299 2240 1325 un-

1185 1340 1232 1378 de
1252 1341 1460 1379 &tabellae
1483 1340 1612 1378 dietae.
1641 1340 1790 1377 Graecis
1812 1340 1904 1376 haec
1932 1338 2062 1375 tabella
2085 1338 2176 1383 ῥῑπις
2196 1339 2237 1376 ὃς

1185 1391 1346 1437 ῥιπίδιον,
1376 1394 1449 1428 ἀπὸ
1477 1391 1603 1438 ριπὶζω
1627 1390 1771 1427 ventilo.
1799 1390 1894 1428 Puto
1913 1390 1987 1437 pari
2010 1388 2128 1427 modo
2153 1401 2237 1426 cor-

1184 1443 1379 1491 rigendum
1410 1440 1480 1480 effe
1502 1454 1651 1480 carmen
1672 1441 1718 1480 de
1739 1440 1927 1479 Menfibus
1941 1467 1952 1485 ,
1980 1440 2083 1490 quod
2103 1440 2143 1478 in
2163 1440 2241 1487 Caff

1184 1494 1323 1532 taleffis
1344 1494 1552 1532 Pithoeanis
1576 1501 1697 1531 extat:

1234 1545 1432 1593 Augustum
1446 1545 1586 1594 penitus
1610 1553 1714 1580 torret
1735 1543 1966 1582 Pha'e'tontius
1989 1542 2117 1579 ardor.-

1286 1599 1402 1644 Qzem
1419 1606 1573 1632 recreant
1584 1595 1733 1643 fessum,
1756 1596 1862 1644 gillo,
1882 1593 2037 1641 scabilla,
2068 1592 2166 1631 melo.

1181 1646 1236 1684 Ita
1266 1648 1368 1685 enim
1392 1647 1522 1696 legitur
1554 1646 1731 1695 posterior
1761 1647 1881 1684 versus
1909 1647 1946 1682 in
1971 1645 2100 1682 codice
2118 1644 2233 1693 longe

1182 1698 1422 1736 vetustiffimo
1444 1726 1454 1742 ‚
1490 1709 1603 1746 quem
1642 1697 1767 1734 Petrus
1808 1696 2008 1735 Scriverius
2045 1696 2138 1732 mihi
2164 1696 2233 1733 ali—

1178 1748 1330 1798 quando
1361 1748 1542 1787 utendum
1569 1747 1680 1786 dedit.
1709 1749 1790 1785 Nec
1818 1749 1857 1785 in
1879 1746 2063 1785 diversum
2085 1746 2157 1782 abit
2178 1746 2231 1784 al-=

1179 1807 1258 1844 ter,
1286 1800 1350 1850 qui
1379 1811 1492 1849 penes
1522 1800 1660 1837 multae
1680 1799 1894 1836 eruditionis
1917 1799 2039 1835 virum
2064 1796 2227 1834 isaacum

1178 1851 1350 1889 Voffium
1381 1858 1491 1889 extat.
1516 1851 1555 1887 in
1581 1862 1658 1899 quo
1687 1849 1770 1898 gillo
1792 1878 1802 1893 ‚
1820 1848 1939 1895 faula.
1966 1847 2068 1885 Eliae
2098 1847 2230 1886 Vineti

1178 1901 1320 1946 codex,
1330 1901 1434 1950 gillo,
1455 1901 1574 1949 faula.
1604 1900 1794 1948 Scripserat
1820 1898 1974 1942 auctor,
2004 1896 2070 1935 nisi
2099 1897 2229 1943 fallor,

1173 1952 1256 2000 gillo
1282 1952 1424 1990 tabella.
1451 1952 1551 1990 unde
1572 1950 1730 1995 rawella,
1753 1952 1792 1988 &
1820 1962 1911 1987 mox
1943 1948 2070 1992 taula,
2093 1948 2198 1998 situla
2216 1978 2229 1993 0

1166 2003 1276 2049 faula
1304 2004 1456 2042 fastum.
1492 2002 1570 2040 Nisi
1591 2001 1736 2052 flabella
1767 2002 1810 2040 ab
1840 2013 1887 2039 eo
1921 1999 2089 2038 reli-&tum
2122 1999 2226 2038 fuisse

1177 2054 1386 2100 credimus,
1421 2066 1500 2092 non
1530 2053 1651 2091 habita
1682 2054 1790 2090 metri
1820 2053 1974 2089 ratione.
2011 2049 2092 2088 Esse
2120 2051 2224 2088 enim

1176 2115 1324 2143 carmen
1351 2106 1594 2155 posteriorum
1626 2113 1840 2152 temporum
1869 2115 1945 2140 vox
1967 2101 2052 2150 gello
2077 2100 2223 2139 abunde

1174 2157 1337 2201 evincit,
1365 2169 1450 2195 cum
1467 2155 1631 2205 gellonem
1655 2154 1811 2192 Isidorus
1833 2155 1871 2192 in
1891 2153 2023 2191 Gloffis
2044 2151 2221 2208 baufalem

1172 2207 1452 2255 interpretetur,
1480 2219 1542 2244 vas
1562 2217 1699 2254 nempe
1720 2206 1891 2243 vitreum,
1919 2204 1965 2242 de
1988 2215 2064 2252 quo
2089 2202 2219 2258 viden·

1172 2257 1238 2295 dus
1268 2258 1424 2307 Scaliger
1449 2257 1494 2296 ad
1519 2257 1577 2295 illa
1602 2257 1783 2305 Propertii
1805 2256 1864 2294 lib.
1884 2267 1938 2292 1v.
1963 2268 2050 2291 vm.
2075 2265 2130 2302 37.
2161 2258 2218 2288 Vt-

1173 2309 1288 2358 trique
1308 2309 1440 2357 aestiva
1462 2308 1625 2358 supellex.
1654 2307 1796 2354 Aestivo
1825 2317 1857 2343 te
1870 2306 1987 2356 prolate
2004 2305 2096 2341 vitro
2122 2303 2219 2358 apud

1172 2359 1381 2398 Austorem
1402 2361 1542 2409 Copae.
1570 2370 1656 2396 nam
1678 2358 1782 2407 quod
1803 2358 1902 2396 idem
1923 2356 2076 2404 Scaliger
2087 2353 2219 2399 factlla

1172 2422 1240 2459 pro
1259 2411 1395 2458 fabella
1421 2410 1584 2461 agnoscit
1609 2410 1647 2446 in
1676 2410 1740 2446 illo
1763 2409 1924 2446 carmine
1941 2434 1951 2450 ‚
1979 2418 2054 2443 non
2074 2404 2218 2452 persua-

1173 2461 1338 2505 det,·.nec
1356 2462 1487 2511 probo.
1514 2462 1616 2498 aliter
1629 2468 1755 2497 tamen
1771 2459 1933 2507 gillonem
1948 2456 2031 2512 ,seu
2047 2453 2215 2511 gellonem

1170 2513 1453 2562 interpretantur
1483 2509 1630 2550 Gloffae
1662 2512 1826 2558 optimae
1855 2508 1961 2544 MSS.
1992 2518 2028 2562 m
2058 2505 2213 2555 quibus,

1171 2564 1338 2613 Aquale,
1361 2563 1473 2611 gello,
1502 2561 1718 2598 ποδὲκοιλᾱν.
1754 2559 1799 2597 de
1826 2557 1956 2607 gellone
1986 2556 2071 2593 vide
2103 2557 2214 2594 Ono-

1170 2614 1348 2652 masticon
1374 2612 1559 2651 Rosweidi
1579 2611 1624 2648 ad
1644 2612 1733 2648 vitas
1755 2617 1911 2658 patrum.
1931 2608 2146 2644 HnrNsrus.

1225 2666 1305 2710 167.
1329 2665 1519 2714 Tangitque
1539 2661 1877 2709 manum‚poscitque
1896 2658 2081 2708 libellum]
2105 2658 2211 2714 Haec

1167 2716 1313 2753 Merula
1341 2716 1386 2753 de
1413 2714 1602 2762 sortilegiis
1632 2714 1669 2749 ὃς
1700 2710 1986 2749 divinationibus
2003 2737 2016 2753 ,
2050 2720 2145 2758 quae
2169 2721 2209 2747 m

1166 2769 1266 2805 circo
1294 2766 1371 2805 fieri
1395 2765 1557 2803 solebant
1576 2792 1585 2807 ‚
1611 2762 1778 2810 explicat.
1806 2762 1844 2798 &
1873 2772 1959 2798 eum
1987 2760 2128 2816 secutus
2158 2760 2208 2797 est

1165 2819 1330 2867 egregius
1350 2818 1409 2854 ille
1438 2815 1620 2864 Crispinus
1641 2814 1883 2862 Interpretum
1905 2813 2107 2867 Regiorum
2131 2811 2210 2848 Co-

1163 2870 1364 2917 ryphaeus;
1395 2866 1600 2904 admodum
1630 2865 1812 2912 imperite.
1856 2863 1926 2899 hae
1956 2874 2054 2899 enim
2087 2873 2205 2898 vacuo

1164 2920 1265 2956 circo
1302 2919 1351 2955 ibi
1393 2917 1674 2955 celebrabantur.
1710 2914 1796 2951 vide
1825 2914 1958 2950 Horat.
1992 2925 2023 2949 1.
2053 2912 2123 2949 Sat.
2149 2922 2204 2946 vr.

1169 2982 1250 3019 113.
1285 2969 1346 3006 sed
1377 2968 1564 3016 sequentia
1598 2966 1777 3002 evincunt
1809 2964 2028 3014 apertissime
2066 2963 2121 3010 agi
2157 2959 2203 2995 de

1163 3020 1382 3068 sponsione,
1409 3027 1531 3056 utrum
1565 3018 1753 3061 vinceret,
1781 3015 1941 3053 Prafinus
1958 3026 2002 3051 an
2022 3013 2200 3052 Venetus,

1163 3072 1238 3109 &a
1263 3069 1430 3119 Juvenal.
1452 3070 1522 3106 Sat.
1540 3081 1592 3105 XI.
1616 3080 1696 3116 199.

1344 3122 1493 3170 SpeHent
1508 3120 1674 3168 juvenes,
1703 3130 1784 3166 quos
1803 3116 1931 3154 clamor
1952 3125 1994 3152 <9¹
2011 3110 2133 3147 audax

1218 3171 1345 3221 Sponfio
1356 3200 1368 3216 ‚
1382 3185 1463 3222 quos
1482 3170 1593 3207 cultae
1610 3170 1701 3205 decet
1713 3168 1869 3216 adsedisse
1882 3164 2022 3220 puellae.
2046 3212 2051 3216 .

1165 3223 1241 3260 Ubi
1271 3222 1355 3260 vide
1384 3225 1618 3271 interpretes,
1646 3220 1760 3267 &qui
1789 3218 1833 3254 de
1858 3218 1966 3252 Circo
1990 3210 2201 3258 scripserunt

1164 3273 1239 3312 hoc
1259 3273 1462 3322 pleniffime
1489 3272 1711 3312 illustrantes.
1743 3267 1855 3304 Recle
1874 3274 1962 3302 vero
1985 3264 2118 3300 Douza
2139 3262 2203 3318 ado

1616 3319 1650 3354 A
1670 3329 1687 3355 a
1708 3328 1727 3353 a
1749 3327 1769 3353 a
2036 3321 2181 3351 notavit
2195 3340 2206 3359 ,
