<?xml version="1.0" encoding="UTF-8"?>
<!DOCTYPE html PUBLIC "-//W3C//DTD XHTML 1.0 Transitional//EN"
    "http://www.w3.org/TR/xhtml1/DTD/xhtml1-transitional.dtd">
<html xmlns="http://www.w3.org/1999/xhtml" xml:lang="en" lang="en">
 <head>
  <title>
</title>
<meta http-equiv="Content-Type" content="text/html;charset=utf-8" />
  <meta name='ocr-system' content='tesseract 3.04.00' />
  <meta name='ocr-capabilities' content='ocr_page ocr_carea ocr_par ocr_line ocrx_word'/>
</head>
<body>
  <div class='ocr_page' id='page_1' title='image "./publiiovidiinaso01ovid/publiiovidiinaso01ovid_0864.png"; bbox 0 0 2553 3676; ppageno 0'>
   <div class='ocr_carea' id='block_1_1' title="bbox 226 198 329 247">
    <p class='ocr_par' dir='ltr' id='par_1_1' title="bbox 226 198 329 247">
     <span class='ocr_line' id='line_1_1' title="bbox 226 198 329 247; baseline -0.049 0"><span class='ocrx_word' id='word_1_1' title='bbox 226 198 329 247; x_wconf 45' lang='lat' dir='ltr'>‘too</span> 
     </span>
    </p>
   </div>
   <div class='ocr_carea' id='block_1_2' title="bbox 515 134 2034 243">
    <p class='ocr_par' dir='ltr' id='par_1_2' title="bbox 515 134 2034 243">
     <span class='ocr_line' id='line_1_2' title="bbox 515 134 2034 243; baseline -0.001 0"><span class='ocrx_word' id='word_1_2' title='bbox 515 134 699 243; x_wconf 17' lang='lat' dir='ltr'>*AD</span> <span class='ocrx_word' id='word_1_3' title='bbox 775 180 1242 239; x_wconf 86' lang='lat' dir='ltr'>LIVIAM</span> <span class='ocrx_word' id='word_1_4' title='bbox 1315 179 2034 242; x_wconf 85' lang='lat' dir='ltr'><strong>AUGUSTAM.</strong></span> 
     </span>
    </p>
   </div>
   <div class='ocr_carea' id='block_1_3' title="bbox 418 267 2079 931">
    <p class='ocr_par' dir='ltr' id='par_1_3' title="bbox 516 267 1959 418">
     <span class='ocr_line' id='line_1_3' title="bbox 516 267 1850 346; baseline 0 -16"><span class='ocrx_word' id='word_1_5' title='bbox 516 274 732 346; x_wconf 83' lang='lat' dir='ltr'><strong>Nempe</strong></span> <span class='ocrx_word' id='word_1_6' title='bbox 758 290 855 346; x_wconf 87' lang='lat' dir='ltr'>per</span> <span class='ocrx_word' id='word_1_7' title='bbox 883 272 982 325; x_wconf 84' lang='lat' dir='ltr'>hos</span> <span class='ocrx_word' id='word_1_8' title='bbox 1007 268 1169 322; x_wconf 86' lang='lat' dir='ltr'>etiam</span> <span class='ocrx_word' id='word_1_9' title='bbox 1191 267 1433 325; x_wconf 87' lang='lat' dir='ltr'>Fortuna</span> <span class='ocrx_word' id='word_1_10' title='bbox 1457 271 1647 343; x_wconf 84' lang='lat' dir='ltr'>injuria</span> <span class='ocrx_word' id='word_1_11' title='bbox 1671 290 1850 330; x_wconf 87' lang='lat' dir='ltr'>mores</span> 
     </span>
     <span class='ocr_line' id='line_1_4' title="bbox 594 341 1959 418; baseline 0.003 -21"><span class='ocrx_word' id='word_1_12' title='bbox 594 347 842 418; x_wconf 78' lang='lat' dir='ltr'>Regnat3</span> <span class='ocrx_word' id='word_1_13' title='bbox 884 344 945 397; x_wconf 71' lang='grc' dir='ltr'>δε</span> <span class='ocrx_word' id='word_1_14' title='bbox 976 342 1184 397; x_wconf 61' lang='lat' dir='ltr'>ineerta</span> <span class='ocrx_word' id='word_1_15' title='bbox 1208 341 1283 397; x_wconf 90' lang='lat' dir='ltr'>est</span> <span class='ocrx_word' id='word_1_16' title='bbox 1314 344 1401 398; x_wconf 75' lang='lat' dir='ltr'>hic</span> <span class='ocrx_word' id='word_1_17' title='bbox 1429 361 1650 417; x_wconf 90' lang='lat' dir='ltr'>quoque</span> <span class='ocrx_word' id='word_1_18' title='bbox 1673 347 1797 402; x_wconf 78' lang='lat' dir='ltr'>nixa</span> <span class='ocrx_word' id='word_1_19' title='bbox 1821 348 1959 403; x_wconf 61' lang='lat' dir='ltr'>rota.</span> 
     </span>
    </p>

    <p class='ocr_par' dir='ltr' id='par_1_4' title="bbox 523 416 2072 561">
     <span class='ocr_line' id='line_1_5' title="bbox 523 416 2072 494; baseline 0 -19"><span class='ocrx_word' id='word_1_20' title='bbox 523 419 641 476; x_wconf 66' lang='lat' dir='ltr'>Hic</span> <span class='ocrx_word' id='word_1_21' title='bbox 666 434 887 491; x_wconf 87' lang='lat' dir='ltr'>quoque</span> <span class='ocrx_word' id='word_1_22' title='bbox 911 416 1162 471; x_wconf 82' lang='lat' dir='ltr'>sentitur:</span> <span class='ocrx_word' id='word_1_23' title='bbox 1203 433 1272 471; x_wconf 90' lang='lat' dir='ltr'>ne</span> <span class='ocrx_word' id='word_1_24' title='bbox 1296 417 1430 490; x_wconf 86' lang='lat' dir='ltr'>quid</span> <span class='ocrx_word' id='word_1_25' title='bbox 1453 435 1564 471; x_wconf 91' lang='lat' dir='ltr'>non</span> <span class='ocrx_word' id='word_1_26' title='bbox 1591 419 1835 492; x_wconf 79' lang='lat' dir='ltr'>improba</span> <span class='ocrx_word' id='word_1_27' title='bbox 1860 431 2072 494; x_wconf 84' lang='lat' dir='ltr'>carpat,</span> 
     </span>
     <span class='ocr_line' id='line_1_6' title="bbox 601 487 1807 561; baseline 0.002 -15"><span class='ocrx_word' id='word_1_28' title='bbox 601 493 810 553; x_wconf 79' lang='lat' dir='ltr'>Saevit3</span> <span class='ocrx_word' id='word_1_29' title='bbox 852 488 908 543; x_wconf 82' lang='lat'>&amp;</span> <span class='ocrx_word' id='word_1_30' title='bbox 937 487 1188 560; x_wconf 78' lang='lat' dir='ltr'>injustum</span> <span class='ocrx_word' id='word_1_31' title='bbox 1205 489 1291 559; x_wconf 83' lang='lat' dir='ltr'>jus</span> <span class='ocrx_word' id='word_1_32' title='bbox 1320 488 1412 542; x_wconf 78' lang='lat' dir='ltr'>fibi</span> <span class='ocrx_word' id='word_1_33' title='bbox 1438 488 1637 561; x_wconf 89' lang='lat' dir='ltr'>ubique</span> <span class='ocrx_word' id='word_1_34' title='bbox 1663 493 1807 550; x_wconf 67' lang='lat' dir='ltr'>facit,</span> 
     </span>
    </p>

    <p class='ocr_par' dir='ltr' id='par_1_5' title="bbox 418 560 1607 636">
     <span class='ocr_line' id='line_1_7' title="bbox 418 560 1607 636; baseline -0.006 -15"><span class='ocrx_word' id='word_1_35' title='bbox 418 585 485 636; x_wconf 76' lang='lat'>55</span> <span class='ocrx_word' id='word_1_36' title='bbox 527 565 741 622; x_wconf 75' lang='lat' dir='ltr'>Scilicet</span> <span class='ocrx_word' id='word_1_37' title='bbox 767 563 1018 619; x_wconf 86' lang='lat' dir='ltr'>immunis</span> <span class='ocrx_word' id='word_1_38' title='bbox 1046 561 1082 615; x_wconf 85' lang='lat' dir='ltr'><strong>fi</strong></span> <span class='ocrx_word' id='word_1_39' title='bbox 1109 560 1278 616; x_wconf 66' lang='lat' dir='ltr'><strong>lufifis</strong></span> <span class='ocrx_word' id='word_1_40' title='bbox 1303 578 1406 615; x_wconf 86' lang='lat' dir='ltr'>una</span> <span class='ocrx_word' id='word_1_41' title='bbox 1431 560 1607 614; x_wconf 87' lang='lat' dir='ltr'>fuisset</span> 
     </span>
    </p>

    <p class='ocr_par' dir='ltr' id='par_1_6' title="bbox 609 632 1760 703">
     <span class='ocr_line' id='line_1_8' title="bbox 609 632 1760 703; baseline -0.003 -9"><span class='ocrx_word' id='word_1_42' title='bbox 609 639 794 702; x_wconf 87' lang='lat' dir='ltr'>Livia,</span> <span class='ocrx_word' id='word_1_43' title='bbox 831 635 1101 691; x_wconf 82' lang='lat' dir='ltr'>Fortunae</span> <span class='ocrx_word' id='word_1_44' title='bbox 1125 649 1290 703; x_wconf 85' lang='lat' dir='ltr'>regna</span> <span class='ocrx_word' id='word_1_45' title='bbox 1314 632 1523 687; x_wconf 85' lang='lat' dir='ltr'>minora</span> <span class='ocrx_word' id='word_1_46' title='bbox 1547 632 1760 690; x_wconf 86' lang='lat' dir='ltr'>forent?</span> 
     </span>
    </p>

    <p class='ocr_par' dir='ltr' id='par_1_7' title="bbox 537 704 1856 840">
     <span class='ocr_line' id='line_1_9' title="bbox 537 704 1856 786; baseline -0.001 -19"><span class='ocrx_word' id='word_1_47' title='bbox 537 712 728 786; x_wconf 86' lang='lat' dir='ltr'><strong>Quid?</strong></span> <span class='ocrx_word' id='word_1_48' title='bbox 756 711 793 766; x_wconf 89' lang='lat' dir='ltr'>fi</span> <span class='ocrx_word' id='word_1_49' title='bbox 818 727 929 764; x_wconf 90' lang='lat' dir='ltr'>non</span> <span class='ocrx_word' id='word_1_50' title='bbox 956 705 1140 761; x_wconf 87' lang='lat' dir='ltr'>habitu</span> <span class='ocrx_word' id='word_1_51' title='bbox 1165 705 1235 759; x_wconf 85' lang='lat' dir='ltr'>fic</span> <span class='ocrx_word' id='word_1_52' title='bbox 1260 705 1312 759; x_wconf 90' lang='lat' dir='ltr'>se</span> <span class='ocrx_word' id='word_1_53' title='bbox 1337 704 1566 778; x_wconf 82' lang='lat' dir='ltr'>gefliffet</span> <span class='ocrx_word' id='word_1_54' title='bbox 1592 707 1650 762; x_wconf 91' lang='lat' dir='ltr'>in</span> <span class='ocrx_word' id='word_1_55' title='bbox 1676 711 1856 775; x_wconf 88' lang='lat' dir='ltr'>omni,</span> 
     </span>
     <span class='ocr_line' id='line_1_10' title="bbox 607 777 1610 840; baseline -0.006 0"><span class='ocrx_word' id='word_1_56' title='bbox 607 785 684 840; x_wconf 89' lang='lat' dir='ltr'>Ut</span> <span class='ocrx_word' id='word_1_57' title='bbox 716 785 803 839; x_wconf 86' lang='lat' dir='ltr'>sua</span> <span class='ocrx_word' id='word_1_58' title='bbox 825 798 938 836; x_wconf 89' lang='lat' dir='ltr'>non</span> <span class='ocrx_word' id='word_1_59' title='bbox 963 777 1130 834; x_wconf 83' lang='lat' dir='ltr'>effent</span> <span class='ocrx_word' id='word_1_60' title='bbox 1153 777 1411 834; x_wconf 80' lang='lat' dir='ltr'>invidiosa</span> <span class='ocrx_word' id='word_1_61' title='bbox 1434 779 1610 834; x_wconf 85' lang='lat' dir='ltr'>bona?</span> 
     </span>
    </p>

    <p class='ocr_par' dir='ltr' id='par_1_8' title="bbox 531 852 2079 931">
     <span class='ocr_line' id='line_1_11' title="bbox 531 852 2079 931; baseline 0.001 -18"><span class='ocrx_word' id='word_1_62' title='bbox 531 857 771 913; x_wconf 74' lang='lat' dir='ltr'>Caesaris</span> <span class='ocrx_word' id='word_1_63' title='bbox 795 854 936 910; x_wconf 84' lang='lat' dir='ltr'>adde</span> <span class='ocrx_word' id='word_1_64' title='bbox 957 852 1208 907; x_wconf 43' lang='lat' dir='ltr'>«domum.</span> <span class='ocrx_word' id='word_1_65' title='bbox 1248 870 1386 926; x_wconf 88' lang='lat' dir='ltr'>quae</span> <span class='ocrx_word' id='word_1_66' title='bbox 1414 866 1592 918; x_wconf 87' lang='lat' dir='ltr'>certe,</span> <span class='ocrx_word' id='word_1_67' title='bbox 1628 853 1830 911; x_wconf 87' lang='lat' dir='ltr'>funeris</span> <span class='ocrx_word' id='word_1_68' title='bbox 1854 873 2079 931; x_wconf 69' lang='lat' dir='ltr'>expers,</span> 
     </span>
    </p>
   </div>
   <div class='ocr_carea' id='block_1_4' title="bbox 423 939 492 988">
    <p class='ocr_par' dir='ltr' id='par_1_9' title="bbox 423 939 492 988">
     <span class='ocr_line' id='line_1_12' title="bbox 423 939 492 988; baseline -0.043 0"><span class='ocrx_word' id='word_1_69' title='bbox 423 939 492 988; x_wconf 88' lang='lat'>60</span> 
     </span>
    </p>
   </div>
   <div class='ocr_carea' id='block_1_5' title="bbox 606 925 1587 984">
    <p class='ocr_par' dir='ltr' id='par_1_10' title="bbox 606 925 1587 984">
     <span class='ocr_line' id='line_1_13' title="bbox 606 925 1587 984; baseline -0.003 0"><span class='ocrx_word' id='word_1_70' title='bbox 606 929 812 984; x_wconf 85' lang='lat' dir='ltr'>Debuit</span> <span class='ocrx_word' id='word_1_71' title='bbox 838 927 1081 981; x_wconf 79' lang='lat' dir='ltr'>humanis</span> <span class='ocrx_word' id='word_1_72' title='bbox 1106 925 1261 979; x_wconf 84' lang='lat' dir='ltr'>altior</span> <span class='ocrx_word' id='word_1_73' title='bbox 1287 925 1390 979; x_wconf 80' lang='lat' dir='ltr'>effe</span> <span class='ocrx_word' id='word_1_74' title='bbox 1424 927 1587 981; x_wconf 83' lang='lat' dir='ltr'>maliS.</span> 
     </span>
    </p>
   </div>
   <div class='ocr_carea' id='block_1_6' title="bbox 537 998 1904 1149">
    <p class='ocr_par' dir='ltr' id='par_1_11' title="bbox 537 998 1904 1149">
     <span class='ocr_line' id='line_1_14' title="bbox 537 998 1825 1074; baseline 0 -16"><span class='ocrx_word' id='word_1_75' title='bbox 537 1003 629 1059; x_wconf 84' lang='lat' dir='ltr'>Ille</span> <span class='ocrx_word' id='word_1_76' title='bbox 656 1003 812 1074; x_wconf 77' lang='lat' dir='ltr'>vigil,</span> <span class='ocrx_word' id='word_1_77' title='bbox 850 1000 1051 1055; x_wconf 64' lang='lat' dir='ltr'>summa</span> <span class='ocrx_word' id='word_1_78' title='bbox 1080 998 1225 1052; x_wconf 88' lang='lat' dir='ltr'>sacer</span> <span class='ocrx_word' id='word_1_79' title='bbox 1250 998 1338 1052; x_wconf 80' lang='lat' dir='ltr'>ille</span> <span class='ocrx_word' id='word_1_80' title='bbox 1363 1000 1569 1055; x_wconf 84' lang='lat' dir='ltr'>locatus</span> <span class='ocrx_word' id='word_1_81' title='bbox 1593 1000 1650 1055; x_wconf 86' lang='lat' dir='ltr'>in</span> <span class='ocrx_word' id='word_1_82' title='bbox 1674 1019 1825 1067; x_wconf 83' lang='lat' dir='ltr'>arce,</span> 
     </span>
     <span class='ocr_line' id='line_1_15' title="bbox 612 1073 1904 1149; baseline 0.001 -17"><span class='ocrx_word' id='word_1_83' title='bbox 612 1075 725 1133; x_wconf 82' lang='lat' dir='ltr'>Res</span> <span class='ocrx_word' id='word_1_84' title='bbox 750 1074 1035 1130; x_wconf 88' lang='lat' dir='ltr'>hominum</span> <span class='ocrx_word' id='word_1_85' title='bbox 1061 1088 1130 1126; x_wconf 84' lang='lat' dir='ltr'>ex</span> <span class='ocrx_word' id='word_1_86' title='bbox 1157 1083 1279 1127; x_wconf 87' lang='lat' dir='ltr'>tuto</span> <span class='ocrx_word' id='word_1_87' title='bbox 1305 1090 1530 1129; x_wconf 85' lang='lat' dir='ltr'>cernere</span> <span class='ocrx_word' id='word_1_88' title='bbox 1557 1073 1750 1149; x_wconf 83' lang='lat' dir='ltr'>dignus</span> <span class='ocrx_word' id='word_1_89' title='bbox 1776 1089 1904 1134; x_wconf 87' lang='lat' dir='ltr'>erat.</span> 
     </span>
    </p>
   </div>
   <div class='ocr_carea' id='block_1_7' title="bbox 239 1262 1304 1979">
    <p class='ocr_par' dir='ltr' id='par_1_12' title="bbox 239 1262 1304 1876">
     <span class='ocr_line' id='line_1_16' title="bbox 239 1262 1296 1320; baseline -0.005 -14"><span class='ocrx_word' id='word_1_90' title='bbox 239 1266 349 1320; x_wconf 65' lang='lat' dir='ltr'>aequb</span> <span class='ocrx_word' id='word_1_91' title='bbox 366 1269 409 1309; x_wconf 53' lang='grc' dir='ltr'>(ῥ’</span> <span class='ocrx_word' id='word_1_92' title='bbox 424 1265 514 1318; x_wconf 81' lang='lat' dir='ltr'>pari.</span> <span class='ocrx_word' id='word_1_93' title='bbox 542 1263 664 1303; x_wconf 72' lang='lat' dir='ltr'>deinde</span> <span class='ocrx_word' id='word_1_94' title='bbox 682 1262 781 1314; x_wconf 73' lang='lat' dir='ltr'><em>quusi</em></span> <span class='ocrx_word' id='word_1_95' title='bbox 797 1264 857 1302; x_wconf 81' lang='lat' dir='ltr'>hoc</span> <span class='ocrx_word' id='word_1_96' title='bbox 872 1263 1059 1314; x_wconf 77' lang='lat' dir='ltr'>displiceret</span> <span class='ocrx_word' id='word_1_97' title='bbox 1082 1274 1126 1305; x_wconf 72' lang='lat'>(25¹</span> <span class='ocrx_word' id='word_1_98' title='bbox 1138 1263 1296 1313; x_wconf 75' lang='lat' dir='ltr'><em>corrigere</em></span> 
     </span>
     <span class='ocr_line' id='line_1_17' title="bbox 240 1315 1298 1365; baseline -0.006 -8"><span class='ocrx_word' id='word_1_99' title='bbox 240 1321 281 1357; x_wconf 82' lang='lat' dir='ltr'>id</span> <span class='ocrx_word' id='word_1_100' title='bbox 300 1320 428 1364; x_wconf 78' lang='lat' dir='ltr'>vellet,</span> <span class='ocrx_word' id='word_1_101' title='bbox 450 1318 575 1362; x_wconf 83' lang='lat' dir='ltr'><em>addit,</em></span> <span class='ocrx_word' id='word_1_102' title='bbox 603 1325 665 1355; x_wconf 84' lang='lat' dir='ltr'>aut</span> <span class='ocrx_word' id='word_1_103' title='bbox 687 1317 796 1354; x_wconf 82' lang='lat' dir='ltr'>etiam</span> <span class='ocrx_word' id='word_1_104' title='bbox 816 1317 907 1354; x_wconf 84' lang='lat' dir='ltr'>intra</span> <span class='ocrx_word' id='word_1_105' title='bbox 930 1316 1102 1354; x_wconf 87' lang='lat' dir='ltr'>modum.</span> <span class='ocrx_word' id='word_1_106' title='bbox 1125 1325 1186 1365; x_wconf 83' lang='lat' dir='ltr'>per</span> <span class='ocrx_word' id='word_1_107' title='bbox 1207 1315 1298 1365; x_wconf 85' lang='lat' dir='ltr'>quod</span> 
     </span>
     <span class='ocr_line' id='line_1_18' title="bbox 243 1366 1298 1418; baseline -0.006 -10"><span class='ocrx_word' id='word_1_108' title='bbox 243 1371 390 1418; x_wconf 76' lang='lat' dir='ltr'>ostendit</span> <span class='ocrx_word' id='word_1_109' title='bbox 408 1370 525 1407; x_wconf 80' lang='lat' dir='ltr'>minus</span> <span class='ocrx_word' id='word_1_110' title='bbox 538 1367 603 1417; x_wconf 80' lang='lat' dir='ltr'>sese</span> <span class='ocrx_word' id='word_1_111' title='bbox 622 1367 659 1404; x_wconf 83' lang='lat' dir='ltr'>id</span> <span class='ocrx_word' id='word_1_112' title='bbox 670 1368 857 1412; x_wconf 65' lang='lat' dir='ltr'>fac‘lurum</span> <span class='ocrx_word' id='word_1_113' title='bbox 880 1367 936 1415; x_wconf 84' lang='lat' dir='ltr'>effe</span> <span class='ocrx_word' id='word_1_114' title='bbox 950 1396 959 1411; x_wconf 92' lang='lat'><em>‚</em></span> <span class='ocrx_word' id='word_1_115' title='bbox 987 1381 1095 1418; x_wconf 73' lang='lat' dir='ltr'>quam</span> <span class='ocrx_word' id='word_1_116' title='bbox 1116 1367 1206 1416; x_wconf 79' lang='lat' dir='ltr'>quod</span> <span class='ocrx_word' id='word_1_117' title='bbox 1217 1366 1298 1414; x_wconf 81' lang='lat' dir='ltr'>fieri</span> 
     </span>
     <span class='ocr_line' id='line_1_19' title="bbox 244 1417 1299 1468; baseline -0.006 -9"><span class='ocrx_word' id='word_1_118' title='bbox 244 1422 375 1459; x_wconf 80' lang='lat' dir='ltr'>modice</span> <span class='ocrx_word' id='word_1_119' title='bbox 399 1421 599 1463; x_wconf 77' lang='lat' dir='ltr'>videretur,</span> <span class='ocrx_word' id='word_1_120' title='bbox 634 1418 672 1455; x_wconf 81' lang='lat' dir='ltr'>id</span> <span class='ocrx_word' id='word_1_121' title='bbox 699 1417 741 1466; x_wconf 82' lang='lat' dir='ltr'>est</span> <span class='ocrx_word' id='word_1_122' title='bbox 761 1432 828 1455; x_wconf 78' lang='lat' dir='ltr'>non</span> <span class='ocrx_word' id='word_1_123' title='bbox 844 1418 893 1454; x_wconf 71' lang='lat' dir='ltr'>ad</span> <span class='ocrx_word' id='word_1_124' title='bbox 913 1418 1022 1468; x_wconf 62' lang='lat' dir='ltr'>ipfizm</span> <span class='ocrx_word' id='word_1_125' title='bbox 1051 1418 1193 1455; x_wconf 84' lang='lat' dir='ltr'>modum</span> <span class='ocrx_word' id='word_1_126' title='bbox 1208 1446 1218 1462; x_wconf 92' lang='lat'>,</span> <span class='ocrx_word' id='word_1_127' title='bbox 1236 1417 1299 1465; x_wconf 81' lang='lat' dir='ltr'>sed</span> 
     </span>
     <span class='ocr_line' id='line_1_20' title="bbox 243 1468 1300 1521; baseline -0.003 -12"><span class='ocrx_word' id='word_1_128' title='bbox 243 1483 335 1509; x_wconf 85' lang='lat' dir='ltr'>retro</span> <span class='ocrx_word' id='word_1_129' title='bbox 358 1471 558 1521; x_wconf 74' lang='lat' dir='ltr'><em>paullulum</em></span> <span class='ocrx_word' id='word_1_130' title='bbox 587 1480 630 1509; x_wconf 63' lang='lat' dir='ltr'>&lt;J</span> <span class='ocrx_word' id='word_1_131' title='bbox 659 1468 746 1505; x_wconf 80' lang='lat' dir='ltr'>citra</span> <span class='ocrx_word' id='word_1_132' title='bbox 774 1469 931 1507; x_wconf 81' lang='lat' dir='ltr'>modum.</span> <span class='ocrx_word' id='word_1_133' title='bbox 959 1469 1008 1507; x_wconf 89' lang='lat' dir='ltr'>Et</span> <span class='ocrx_word' id='word_1_134' title='bbox 1029 1469 1164 1506; x_wconf 84' lang='lat' dir='ltr'>ibidem</span> <span class='ocrx_word' id='word_1_135' title='bbox 1188 1468 1300 1506; x_wconf 86' lang='lat' dir='ltr'>docet</span> 
     </span>
     <span class='ocr_line' id='line_1_21' title="bbox 243 1519 1300 1569; baseline -0.004 -9"><span class='ocrx_word' id='word_1_136' title='bbox 243 1523 343 1560; x_wconf 79' lang='lat' dir='ltr'>intra</span> <span class='ocrx_word' id='word_1_137' title='bbox 363 1521 561 1563; x_wconf 75' lang='lat' dir='ltr'><em>Kalendas,</em></span> <span class='ocrx_word' id='word_1_138' title='bbox 589 1520 689 1558; x_wconf 89' lang='lat' dir='ltr'>idem</span> <span class='ocrx_word' id='word_1_139' title='bbox 711 1519 910 1569; x_wconf 77' lang='lat' dir='ltr'>significare</span> <span class='ocrx_word' id='word_1_140' title='bbox 929 1520 1032 1569; x_wconf 83' lang='lat' dir='ltr'>quod</span> <span class='ocrx_word' id='word_1_141' title='bbox 1054 1521 1141 1557; x_wconf 77' lang='lat' dir='ltr'>citra</span> <span class='ocrx_word' id='word_1_142' title='bbox 1161 1519 1300 1557; x_wconf 80' lang='lat' dir='ltr'>Kalen-</span> 
     </span>
     <span class='ocr_line' id='line_1_22' title="bbox 243 1570 1301 1621; baseline -0.005 -9"><span class='ocrx_word' id='word_1_143' title='bbox 243 1574 306 1611; x_wconf 84' lang='lat' dir='ltr'>das</span> <span class='ocrx_word' id='word_1_144' title='bbox 335 1574 395 1611; x_wconf 86' lang='lat' dir='ltr'>vel</span> <span class='ocrx_word' id='word_1_145' title='bbox 425 1581 509 1610; x_wconf 87' lang='lat' dir='ltr'>ante</span> <span class='ocrx_word' id='word_1_146' title='bbox 544 1570 737 1609; x_wconf 82' lang='lat' dir='ltr'>Kalendas.</span> <span class='ocrx_word' id='word_1_147' title='bbox 767 1571 865 1608; x_wconf 86' lang='lat' dir='ltr'>unde</span> <span class='ocrx_word' id='word_1_148' title='bbox 884 1570 1001 1621; x_wconf 80' lang='lat' dir='ltr'><em>stupor</em></span> <span class='ocrx_word' id='word_1_149' title='bbox 1031 1570 1196 1614; x_wconf 80' lang='lat' dir='ltr'>Goralli,</span> <span class='ocrx_word' id='word_1_150' title='bbox 1235 1570 1301 1620; x_wconf 89' lang='lat' dir='ltr'>qui</span> 
     </span>
     <span class='ocr_line' id='line_1_23' title="bbox 244 1621 1301 1672; baseline -0.003 -11"><span class='ocrx_word' id='word_1_151' title='bbox 244 1624 335 1662; x_wconf 78' lang='lat' dir='ltr'>citra</span> <span class='ocrx_word' id='word_1_152' title='bbox 365 1624 508 1672; x_wconf 86' lang='lat' dir='ltr'>opponi</span> <span class='ocrx_word' id='word_1_153' title='bbox 537 1624 587 1669; x_wconf 72' lang='grc' dir='ltr'>τῷ</span> <span class='ocrx_word' id='word_1_154' title='bbox 619 1622 717 1658; x_wconf 72' lang='lat' dir='ltr'>intra</span> <span class='ocrx_word' id='word_1_155' title='bbox 742 1622 844 1665; x_wconf 83' lang='lat' dir='ltr'>vult,</span> <span class='ocrx_word' id='word_1_156' title='bbox 881 1622 1103 1660; x_wconf 85' lang='lat' dir='ltr'>manifestus.</span> <span class='ocrx_word' id='word_1_157' title='bbox 1123 1621 1301 1659; x_wconf 84' lang='lat' dir='ltr'>nimirum</span> 
     </span>
     <span class='ocr_line' id='line_1_24' title="bbox 245 1672 1304 1723; baseline -0.004 -10"><span class='ocrx_word' id='word_1_158' title='bbox 245 1686 314 1723; x_wconf 85' lang='lat' dir='ltr'>pro</span> <span class='ocrx_word' id='word_1_159' title='bbox 333 1675 484 1713; x_wconf 75' lang='lat' dir='ltr'>materia</span> <span class='ocrx_word' id='word_1_160' title='bbox 499 1703 509 1718; x_wconf 93' lang='lat'>,</span> <span class='ocrx_word' id='word_1_161' title='bbox 537 1685 633 1722; x_wconf 83' lang='lat' dir='ltr'>quae</span> <span class='ocrx_word' id='word_1_162' title='bbox 651 1673 714 1710; x_wconf 87' lang='lat' dir='ltr'>sub</span> <span class='ocrx_word' id='word_1_163' title='bbox 737 1673 903 1710; x_wconf 81' lang='lat' dir='ltr'>manibus</span> <span class='ocrx_word' id='word_1_164' title='bbox 925 1672 974 1710; x_wconf 91' lang='lat' dir='ltr'>est</span> <span class='ocrx_word' id='word_1_165' title='bbox 990 1701 999 1717; x_wconf 89' lang='lat'><em>‚</em></span> <span class='ocrx_word' id='word_1_166' title='bbox 1037 1673 1194 1710; x_wconf 80' lang='lat' dir='ltr'>dicimus</span> <span class='ocrx_word' id='word_1_167' title='bbox 1214 1673 1304 1709; x_wconf 85' lang='lat' dir='ltr'>citra</span> 
     </span>
     <span class='ocr_line' id='line_1_25' title="bbox 245 1723 1303 1774; baseline -0.002 -11"><span class='ocrx_word' id='word_1_168' title='bbox 245 1737 315 1774; x_wconf 90' lang='lat' dir='ltr'>pro</span> <span class='ocrx_word' id='word_1_169' title='bbox 344 1736 450 1770; x_wconf 83' lang='lat' dir='ltr'>ante,</span> <span class='ocrx_word' id='word_1_170' title='bbox 488 1726 547 1763; x_wconf 77' lang='lat' dir='ltr'>vel</span> <span class='ocrx_word' id='word_1_171' title='bbox 577 1736 644 1772; x_wconf 85' lang='lat' dir='ltr'>pro</span> <span class='ocrx_word' id='word_1_172' title='bbox 677 1724 784 1761; x_wconf 79' lang='lat' dir='ltr'>intra.</span> <span class='ocrx_word' id='word_1_173' title='bbox 811 1724 862 1762; x_wconf 80' lang='lat' dir='ltr'>ita</span> <span class='ocrx_word' id='word_1_174' title='bbox 883 1723 970 1760; x_wconf 83' lang='lat' dir='ltr'>citra</span> <span class='ocrx_word' id='word_1_175' title='bbox 990 1733 1122 1774; x_wconf 81' lang='lat' dir='ltr'>tempus</span> <span class='ocrx_word' id='word_1_176' title='bbox 1151 1723 1199 1760; x_wconf 89' lang='lat' dir='ltr'>est</span> <span class='ocrx_word' id='word_1_177' title='bbox 1218 1731 1303 1761; x_wconf 86' lang='lat' dir='ltr'>ante</span> 
     </span>
     <span class='ocr_line' id='line_1_26' title="bbox 247 1774 1303 1825; baseline -0.002 -10"><span class='ocrx_word' id='word_1_178' title='bbox 247 1785 408 1825; x_wconf 86' lang='lat' dir='ltr'>tempus.</span> <span class='ocrx_word' id='word_1_179' title='bbox 435 1776 524 1813; x_wconf 83' lang='lat' dir='ltr'>citra</span> <span class='ocrx_word' id='word_1_180' title='bbox 550 1775 715 1818; x_wconf 75' lang='lat' dir='ltr'>modum,</span> <span class='ocrx_word' id='word_1_181' title='bbox 753 1775 846 1812; x_wconf 87' lang='lat' dir='ltr'>intra</span> <span class='ocrx_word' id='word_1_182' title='bbox 872 1774 1044 1813; x_wconf 84' lang='lat' dir='ltr'>modum.</span> <span class='ocrx_word' id='word_1_183' title='bbox 1070 1774 1119 1813; x_wconf 84' lang='lat' dir='ltr'>fic</span> <span class='ocrx_word' id='word_1_184' title='bbox 1143 1775 1303 1813; x_wconf 80' lang='lat' dir='ltr'>Ovidius</span> 
     </span>
     <span class='ocr_line' id='line_1_27' title="bbox 251 1826 898 1876; baseline -0.003 -12"><span class='ocrx_word' id='word_1_185' title='bbox 251 1826 343 1865; x_wconf 87' lang='lat' dir='ltr'>citra</span> <span class='ocrx_word' id='word_1_186' title='bbox 362 1840 428 1876; x_wconf 86' lang='lat' dir='ltr'>pro</span> <span class='ocrx_word' id='word_1_187' title='bbox 451 1836 536 1865; x_wconf 82' lang='lat' dir='ltr'>ante</span> <span class='ocrx_word' id='word_1_188' title='bbox 551 1855 561 1871; x_wconf 89' lang='lat'>‚</span> <span class='ocrx_word' id='word_1_189' title='bbox 581 1839 672 1864; x_wconf 82' lang='lat' dir='ltr'>vm.</span> <span class='ocrx_word' id='word_1_190' title='bbox 694 1826 789 1863; x_wconf 87' lang='lat' dir='ltr'>Met.</span> <span class='ocrx_word' id='word_1_191' title='bbox 815 1826 898 1874; x_wconf 77' lang='lat'>365.</span> 
     </span>
    </p>

    <p class='ocr_par' dir='ltr' id='par_1_13' title="bbox 299 1876 1094 1928">
     <span class='ocr_line' id='line_1_28' title="bbox 299 1876 1094 1928; baseline -0.003 -12"><span class='ocrx_word' id='word_1_192' title='bbox 299 1876 457 1928; x_wconf 77' lang='lat' dir='ltr'>Forfitan</span> <span class='ocrx_word' id='word_1_193' title='bbox 479 1889 522 1919; x_wconf 62' lang='grc' dir='ltr'>ω’</span> <span class='ocrx_word' id='word_1_194' title='bbox 543 1877 665 1926; x_wconf 64' lang='lat' dir='ltr'>Pylius</span> <span class='ocrx_word' id='word_1_195' title='bbox 684 1877 772 1914; x_wconf 73' lang='lat' dir='ltr'>citra</span> <span class='ocrx_word' id='word_1_196' title='bbox 798 1878 947 1928; x_wconf 63' lang='lat' dir='ltr'>Trcy&#39;ana</span> <span class='ocrx_word' id='word_1_197' title='bbox 961 1876 1094 1927; x_wconf 74' lang='lat' dir='ltr'>pertffi’c</span> 
     </span>
    </p>

    <p class='ocr_par' dir='ltr' id='par_1_14' title="bbox 303 1934 482 1979">
     <span class='ocr_line' id='line_1_29' title="bbox 303 1934 482 1979; baseline 0.006 -14"><span class='ocrx_word' id='word_1_198' title='bbox 303 1934 482 1979; x_wconf 73' lang='lat' dir='ltr'>Tempora.</span> 
     </span>
    </p>
   </div>
   <div class='ocr_carea' id='block_1_8' title="bbox 249 1979 518 2027">
    <p class='ocr_par' dir='ltr' id='par_1_15' title="bbox 249 1979 518 2027">
     <span class='ocr_line' id='line_1_30' title="bbox 249 1979 518 2027; baseline -0.007 -7"><span class='ocrx_word' id='word_1_199' title='bbox 249 1979 300 2020; x_wconf 86' lang='lat' dir='ltr'>Et</span> <span class='ocrx_word' id='word_1_200' title='bbox 320 1980 382 2019; x_wconf 90' lang='lat' dir='ltr'>lib.</span> <span class='ocrx_word' id='word_1_201' title='bbox 404 1993 439 2019; x_wconf 83' lang='lat' dir='ltr'>x.</span> <span class='ocrx_word' id='word_1_202' title='bbox 459 1980 518 2027; x_wconf 71' lang='lat'>84.</span> 
     </span>
    </p>
   </div>
   <div class='ocr_carea' id='block_1_9' title="bbox 242 2031 1317 3303">
    <p class='ocr_par' dir='ltr' id='par_1_16' title="bbox 802 2031 1179 2084">
     <span class='ocr_line' id='line_1_31' title="bbox 802 2031 1179 2084; baseline 0.003 -15"><span class='ocrx_word' id='word_1_203' title='bbox 802 2031 972 2084; x_wconf 80' lang='lat' dir='ltr'>Citraque</span> <span class='ocrx_word' id='word_1_204' title='bbox 985 2033 1179 2082; x_wconf 76' lang='lat' dir='ltr'>juventam</span> 
     </span>
    </p>

    <p class='ocr_par' dir='ltr' id='par_1_17' title="bbox 242 2081 1310 2642">
     <span class='ocr_line' id='line_1_32' title="bbox 299 2081 1169 2134; baseline 0.001 -13"><span class='ocrx_word' id='word_1_205' title='bbox 299 2082 446 2121; x_wconf 71' lang='lat' dir='ltr'>‘Aetatis</span> <span class='ocrx_word' id='word_1_206' title='bbox 467 2081 568 2120; x_wconf 84' lang='lat' dir='ltr'>breve</span> <span class='ocrx_word' id='word_1_207' title='bbox 589 2096 674 2127; x_wconf 82' lang='lat' dir='ltr'>ver,</span> <span class='ocrx_word' id='word_1_208' title='bbox 702 2092 746 2122; x_wconf 66' lang='lat'>&lt;³5⁹</span> <span class='ocrx_word' id='word_1_209' title='bbox 759 2084 886 2131; x_wconf 67' lang='lat' dir='ltr'>primos</span> <span class='ocrx_word' id='word_1_210' title='bbox 911 2093 1042 2132; x_wconf 73' lang='lat' dir='ltr'>carpere</span> <span class='ocrx_word' id='word_1_211' title='bbox 1057 2082 1169 2134; x_wconf 83' lang='lat' dir='ltr'>flores.</span> 
     </span>
     <span class='ocr_line' id='line_1_33' title="bbox 251 2134 1308 2184; baseline -0.001 -12"><span class='ocrx_word' id='word_1_212' title='bbox 251 2135 407 2184; x_wconf 56' lang='lat' dir='ltr'>Quin&amp;</span> <span class='ocrx_word' id='word_1_213' title='bbox 432 2134 540 2171; x_wconf 78' lang='lat' dir='ltr'>Deci.</span> <span class='ocrx_word' id='word_1_214' title='bbox 563 2146 633 2170; x_wconf 75' lang='lat' dir='ltr'>xxx.</span> <span class='ocrx_word' id='word_1_215' title='bbox 656 2146 690 2181; x_wconf 82' lang='lat'>9.</span> <span class='ocrx_word' id='word_1_216' title='bbox 719 2138 798 2170; x_wconf 71' lang='lat' dir='ltr'>Aut</span> <span class='ocrx_word' id='word_1_217' title='bbox 823 2135 911 2171; x_wconf 77' lang='lat' dir='ltr'>citra</span> <span class='ocrx_word' id='word_1_218' title='bbox 929 2149 1041 2183; x_wconf 76' lang='lat' dir='ltr'>rogos,</span> <span class='ocrx_word' id='word_1_219' title='bbox 1070 2146 1135 2171; x_wconf 80' lang='lat' dir='ltr'>aut</span> <span class='ocrx_word' id='word_1_220' title='bbox 1155 2135 1204 2172; x_wconf 79' lang='lat' dir='ltr'>ad</span> <span class='ocrx_word' id='word_1_221' title='bbox 1217 2148 1308 2184; x_wconf 77' lang='lat' dir='ltr'>rogos</span> 
     </span>
     <span class='ocr_line' id='line_1_34' title="bbox 242 2185 1307 2236; baseline 0 -13"><span class='ocrx_word' id='word_1_222' title='bbox 242 2195 365 2236; x_wconf 79' lang='lat' dir='ltr'><em>pugna</em></span> <span class='ocrx_word' id='word_1_223' title='bbox 391 2185 458 2232; x_wconf 84' lang='lat' dir='ltr'>est,</span> <span class='ocrx_word' id='word_1_224' title='bbox 485 2185 521 2222; x_wconf 87' lang='lat' dir='ltr'>id</span> <span class='ocrx_word' id='word_1_225' title='bbox 556 2185 604 2222; x_wconf 86' lang='lat' dir='ltr'>est</span> <span class='ocrx_word' id='word_1_226' title='bbox 631 2193 827 2233; x_wconf 74' lang='lat' dir='ltr'>antequam</span> <span class='ocrx_word' id='word_1_227' title='bbox 858 2186 903 2224; x_wconf 79' lang='lat' dir='ltr'>ad</span> <span class='ocrx_word' id='word_1_228' title='bbox 930 2197 1042 2235; x_wconf 81' lang='lat' dir='ltr'>rogos</span> <span class='ocrx_word' id='word_1_229' title='bbox 1072 2195 1226 2224; x_wconf 83' lang='lat' dir='ltr'>ventum</span> <span class='ocrx_word' id='word_1_230' title='bbox 1247 2187 1307 2223; x_wconf 85' lang='lat' dir='ltr'>est.</span> 
     </span>
     <span class='ocr_line' id='line_1_35' title="bbox 253 2235 1309 2283; baseline 0.001 -9"><span class='ocrx_word' id='word_1_231' title='bbox 253 2238 293 2274; x_wconf 91' lang='lat'>&amp;</span> <span class='ocrx_word' id='word_1_232' title='bbox 326 2236 432 2274; x_wconf 79' lang='lat' dir='ltr'>Deci.</span> <span class='ocrx_word' id='word_1_233' title='bbox 461 2247 618 2273; x_wconf 64' lang='lat' dir='ltr'>ccxi-vr.</span> <span class='ocrx_word' id='word_1_234' title='bbox 655 2235 819 2283; x_wconf 73' lang='lat' dir='ltr'>utstetur</span> <span class='ocrx_word' id='word_1_235' title='bbox 839 2237 926 2273; x_wconf 79' lang='lat' dir='ltr'>citra</span> <span class='ocrx_word' id='word_1_236' title='bbox 953 2247 1111 2274; x_wconf 76' lang='lat' dir='ltr'>mortem.</span> <span class='ocrx_word' id='word_1_237' title='bbox 1137 2238 1200 2275; x_wconf 87' lang='lat' dir='ltr'>ubi</span> <span class='ocrx_word' id='word_1_238' title='bbox 1225 2237 1309 2275; x_wconf 86' lang='lat' dir='ltr'>vide</span> 
     </span>
     <span class='ocr_line' id='line_1_36' title="bbox 253 2287 1310 2337; baseline 0.001 -12"><span class='ocrx_word' id='word_1_239' title='bbox 253 2288 386 2325; x_wconf 87' lang='lat' dir='ltr'>Notas.</span> <span class='ocrx_word' id='word_1_240' title='bbox 413 2288 451 2324; x_wconf 89' lang='lat'>&amp;</span> <span class='ocrx_word' id='word_1_241' title='bbox 473 2288 521 2324; x_wconf 80' lang='lat' dir='ltr'>ita</span> <span class='ocrx_word' id='word_1_242' title='bbox 542 2287 710 2336; x_wconf 80' lang='lat' dir='ltr'>regiones</span> <span class='ocrx_word' id='word_1_243' title='bbox 731 2287 819 2323; x_wconf 81' lang='lat' dir='ltr'>citra</span> <span class='ocrx_word' id='word_1_244' title='bbox 830 2287 989 2337; x_wconf 71' lang='lat' dir='ltr'>fluvium</span> <span class='ocrx_word' id='word_1_245' title='bbox 1009 2288 1090 2326; x_wconf 85' lang='lat' dir='ltr'>sunt</span> <span class='ocrx_word' id='word_1_246' title='bbox 1112 2287 1197 2326; x_wconf 76' lang='lat' dir='ltr'>sitae</span> <span class='ocrx_word' id='word_1_247' title='bbox 1223 2297 1310 2326; x_wconf 83' lang='lat' dir='ltr'>ante</span> 
     </span>
     <span class='ocr_line' id='line_1_37' title="bbox 252 2337 1308 2386; baseline 0 -10"><span class='ocrx_word' id='word_1_248' title='bbox 252 2338 409 2376; x_wconf 65' lang='lat' dir='ltr'>fluvium</span> <span class='ocrx_word' id='word_1_249' title='bbox 423 2366 433 2383; x_wconf 86' lang='lat'>,</span> <span class='ocrx_word' id='word_1_250' title='bbox 461 2337 505 2375; x_wconf 86' lang='lat' dir='ltr'>ab</span> <span class='ocrx_word' id='word_1_251' title='bbox 527 2338 596 2374; x_wconf 85' lang='lat' dir='ltr'>hac</span> <span class='ocrx_word' id='word_1_252' title='bbox 615 2345 736 2386; x_wconf 80' lang='lat' dir='ltr'>parte,</span> <span class='ocrx_word' id='word_1_253' title='bbox 771 2347 811 2375; x_wconf 86' lang='lat' dir='ltr'>ut</span> <span class='ocrx_word' id='word_1_254' title='bbox 842 2338 939 2376; x_wconf 59' lang='lat' dir='ltr'>reete</span> <span class='ocrx_word' id='word_1_255' title='bbox 957 2340 1066 2377; x_wconf 80' lang='lat' dir='ltr'>etiam</span> <span class='ocrx_word' id='word_1_256' title='bbox 1091 2339 1180 2376; x_wconf 85' lang='lat' dir='ltr'>citra</span> <span class='ocrx_word' id='word_1_257' title='bbox 1202 2345 1308 2376; x_wconf 83' lang='lat' dir='ltr'>Ocea-</span> 
     </span>
     <span class='ocr_line' id='line_1_38' title="bbox 255 2388 1308 2437; baseline 0.002 -11"><span class='ocrx_word' id='word_1_258' title='bbox 255 2402 345 2426; x_wconf 85' lang='lat' dir='ltr'>num</span> <span class='ocrx_word' id='word_1_259' title='bbox 371 2398 487 2427; x_wconf 82' lang='lat' dir='ltr'>terrae</span> <span class='ocrx_word' id='word_1_260' title='bbox 500 2416 510 2432; x_wconf 89' lang='lat'>‚</span> <span class='ocrx_word' id='word_1_261' title='bbox 538 2388 702 2437; x_wconf 54' lang='lat' dir='ltr'>respectu</span> <span class='ocrx_word' id='word_1_262' title='bbox 721 2388 916 2427; x_wconf 70' lang='lat' dir='ltr'>insularum</span> <span class='ocrx_word' id='word_1_263' title='bbox 932 2391 990 2426; x_wconf 76' lang='lat' dir='ltr'>vel</span> <span class='ocrx_word' id='word_1_264' title='bbox 1011 2391 1234 2428; x_wconf 83' lang='lat' dir='ltr'>continentis</span> <span class='ocrx_word' id='word_1_265' title='bbox 1249 2391 1308 2428; x_wconf 85' lang='lat' dir='ltr'>vel</span> 
     </span>
     <span class='ocr_line' id='line_1_39' title="bbox 253 2438 1308 2488; baseline -0.001 -11"><span class='ocrx_word' id='word_1_266' title='bbox 253 2439 352 2477; x_wconf 82' lang='lat' dir='ltr'>ultra</span> <span class='ocrx_word' id='word_1_267' title='bbox 385 2446 586 2483; x_wconf 79' lang='lat' dir='ltr'>Oceanum,</span> <span class='ocrx_word' id='word_1_268' title='bbox 616 2439 659 2476; x_wconf 79' lang='lat' dir='ltr'>ab</span> <span class='ocrx_word' id='word_1_269' title='bbox 686 2438 796 2477; x_wconf 76' lang='lat' dir='ltr'>altera</span> <span class='ocrx_word' id='word_1_270' title='bbox 823 2449 923 2488; x_wconf 79' lang='lat' dir='ltr'>parte</span> <span class='ocrx_word' id='word_1_271' title='bbox 943 2441 1112 2485; x_wconf 78' lang='lat' dir='ltr'>Oceani,</span> <span class='ocrx_word' id='word_1_272' title='bbox 1149 2451 1190 2478; x_wconf 91' lang='lat' dir='ltr'>ut</span> <span class='ocrx_word' id='word_1_273' title='bbox 1219 2441 1308 2477; x_wconf 83' lang='lat' dir='ltr'>citra</span> 
     </span>
     <span class='ocr_line' id='line_1_40' title="bbox 256 2489 1308 2540; baseline 0.001 -12"><span class='ocrx_word' id='word_1_274' title='bbox 256 2504 354 2528; x_wconf 86' lang='lat' dir='ltr'>mare</span> <span class='ocrx_word' id='word_1_275' title='bbox 379 2492 556 2528; x_wconf 74' lang='lat' dir='ltr'>Horatius</span> <span class='ocrx_word' id='word_1_276' title='bbox 576 2489 668 2527; x_wconf 81' lang='lat' dir='ltr'>dixit</span> <span class='ocrx_word' id='word_1_277' title='bbox 691 2501 720 2527; x_wconf 90' lang='lat'>1.</span> <span class='ocrx_word' id='word_1_278' title='bbox 740 2491 810 2527; x_wconf 82' lang='lat' dir='ltr'>Sat.</span> <span class='ocrx_word' id='word_1_279' title='bbox 828 2502 862 2527; x_wconf 85' lang='lat' dir='ltr'>x.</span> <span class='ocrx_word' id='word_1_280' title='bbox 884 2503 944 2540; x_wconf 82' lang='lat'>31.</span> <span class='ocrx_word' id='word_1_281' title='bbox 972 2493 1011 2528; x_wconf 70' lang='grc' dir='ltr'>ὃ(</span> <span class='ocrx_word' id='word_1_282' title='bbox 1049 2503 1103 2529; x_wconf 86' lang='lat'>11.</span> <span class='ocrx_word' id='word_1_283' title='bbox 1121 2491 1196 2530; x_wconf 83' lang='lat' dir='ltr'>Sat.</span> <span class='ocrx_word' id='word_1_284' title='bbox 1217 2504 1308 2529; x_wconf 75' lang='lat' dir='ltr'>vni.</span> 
     </span>
     <span class='ocr_line' id='line_1_41' title="bbox 261 2541 1309 2587; baseline 0 -7"><span class='ocrx_word' id='word_1_285' title='bbox 261 2553 323 2587; x_wconf 81' lang='grc'>47.</span> <span class='ocrx_word' id='word_1_286' title='bbox 351 2543 398 2580; x_wconf 88' lang='lat' dir='ltr'>Et</span> <span class='ocrx_word' id='word_1_287' title='bbox 416 2542 503 2580; x_wconf 86' lang='lat' dir='ltr'>hinc</span> <span class='ocrx_word' id='word_1_288' title='bbox 522 2542 614 2578; x_wconf 81' lang='lat' dir='ltr'>haec</span> <span class='ocrx_word' id='word_1_289' title='bbox 635 2541 710 2578; x_wconf 86' lang='lat' dir='ltr'>duo</span> <span class='ocrx_word' id='word_1_290' title='bbox 734 2541 914 2580; x_wconf 79' lang='lat' dir='ltr'>Horatius</span> <span class='ocrx_word' id='word_1_291' title='bbox 943 2541 1040 2577; x_wconf 80' lang='lat' dir='ltr'>ultra</span> <span class='ocrx_word' id='word_1_292' title='bbox 1061 2553 1104 2581; x_wconf 62' lang='grc' dir='ltr'>ω’</span> <span class='ocrx_word' id='word_1_293' title='bbox 1124 2543 1234 2587; x_wconf 73' lang='lat' dir='ltr'>citra,</span> <span class='ocrx_word' id='word_1_294' title='bbox 1263 2542 1309 2580; x_wconf 83' lang='lat' dir='ltr'>de</span> 
     </span>
     <span class='ocr_line' id='line_1_42' title="bbox 262 2592 1257 2642; baseline 0.001 -12"><span class='ocrx_word' id='word_1_295' title='bbox 262 2592 382 2631; x_wconf 85' lang='lat' dir='ltr'>modo</span> <span class='ocrx_word' id='word_1_296' title='bbox 405 2594 443 2630; x_wconf 85' lang='lat'>&amp;</span> <span class='ocrx_word' id='word_1_297' title='bbox 465 2592 594 2630; x_wconf 82' lang='lat' dir='ltr'>finibus</span> <span class='ocrx_word' id='word_1_298' title='bbox 618 2602 727 2640; x_wconf 73' lang='lat' dir='ltr'>agens</span> <span class='ocrx_word' id='word_1_299' title='bbox 743 2620 752 2634; x_wconf 96' lang='lat'>‚</span> <span class='ocrx_word' id='word_1_300' title='bbox 767 2593 960 2642; x_wconf 82' lang='lat' dir='ltr'>conjungit</span> <span class='ocrx_word' id='word_1_301' title='bbox 978 2592 1071 2630; x_wconf 85' lang='lat' dir='ltr'>libro</span> <span class='ocrx_word' id='word_1_302' title='bbox 1096 2605 1126 2630; x_wconf 88' lang='lat'>1.</span> <span class='ocrx_word' id='word_1_303' title='bbox 1144 2594 1216 2631; x_wconf 79' lang='lat' dir='ltr'>Sat.</span> <span class='ocrx_word' id='word_1_304' title='bbox 1228 2605 1257 2632; x_wconf 78' lang='lat'>1.</span> 
     </span>
    </p>

    <p class='ocr_par' dir='ltr' id='par_1_18' title="bbox 305 2642 1209 2694">
     <span class='ocr_line' id='line_1_43' title="bbox 305 2642 1209 2694; baseline -0.002 -12"><span class='ocrx_word' id='word_1_305' title='bbox 305 2643 363 2689; x_wconf 76' lang='lat' dir='ltr'>Est</span> <span class='ocrx_word' id='word_1_306' title='bbox 383 2644 504 2680; x_wconf 78' lang='lat' dir='ltr'>modus</span> <span class='ocrx_word' id='word_1_307' title='bbox 523 2643 561 2679; x_wconf 75' lang='lat' dir='ltr'>iu</span> <span class='ocrx_word' id='word_1_308' title='bbox 583 2642 679 2680; x_wconf 68' lang='lat' dir='ltr'>rebus</span> <span class='ocrx_word' id='word_1_309' title='bbox 694 2671 705 2687; x_wconf 94' lang='lat'>,</span> <span class='ocrx_word' id='word_1_310' title='bbox 724 2644 812 2691; x_wconf 78' lang='lat' dir='ltr'>sunt</span> <span class='ocrx_word' id='word_1_311' title='bbox 832 2644 914 2680; x_wconf 84' lang='lat' dir='ltr'>certi</span> <span class='ocrx_word' id='word_1_312' title='bbox 933 2643 1079 2694; x_wconf 83' lang='lat' dir='ltr'>denique</span> <span class='ocrx_word' id='word_1_313' title='bbox 1090 2642 1180 2690; x_wconf 77' lang='lat' dir='ltr'>fines</span> <span class='ocrx_word' id='word_1_314' title='bbox 1197 2671 1209 2689; x_wconf 93' lang='lat'>,</span> 
     </span>
    </p>

    <p class='ocr_par' dir='ltr' id='par_1_19' title="bbox 258 2692 1313 2832">
     <span class='ocr_line' id='line_1_44' title="bbox 308 2692 1187 2744; baseline 0.003 -16"><span class='ocrx_word' id='word_1_315' title='bbox 308 2696 404 2740; x_wconf 45' lang='grc' dir='ltr'>ἐρέας</span> <span class='ocrx_word' id='word_1_316' title='bbox 425 2695 520 2730; x_wconf 68' lang='lat' dir='ltr'>ultru¹</span> <span class='ocrx_word' id='word_1_317' title='bbox 539 2694 694 2744; x_wconf 76' lang='lat' dir='ltr'>citraque</span> <span class='ocrx_word' id='word_1_318' title='bbox 714 2694 835 2744; x_wconf 76' lang='lat' dir='ltr'>nequit</span> <span class='ocrx_word' id='word_1_319' title='bbox 855 2692 1023 2742; x_wconf 80' lang='lat' dir='ltr'>confistere</span> <span class='ocrx_word' id='word_1_320' title='bbox 1042 2695 1187 2732; x_wconf 65' lang='lat' dir='ltr'>ree-tum.</span> 
     </span>
     <span class='ocr_line' id='line_1_45' title="bbox 258 2742 1313 2795; baseline 0.003 -14"><span class='ocrx_word' id='word_1_321' title='bbox 258 2742 308 2781; x_wconf 85' lang='lat' dir='ltr'>Et</span> <span class='ocrx_word' id='word_1_322' title='bbox 329 2744 415 2780; x_wconf 86' lang='lat' dir='ltr'>hinc</span> <span class='ocrx_word' id='word_1_323' title='bbox 438 2746 524 2781; x_wconf 70' lang='lat' dir='ltr'>citra</span> <span class='ocrx_word' id='word_1_324' title='bbox 546 2757 612 2795; x_wconf 84' lang='lat' dir='ltr'>pro</span> <span class='ocrx_word' id='word_1_325' title='bbox 633 2745 752 2782; x_wconf 81' lang='lat' dir='ltr'>minus</span> <span class='ocrx_word' id='word_1_326' title='bbox 766 2745 937 2794; x_wconf 82' lang='lat' dir='ltr'>ponitur,</span> <span class='ocrx_word' id='word_1_327' title='bbox 962 2753 1002 2783; x_wconf 83' lang='lat' dir='ltr'>ut</span> <span class='ocrx_word' id='word_1_328' title='bbox 1026 2744 1188 2784; x_wconf 83' lang='lat' dir='ltr'>Ovidius</span> <span class='ocrx_word' id='word_1_329' title='bbox 1215 2757 1245 2784; x_wconf 82' lang='lat'>1.</span> <span class='ocrx_word' id='word_1_330' title='bbox 1267 2757 1313 2784; x_wconf 78' lang='lat' dir='ltr'>ex</span> 
     </span>
     <span class='ocr_line' id='line_1_46' title="bbox 258 2794 458 2832; baseline -0.005 0"><span class='ocrx_word' id='word_1_331' title='bbox 258 2794 370 2832; x_wconf 88' lang='lat' dir='ltr'>Pont.</span> <span class='ocrx_word' id='word_1_332' title='bbox 388 2806 458 2832; x_wconf 75' lang='lat' dir='ltr'>vix.</span> 
     </span>
    </p>

    <p class='ocr_par' dir='ltr' id='par_1_20' title="bbox 258 2844 1317 3303">
     <span class='ocr_line' id='line_1_47' title="bbox 312 2844 1210 2897; baseline 0.006 -16"><span class='ocrx_word' id='word_1_333' title='bbox 312 2844 424 2882; x_wconf 83' lang='lat' dir='ltr'><em>Culta</em></span> <span class='ocrx_word' id='word_1_334' title='bbox 445 2845 584 2894; x_wconf 79' lang='lat' dir='ltr'>quidem</span> <span class='ocrx_word' id='word_1_335' title='bbox 602 2847 737 2892; x_wconf 79' lang='lat' dir='ltr'>fateor,</span> <span class='ocrx_word' id='word_1_336' title='bbox 767 2848 855 2884; x_wconf 82' lang='lat' dir='ltr'>citra</span> <span class='ocrx_word' id='word_1_337' title='bbox 873 2861 980 2897; x_wconf 83' lang='lat' dir='ltr'>quam</span> <span class='ocrx_word' id='word_1_338' title='bbox 999 2846 1117 2886; x_wconf 69' lang='lat' dir='ltr'>debuit</span> <span class='ocrx_word' id='word_1_339' title='bbox 1133 2847 1210 2886; x_wconf 85' lang='lat' dir='ltr'><em>illa.</em></span> 
     </span>
     <span class='ocr_line' id='line_1_48' title="bbox 258 2895 1311 2948; baseline 0.002 -14"><span class='ocrx_word' id='word_1_340' title='bbox 258 2895 308 2934; x_wconf 83' lang='lat' dir='ltr'>Et</span> <span class='ocrx_word' id='word_1_341' title='bbox 337 2908 400 2933; x_wconf 84' lang='lat'>111.</span> <span class='ocrx_word' id='word_1_342' title='bbox 430 2897 510 2933; x_wconf 82' lang='lat' dir='ltr'>Art.</span> <span class='ocrx_word' id='word_1_343' title='bbox 541 2897 704 2933; x_wconf 74' lang='lat' dir='ltr'>Amand.</span> <span class='ocrx_word' id='word_1_344' title='bbox 737 2910 819 2946; x_wconf 78' lang='lat'>757.</span> <span class='ocrx_word' id='word_1_345' title='bbox 855 2899 916 2937; x_wconf 88' lang='lat' dir='ltr'>ubi</span> <span class='ocrx_word' id='word_1_346' title='bbox 946 2899 1021 2936; x_wconf 81' lang='lat' dir='ltr'>vid.</span> <span class='ocrx_word' id='word_1_347' title='bbox 1049 2901 1087 2936; x_wconf 89' lang='lat'>&amp;</span> <span class='ocrx_word' id='word_1_348' title='bbox 1117 2900 1214 2936; x_wconf 83' lang='lat' dir='ltr'>ultra</span> <span class='ocrx_word' id='word_1_349' title='bbox 1242 2911 1311 2948; x_wconf 85' lang='lat' dir='ltr'>pro</span> 
     </span>
     <span class='ocr_line' id='line_1_49' title="bbox 260 2946 1310 2996; baseline 0.004 -12"><span class='ocrx_word' id='word_1_350' title='bbox 260 2947 339 2996; x_wconf 71' lang='lat' dir='ltr'>plus</span> <span class='ocrx_word' id='word_1_351' title='bbox 355 2975 365 2991; x_wconf 89' lang='lat'>,</span> <span class='ocrx_word' id='word_1_352' title='bbox 392 2954 433 2985; x_wconf 82' lang='lat' dir='ltr'>ut</span> <span class='ocrx_word' id='word_1_353' title='bbox 451 2946 585 2995; x_wconf 81' lang='lat' dir='ltr'><strong>Vellej.</strong></span> <span class='ocrx_word' id='word_1_354' title='bbox 606 2959 648 2983; x_wconf 87' lang='lat'>11.</span> <span class='ocrx_word' id='word_1_355' title='bbox 672 2947 729 2984; x_wconf 74' lang='lat'>68.</span> <span class='ocrx_word' id='word_1_356' title='bbox 759 2949 855 2985; x_wconf 78' lang='lat' dir='ltr'>ultra</span> <span class='ocrx_word' id='word_1_357' title='bbox 868 2952 999 2995; x_wconf 80' lang='lat' dir='ltr'>fhrtem</span> <span class='ocrx_word' id='word_1_358' title='bbox 1029 2950 1243 2987; x_wconf 66' lang='lat' dir='ltr'>temerarius.</span> <span class='ocrx_word' id='word_1_359' title='bbox 1270 2951 1310 2988; x_wconf 85' lang='lat'>&amp;</span> 
     </span>
     <span class='ocr_line' id='line_1_50' title="bbox 261 2997 1308 3047; baseline 0.004 -12"><span class='ocrx_word' id='word_1_360' title='bbox 261 3000 313 3035; x_wconf 86' lang='lat' dir='ltr'>ita</span> <span class='ocrx_word' id='word_1_361' title='bbox 332 2997 478 3034; x_wconf 75' lang='lat' dir='ltr'>ulterius</span> <span class='ocrx_word' id='word_1_362' title='bbox 492 2998 582 3047; x_wconf 74' lang='lat' dir='ltr'>justo</span> <span class='ocrx_word' id='word_1_363' title='bbox 602 3010 717 3045; x_wconf 78' lang='lat' dir='ltr'>rogare</span> <span class='ocrx_word' id='word_1_364' title='bbox 736 2999 797 3036; x_wconf 85' lang='lat' dir='ltr'>lib.</span> <span class='ocrx_word' id='word_1_365' title='bbox 828 3012 882 3036; x_wconf 71' lang='lat' dir='ltr'>vr.</span> <span class='ocrx_word' id='word_1_366' title='bbox 904 3002 997 3037; x_wconf 85' lang='lat' dir='ltr'>Met.</span> <span class='ocrx_word' id='word_1_367' title='bbox 1015 3013 1098 3046; x_wconf 70' lang='lat'>470,</span> <span class='ocrx_word' id='word_1_368' title='bbox 1129 3002 1308 3039; x_wconf 84' lang='lat' dir='ltr'>Ceterum</span> 
     </span>
     <span class='ocr_line' id='line_1_51' title="bbox 261 3048 1313 3088; baseline 0.004 -4"><span class='ocrx_word' id='word_1_369' title='bbox 261 3048 434 3086; x_wconf 83' lang='lat' dir='ltr'>domus&amp;</span> <span class='ocrx_word' id='word_1_370' title='bbox 447 3048 567 3085; x_wconf 82' lang='lat' dir='ltr'>modus</span> <span class='ocrx_word' id='word_1_371' title='bbox 591 3050 727 3086; x_wconf 80' lang='lat' dir='ltr'><strong>centies</strong></span> <span class='ocrx_word' id='word_1_372' title='bbox 746 3061 766 3085; x_wconf 87' lang='lat' dir='ltr'>a</span> <span class='ocrx_word' id='word_1_373' title='bbox 784 3049 935 3087; x_wconf 79' lang='lat' dir='ltr'>librariis</span> <span class='ocrx_word' id='word_1_374' title='bbox 956 3051 1107 3088; x_wconf 76' lang='lat' dir='ltr'>confusa</span> <span class='ocrx_word' id='word_1_375' title='bbox 1123 3052 1313 3088; x_wconf 80' lang='lat' dir='ltr'>vocabula.</span> 
     </span>
     <span class='ocr_line' id='line_1_52' title="bbox 266 3098 1315 3148; baseline 0.003 -12"><span class='ocrx_word' id='word_1_376' title='bbox 266 3099 316 3137; x_wconf 87' lang='lat' dir='ltr'>fic</span> <span class='ocrx_word' id='word_1_377' title='bbox 337 3100 432 3148; x_wconf 80' lang='lat' dir='ltr'>apud</span> <span class='ocrx_word' id='word_1_378' title='bbox 454 3098 778 3137; x_wconf 60' lang='lat' dir='ltr'>Ovid.v111.1x=1t·r.</span> <span class='ocrx_word' id='word_1_379' title='bbox 800 3099 883 3148; x_wconf 74' lang='lat'><strong>748.</strong></span> <span class='ocrx_word' id='word_1_380' title='bbox 912 3101 1040 3138; x_wconf 79' lang='lat' dir='ltr'><em>Trunci</em></span> <span class='ocrx_word' id='word_1_381' title='bbox 1063 3101 1220 3138; x_wconf 80' lang='lat' dir='ltr'>circu‘z&#39;ere</span> <span class='ocrx_word' id='word_1_382' title='bbox 1241 3115 1315 3138; x_wconf 84' lang='lat' dir='ltr'>mo-</span> 
     </span>
     <span class='ocr_line' id='line_1_53' title="bbox 262 3150 1314 3199; baseline 0.005 -13"><span class='ocrx_word' id='word_1_383' title='bbox 262 3151 361 3188; x_wconf 80' lang='lat' dir='ltr'>dum.</span> <span class='ocrx_word' id='word_1_384' title='bbox 384 3150 489 3188; x_wconf 79' lang='lat' dir='ltr'>MSS.</span> <span class='ocrx_word' id='word_1_385' title='bbox 519 3150 666 3199; x_wconf 79' lang='lat' dir='ltr'>plurimi</span> <span class='ocrx_word' id='word_1_386' title='bbox 697 3151 832 3189; x_wconf 82' lang='lat' dir='ltr'>habent</span> <span class='ocrx_word' id='word_1_387' title='bbox 858 3151 1010 3188; x_wconf 79' lang='lat' dir='ltr'>domum.</span> <span class='ocrx_word' id='word_1_388' title='bbox 1038 3152 1112 3190; x_wconf 90' lang='lat' dir='ltr'>vid.</span> <span class='ocrx_word' id='word_1_389' title='bbox 1139 3154 1177 3190; x_wconf 68' lang='grc' dir='ltr'>δε</span> <span class='ocrx_word' id='word_1_390' title='bbox 1202 3152 1247 3191; x_wconf 83' lang='lat' dir='ltr'>ad</span> <span class='ocrx_word' id='word_1_391' title='bbox 1269 3166 1314 3191; x_wconf 90' lang='lat'>11.</span> 
     </span>
     <span class='ocr_line' id='line_1_54' title="bbox 261 3201 1317 3253; baseline 0.003 -14"><span class='ocrx_word' id='word_1_392' title='bbox 261 3202 363 3239; x_wconf 85' lang='lat' dir='ltr'>Artis</span> <span class='ocrx_word' id='word_1_393' title='bbox 386 3202 557 3251; x_wconf 80' lang='lat' dir='ltr'>361.licet</span> <span class='ocrx_word' id='word_1_394' title='bbox 574 3213 664 3239; x_wconf 83' lang='lat' dir='ltr'>vero</span> <span class='ocrx_word' id='word_1_395' title='bbox 683 3201 730 3239; x_wconf 90' lang='lat' dir='ltr'>est</span> <span class='ocrx_word' id='word_1_396' title='bbox 753 3203 789 3240; x_wconf 88' lang='lat' dir='ltr'>in</span> <span class='ocrx_word' id='word_1_397' title='bbox 811 3203 982 3240; x_wconf 82' lang='lat' dir='ltr'>omnibus</span> <span class='ocrx_word' id='word_1_398' title='bbox 1004 3204 1161 3253; x_wconf 83' lang='lat' dir='ltr'>antiquis</span> <span class='ocrx_word' id='word_1_399' title='bbox 1182 3203 1317 3242; x_wconf 86' lang='lat' dir='ltr'>editio-</span> 
     </span>
     <span class='ocr_line' id='line_1_55' title="bbox 261 3252 1317 3303; baseline 0.001 -13"><span class='ocrx_word' id='word_1_400' title='bbox 261 3253 368 3291; x_wconf 80' lang='lat' dir='ltr'>nibus</span> <span class='ocrx_word' id='word_1_401' title='bbox 396 3255 433 3290; x_wconf 76' lang='lat'>&amp;</span> <span class='ocrx_word' id='word_1_402' title='bbox 463 3252 571 3290; x_wconf 85' lang='lat' dir='ltr'>MSS.</span> <span class='ocrx_word' id='word_1_403' title='bbox 600 3254 638 3290; x_wconf 86' lang='lat'>&amp;</span> <span class='ocrx_word' id='word_1_404' title='bbox 656 3261 696 3290; x_wconf 89' lang='lat' dir='ltr'>ut</span> <span class='ocrx_word' id='word_1_405' title='bbox 717 3253 776 3290; x_wconf 82' lang='lat' dir='ltr'>hic</span> <span class='ocrx_word' id='word_1_406' title='bbox 791 3282 800 3297; x_wconf 93' lang='lat'>,</span> <span class='ocrx_word' id='word_1_407' title='bbox 828 3253 915 3290; x_wconf 84' lang='lat' dir='ltr'>citra</span> <span class='ocrx_word' id='word_1_408' title='bbox 937 3267 1042 3303; x_wconf 85' lang='lat' dir='ltr'>quam</span> <span class='ocrx_word' id='word_1_409' title='bbox 1062 3255 1165 3300; x_wconf 80' lang='lat' dir='ltr'>licet,</span> <span class='ocrx_word' id='word_1_410' title='bbox 1191 3255 1240 3293; x_wconf 77' lang='lat' dir='ltr'>ita</span> <span class='ocrx_word' id='word_1_411' title='bbox 1260 3256 1317 3292; x_wconf 85' lang='lat' dir='ltr'>ul-</span> 
     </span>
    </p>
   </div>
   <div class='ocr_carea' id='block_1_10' title="bbox 262 3304 1314 3358">
    <p class='ocr_par' dir='ltr' id='par_1_21' title="bbox 262 3304 1314 3358">
     <span class='ocr_line' id='line_1_56' title="bbox 262 3304 1314 3358; baseline 0.009 -19"><span class='ocrx_word' id='word_1_412' title='bbox 262 3310 321 3340; x_wconf 63' lang='lat' dir='ltr'>zra</span> <span class='ocrx_word' id='word_1_413' title='bbox 340 3317 448 3356; x_wconf 82' lang='lat' dir='ltr'>quam</span> <span class='ocrx_word' id='word_1_414' title='bbox 467 3304 535 3345; x_wconf 72' lang='lat' dir='ltr'>vis.</span> <span class='ocrx_word' id='word_1_415' title='bbox 563 3315 627 3345; x_wconf 70' lang='grc' dir='ltr'>ιιι.</span> <span class='ocrx_word' id='word_1_416' title='bbox 654 3316 700 3345; x_wconf 85' lang='lat' dir='ltr'>ex</span> <span class='ocrx_word' id='word_1_417' title='bbox 717 3304 830 3345; x_wconf 87' lang='lat' dir='ltr'>Pont.</span> <span class='ocrx_word' id='word_1_418' title='bbox 856 3317 910 3344; x_wconf 81' lang='lat' dir='ltr'>vx.</span> <span class='ocrx_word' id='word_1_419' title='bbox 945 3306 1003 3357; x_wconf 68' lang='lat'>56,</span> <span class='ocrx_word' id='word_1_420' title='bbox 1032 3306 1219 3358; x_wconf 78' lang='lat' dir='ltr'>vulgatam</span> <span class='ocrx_word' id='word_1_421' title='bbox 1247 3308 1314 3358; x_wconf 84' lang='lat' dir='ltr'>qui</span> 
     </span>
    </p>
   </div>
   <div class='ocr_carea' id='block_1_11' title="bbox 2285 1152 2405 1210">
    <p class='ocr_par' dir='ltr' id='par_1_22' title="bbox 2285 1152 2405 1210">
     <span class='ocr_line' id='line_1_57' title="bbox 2285 1152 2405 1210; baseline -0.017 0"><span class='ocrx_word' id='word_1_422' title='bbox 2285 1152 2405 1210; x_wconf 84' lang='lat' dir='ltr'>Nee</span> 
     </span>
    </p>
   </div>
   <div class='ocr_carea' id='block_1_12' title="bbox 1351 1264 2415 1421">
    <p class='ocr_par' dir='ltr' id='par_1_23' title="bbox 1351 1264 2415 1421">
     <span class='ocr_line' id='line_1_58' title="bbox 1360 1264 2415 1316; baseline 0.004 -14"><span class='ocrx_word' id='word_1_423' title='bbox 1360 1265 1455 1303; x_wconf 87' lang='lat' dir='ltr'>tueri</span> <span class='ocrx_word' id='word_1_424' title='bbox 1487 1264 1567 1303; x_wconf 76' lang='lat' dir='ltr'>vuit</span> <span class='ocrx_word' id='word_1_425' title='bbox 1601 1266 1650 1304; x_wconf 86' lang='lat' dir='ltr'>ita</span> <span class='ocrx_word' id='word_1_426' title='bbox 1693 1267 1879 1316; x_wconf 60' lang='lat' dir='ltr'>expiicet3</span> <span class='ocrx_word' id='word_1_427' title='bbox 1920 1268 1958 1306; x_wconf 90' lang='lat'>&amp;</span> <span class='ocrx_word' id='word_1_428' title='bbox 1988 1266 2208 1308; x_wconf 75' lang='lat' dir='ltr'>constituisse</span> <span class='ocrx_word' id='word_1_429' title='bbox 2232 1297 2243 1314; x_wconf 92' lang='lat'>‚</span> <span class='ocrx_word' id='word_1_430' title='bbox 2288 1268 2325 1307; x_wconf 88' lang='lat' dir='ltr'>id</span> <span class='ocrx_word' id='word_1_431' title='bbox 2364 1267 2415 1307; x_wconf 84' lang='lat' dir='ltr'>est</span> 
     </span>
     <span class='ocr_line' id='line_1_59' title="bbox 1354 1315 2413 1363; baseline 0.004 -11"><span class='ocrx_word' id='word_1_432' title='bbox 1354 1315 1578 1361; x_wconf 70' lang='lat' dir='ltr'>coercuisse,</span> <span class='ocrx_word' id='word_1_433' title='bbox 1607 1318 1712 1355; x_wconf 80' lang='lat' dir='ltr'>certis</span> <span class='ocrx_word' id='word_1_434' title='bbox 1739 1320 1914 1357; x_wconf 85' lang='lat' dir='ltr'>limitibus</span> <span class='ocrx_word' id='word_1_435' title='bbox 1939 1347 1948 1363; x_wconf 90' lang='lat'>‚</span> <span class='ocrx_word' id='word_1_436' title='bbox 1978 1320 2072 1358; x_wconf 86' lang='lat' dir='ltr'>vires</span> <span class='ocrx_word' id='word_1_437' title='bbox 2089 1329 2167 1359; x_wconf 86' lang='lat' dir='ltr'>tuas</span> <span class='ocrx_word' id='word_1_438' title='bbox 2191 1322 2277 1358; x_wconf 84' lang='lat' dir='ltr'>citra</span> <span class='ocrx_word' id='word_1_439' title='bbox 2299 1319 2413 1357; x_wconf 84' lang='lat' dir='ltr'>etiam</span> 
     </span>
     <span class='ocr_line' id='line_1_60' title="bbox 1351 1367 2415 1421; baseline 0.003 -18"><span class='ocrx_word' id='word_1_440' title='bbox 1351 1367 1575 1404; x_wconf 81' lang='lat' dir='ltr'>humillimas</span> <span class='ocrx_word' id='word_1_441' title='bbox 1596 1369 1748 1406; x_wconf 76' lang='lat' dir='ltr'>familias</span> <span class='ocrx_word' id='word_1_442' title='bbox 1769 1372 1808 1407; x_wconf 62' lang='grc' dir='ltr'>ὃς</span> <span class='ocrx_word' id='word_1_443' title='bbox 1827 1381 1953 1419; x_wconf 82' lang='lat' dir='ltr'>gentes</span> <span class='ocrx_word' id='word_1_444' title='bbox 1965 1385 1977 1413; x_wconf 85' lang='lat'>;</span> <span class='ocrx_word' id='word_1_445' title='bbox 2014 1383 2099 1409; x_wconf 83' lang='lat' dir='ltr'>nam</span> <span class='ocrx_word' id='word_1_446' title='bbox 2123 1371 2268 1421; x_wconf 78' lang='lat' dir='ltr'><em>quilibet</em></span> <span class='ocrx_word' id='word_1_447' title='bbox 2282 1399 2292 1415; x_wconf 91' lang='lat'>,</span> <span class='ocrx_word' id='word_1_448' title='bbox 2334 1370 2415 1418; x_wconf 86' lang='lat' dir='ltr'>qui-</span> 
     </span>
    </p>
   </div>
   <div class='ocr_carea' id='block_1_13' title="bbox 1352 1417 2420 1878">
    <p class='ocr_par' dir='ltr' id='par_1_24' title="bbox 1356 1417 2413 1522">
     <span class='ocr_line' id='line_1_61' title="bbox 1356 1417 2413 1470; baseline 0.005 -17"><span class='ocrx_word' id='word_1_449' title='bbox 1356 1431 1525 1468; x_wconf 78' lang='lat' dir='ltr'><em>cumque,</em></span> <span class='ocrx_word' id='word_1_450' title='bbox 1561 1417 1607 1456; x_wconf 87' lang='lat' dir='ltr'>de</span> <span class='ocrx_word' id='word_1_451' title='bbox 1636 1419 1812 1458; x_wconf 84' lang='lat' dir='ltr'>viliffimis</span> <span class='ocrx_word' id='word_1_452' title='bbox 1843 1421 1986 1459; x_wconf 75' lang='lat' dir='ltr'>dicitur.</span> <span class='ocrx_word' id='word_1_453' title='bbox 2017 1421 2077 1460; x_wconf 86' lang='lat' dir='ltr'>sed</span> <span class='ocrx_word' id='word_1_454' title='bbox 2103 1430 2230 1460; x_wconf 86' lang='lat' dir='ltr'>tamen</span> <span class='ocrx_word' id='word_1_455' title='bbox 2260 1421 2413 1470; x_wconf 88' lang='lat' dir='ltr'>praestat</span> 
     </span>
     <span class='ocr_line' id='line_1_62' title="bbox 1356 1469 2209 1522; baseline 0.006 -17"><span class='ocrx_word' id='word_1_456' title='bbox 1356 1480 1441 1506; x_wconf 86' lang='lat' dir='ltr'>cum</span> <span class='ocrx_word' id='word_1_457' title='bbox 1465 1469 1652 1514; x_wconf 68' lang='lat' dir='ltr'>‘Heinfio,</span> <span class='ocrx_word' id='word_1_458' title='bbox 1682 1472 1888 1522; x_wconf 68' lang='lat' dir='ltr'>continuiſjb.</span> <span class='ocrx_word' id='word_1_459' title='bbox 1941 1472 2209 1510; x_wconf 70' lang='lat' dir='ltr'><strong>BURMANNUS.</strong></span> 
     </span>
    </p>

    <p class='ocr_par' dir='ltr' id='par_1_25' title="bbox 1409 1520 2198 1572">
     <span class='ocr_line' id='line_1_63' title="bbox 1409 1520 2198 1572; baseline 0.008 -17"><span class='ocrx_word' id='word_1_460' title='bbox 1409 1532 1466 1568; x_wconf 80' lang='lat'>52.</span> <span class='ocrx_word' id='word_1_461' title='bbox 1493 1520 1666 1569; x_wconf 81' lang='lat' dir='ltr'>Regnat.]</span> <span class='ocrx_word' id='word_1_462' title='bbox 1699 1528 1824 1570; x_wconf 80' lang='lat' dir='ltr'>Regnet</span> <span class='ocrx_word' id='word_1_463' title='bbox 1846 1523 2028 1561; x_wconf 84' lang='lat' dir='ltr'><strong>editiones</strong></span> <span class='ocrx_word' id='word_1_464' title='bbox 2048 1525 2198 1572; x_wconf 78' lang='lat' dir='ltr'><strong>priores.</strong></span> 
     </span>
    </p>

    <p class='ocr_par' dir='ltr' id='par_1_26' title="bbox 1358 1571 2417 1672">
     <span class='ocr_line' id='line_1_64' title="bbox 1410 1571 2417 1624; baseline 0.003 -16"><span class='ocrx_word' id='word_1_465' title='bbox 1410 1582 1472 1619; x_wconf 76' lang='lat'>53.</span> <span class='ocrx_word' id='word_1_466' title='bbox 1512 1577 1566 1607; x_wconf 85' lang='lat' dir='ltr'>Ne</span> <span class='ocrx_word' id='word_1_467' title='bbox 1593 1571 1679 1621; x_wconf 74' lang='lat' dir='ltr'>quid</span> <span class='ocrx_word' id='word_1_468' title='bbox 1709 1586 1777 1610; x_wconf 83' lang='lat' dir='ltr'>non</span> <span class='ocrx_word' id='word_1_469' title='bbox 1806 1574 1958 1623; x_wconf 79' lang='lat' dir='ltr'>improba</span> <span class='ocrx_word' id='word_1_470' title='bbox 1980 1574 2142 1624; x_wconf 73' lang='lat' dir='ltr'>carpat.]</span> <span class='ocrx_word' id='word_1_471' title='bbox 2181 1574 2277 1613; x_wconf 89' lang='lat' dir='ltr'>Puto</span> <span class='ocrx_word' id='word_1_472' title='bbox 2300 1600 2312 1619; x_wconf 90' lang='lat'><em>‚</em></span> <span class='ocrx_word' id='word_1_473' title='bbox 2349 1586 2417 1611; x_wconf 73' lang='lat' dir='ltr'>neu</span> 
     </span>
     <span class='ocr_line' id='line_1_65' title="bbox 1358 1622 1716 1672; baseline 0.003 -14"><span class='ocrx_word' id='word_1_474' title='bbox 1358 1622 1456 1672; x_wconf 85' lang='lat' dir='ltr'>quid.</span> <span class='ocrx_word' id='word_1_475' title='bbox 1500 1622 1716 1660; x_wconf 66' lang='lat' dir='ltr'>Hfistxus.</span> 
     </span>
    </p>

    <p class='ocr_par' dir='ltr' id='par_1_27' title="bbox 1352 1673 2420 1878">
     <span class='ocr_line' id='line_1_66' title="bbox 1413 1673 2420 1726; baseline 0.002 -15"><span class='ocrx_word' id='word_1_476' title='bbox 1413 1685 1471 1722; x_wconf 78' lang='lat'>54.</span> <span class='ocrx_word' id='word_1_477' title='bbox 1499 1677 1546 1709; x_wconf 84' lang='lat' dir='ltr'>Et</span> <span class='ocrx_word' id='word_1_478' title='bbox 1574 1673 1742 1722; x_wconf 80' lang='lat' dir='ltr'>injustum</span> <span class='ocrx_word' id='word_1_479' title='bbox 1767 1675 1827 1724; x_wconf 85' lang='lat' dir='ltr'>jus</span> <span class='ocrx_word' id='word_1_480' title='bbox 1838 1673 1907 1724; x_wconf 75' lang='lat' dir='ltr'>fibi</span> <span class='ocrx_word' id='word_1_481' title='bbox 1935 1674 2202 1726; x_wconf 82' lang='lat' dir='ltr'>ubiquefacit.]</span> <span class='ocrx_word' id='word_1_482' title='bbox 2233 1675 2420 1724; x_wconf 86' lang='lat' dir='ltr'>Expostu-</span> 
     </span>
     <span class='ocr_line' id='line_1_67' title="bbox 1356 1724 2420 1776; baseline 0.003 -15"><span class='ocrx_word' id='word_1_483' title='bbox 1356 1724 1407 1762; x_wconf 81' lang='lat' dir='ltr'>lat</span> <span class='ocrx_word' id='word_1_484' title='bbox 1437 1736 1522 1762; x_wconf 85' lang='lat' dir='ltr'>cum</span> <span class='ocrx_word' id='word_1_485' title='bbox 1555 1724 1742 1771; x_wconf 83' lang='lat' dir='ltr'>Fortuna,</span> <span class='ocrx_word' id='word_1_486' title='bbox 1778 1738 1856 1763; x_wconf 88' lang='lat' dir='ltr'>non</span> <span class='ocrx_word' id='word_1_487' title='bbox 1878 1737 1954 1763; x_wconf 84' lang='lat' dir='ltr'>tam</span> <span class='ocrx_word' id='word_1_488' title='bbox 1976 1727 2016 1763; x_wconf 88' lang='lat' dir='ltr'>in</span> <span class='ocrx_word' id='word_1_489' title='bbox 2036 1738 2167 1764; x_wconf 83' lang='lat' dir='ltr'>omnes</span> <span class='ocrx_word' id='word_1_490' title='bbox 2188 1755 2198 1772; x_wconf 93' lang='lat'>‚</span> <span class='ocrx_word' id='word_1_491' title='bbox 2237 1738 2350 1776; x_wconf 87' lang='lat' dir='ltr'>quarn</span> <span class='ocrx_word' id='word_1_492' title='bbox 2379 1727 2420 1764; x_wconf 89' lang='lat' dir='ltr'>in</span> 
     </span>
     <span class='ocr_line' id='line_1_68' title="bbox 1360 1774 2418 1827; baseline 0 -15"><span class='ocrx_word' id='word_1_493' title='bbox 1360 1776 1512 1813; x_wconf 81' lang='lat' dir='ltr'>Liviam</span> <span class='ocrx_word' id='word_1_494' title='bbox 1530 1774 1727 1815; x_wconf 82' lang='lat' dir='ltr'>saeviente.</span> <span class='ocrx_word' id='word_1_495' title='bbox 1755 1778 1881 1825; x_wconf 87' lang='lat' dir='ltr'>Quare</span> <span class='ocrx_word' id='word_1_496' title='bbox 1901 1776 2111 1815; x_wconf 83' lang='lat' dir='ltr'>refinxerim</span> <span class='ocrx_word' id='word_1_497' title='bbox 2134 1778 2248 1815; x_wconf 83' lang='lat' dir='ltr'>libens</span> <span class='ocrx_word' id='word_1_498' title='bbox 2263 1805 2273 1822; x_wconf 93' lang='lat'>,</span> <span class='ocrx_word' id='word_1_499' title='bbox 2292 1777 2418 1827; x_wconf 82' lang='lat' dir='ltr'>iniqua</span> 
     </span>
     <span class='ocr_line' id='line_1_69' title="bbox 1352 1827 2418 1878; baseline 0.005 -17"><span class='ocrx_word' id='word_1_500' title='bbox 1352 1827 1459 1874; x_wconf 70' lang='lat' dir='ltr'>facit.</span> <span class='ocrx_word' id='word_1_501' title='bbox 1487 1827 1620 1865; x_wconf 85' lang='lat' dir='ltr'>Similis</span> <span class='ocrx_word' id='word_1_502' title='bbox 1641 1839 1740 1865; x_wconf 89' lang='lat' dir='ltr'>error</span> <span class='ocrx_word' id='word_1_503' title='bbox 1758 1828 1851 1865; x_wconf 86' lang='lat' dir='ltr'>infra</span> <span class='ocrx_word' id='word_1_504' title='bbox 1872 1840 2024 1878; x_wconf 83' lang='lat' dir='ltr'>quoque</span> <span class='ocrx_word' id='word_1_505' title='bbox 2035 1827 2248 1866; x_wconf 78' lang='lat' dir='ltr'>commissus</span> <span class='ocrx_word' id='word_1_506' title='bbox 2264 1828 2418 1877; x_wconf 59' lang='lat' dir='ltr'><em>ss8.371.</em></span> 
     </span>
    </p>
   </div>
   <div class='ocr_carea' id='block_1_14' title="bbox 1363 1878 2497 1923">
    <p class='ocr_par' dir='ltr' id='par_1_28' title="bbox 1363 1878 2497 1923">
     <span class='ocr_line' id='line_1_70' title="bbox 1363 1878 2497 1923; baseline 0.002 -9"><span class='ocrx_word' id='word_1_507' title='bbox 1363 1878 1480 1916; x_wconf 76' lang='lat' dir='ltr'><strong>IDEM.</strong></span> <span class='ocrx_word' id='word_1_508' title='bbox 1535 1878 1640 1915; x_wconf 83' lang='lat' dir='ltr'>Nihil</span> <span class='ocrx_word' id='word_1_509' title='bbox 1659 1886 1835 1922; x_wconf 76' lang='lat' dir='ltr'>mutem3</span> <span class='ocrx_word' id='word_1_510' title='bbox 1871 1879 1989 1917; x_wconf 85' lang='lat' dir='ltr'>sensus</span> <span class='ocrx_word' id='word_1_511' title='bbox 2016 1879 2098 1923; x_wconf 90' lang='lat' dir='ltr'>est,</span> <span class='ocrx_word' id='word_1_512' title='bbox 2135 1879 2299 1918; x_wconf 82' lang='lat' dir='ltr'>Fortuna</span> <span class='ocrx_word' id='word_1_513' title='bbox 2336 1878 2419 1916; x_wconf 82' lang='lat' dir='ltr'>ubi·</span> <span class='ocrx_word' id='word_1_514' title='bbox 2493 1878 2497 1879; x_wconf 49' lang='lat'><em>⁷</em></span> 
     </span>
    </p>
   </div>
   <div class='ocr_carea' id='block_1_15' title="bbox 1358 1928 2424 3405">
    <p class='ocr_par' dir='ltr' id='par_1_29' title="bbox 1361 1928 2419 2069">
     <span class='ocr_line' id='line_1_71' title="bbox 1361 1928 2419 1980; baseline 0 -14"><span class='ocrx_word' id='word_1_515' title='bbox 1361 1941 1436 1978; x_wconf 86' lang='lat' dir='ltr'>que</span> <span class='ocrx_word' id='word_1_516' title='bbox 1459 1929 1522 1967; x_wconf 84' lang='lat' dir='ltr'>fibi</span> <span class='ocrx_word' id='word_1_517' title='bbox 1543 1928 1695 1978; x_wconf 78' lang='lat' dir='ltr'>adrogat</span> <span class='ocrx_word' id='word_1_518' title='bbox 1720 1941 1874 1979; x_wconf 84' lang='lat' dir='ltr'>regnum</span> <span class='ocrx_word' id='word_1_519' title='bbox 1888 1958 1899 1974; x_wconf 93' lang='lat'>‚</span> <span class='ocrx_word' id='word_1_520' title='bbox 1927 1929 2028 1979; x_wconf 78' lang='lat' dir='ltr'>quast</span> <span class='ocrx_word' id='word_1_521' title='bbox 2041 1931 2126 1980; x_wconf 86' lang='lat' dir='ltr'>jure</span> <span class='ocrx_word' id='word_1_522' title='bbox 2145 1931 2219 1968; x_wconf 90' lang='lat' dir='ltr'>hoc</span> <span class='ocrx_word' id='word_1_523' title='bbox 2240 1929 2301 1967; x_wconf 87' lang='lat' dir='ltr'>fibi</span> <span class='ocrx_word' id='word_1_524' title='bbox 2313 1929 2419 1978; x_wconf 80' lang='lat' dir='ltr'>super</span> 
     </span>
     <span class='ocr_line' id='line_1_72' title="bbox 1362 1979 2419 2028; baseline 0.001 -11"><span class='ocrx_word' id='word_1_525' title='bbox 1362 1992 1495 2018; x_wconf 84' lang='lat' dir='ltr'>omnes</span> <span class='ocrx_word' id='word_1_526' title='bbox 1516 1988 1757 2028; x_wconf 87' lang='lat' dir='ltr'>competeret.</span> <span class='ocrx_word' id='word_1_527' title='bbox 1788 1980 1975 2020; x_wconf 74' lang='lat' dir='ltr'>OvidIana</span> <span class='ocrx_word' id='word_1_528' title='bbox 2003 1982 2042 2019; x_wconf 70' lang='grc' dir='ltr'>δε</span> <span class='ocrx_word' id='word_1_529' title='bbox 2069 1983 2162 2020; x_wconf 87' lang='lat' dir='ltr'>haec</span> <span class='ocrx_word' id='word_1_530' title='bbox 2193 1979 2343 2020; x_wconf 83' lang='lat' dir='ltr'>Phrafis.</span> <span class='ocrx_word' id='word_1_531' title='bbox 2368 1979 2419 2018; x_wconf 78' lang='lat' dir='ltr'>stc</span> 
     </span>
     <span class='ocr_line' id='line_1_73' title="bbox 1363 2031 1864 2069; baseline 0 -1"><span class='ocrx_word' id='word_1_532' title='bbox 1363 2032 1463 2069; x_wconf 81' lang='lat' dir='ltr'>enim</span> <span class='ocrx_word' id='word_1_533' title='bbox 1487 2031 1547 2068; x_wconf 85' lang='lat' dir='ltr'>lib.</span> <span class='ocrx_word' id='word_1_534' title='bbox 1567 2043 1619 2069; x_wconf 73' lang='grc' dir='ltr'>ιν.</span> <span class='ocrx_word' id='word_1_535' title='bbox 1633 2043 1678 2068; x_wconf 86' lang='lat' dir='ltr'>ex</span> <span class='ocrx_word' id='word_1_536' title='bbox 1701 2032 1807 2069; x_wconf 85' lang='lat' dir='ltr'>Pont.</span> <span class='ocrx_word' id='word_1_537' title='bbox 1829 2031 1864 2068; x_wconf 89' lang='lat'>8.</span> 
     </span>
    </p>

    <p class='ocr_par' dir='ltr' id='par_1_30' title="bbox 1364 2081 2260 2182">
     <span class='ocr_line' id='line_1_74' title="bbox 1413 2081 2260 2132; baseline 0.006 -15"><span class='ocrx_word' id='word_1_538' title='bbox 1413 2082 1488 2128; x_wconf 72' lang='lat' dir='ltr'>Jus</span> <span class='ocrx_word' id='word_1_539' title='bbox 1509 2081 1652 2132; x_wconf 75' lang='lat' dir='ltr'><em>aliquod</em></span> <span class='ocrx_word' id='word_1_540' title='bbox 1664 2082 1810 2129; x_wconf 76' lang='lat' dir='ltr'>faciunt</span> <span class='ocrx_word' id='word_1_541' title='bbox 1828 2082 1961 2132; x_wconf 77' lang='lat' dir='ltr'>adfinia</span> <span class='ocrx_word' id='word_1_542' title='bbox 1983 2082 2131 2121; x_wconf 83' lang='lat' dir='ltr'><em>vincula</em></span> <span class='ocrx_word' id='word_1_543' title='bbox 2151 2081 2260 2122; x_wconf 82' lang='lat' dir='ltr'>nobis.</span> 
     </span>
     <span class='ocr_line' id='line_1_75' title="bbox 1364 2134 1622 2182; baseline 0 -11"><span class='ocrx_word' id='word_1_544' title='bbox 1364 2145 1426 2171; x_wconf 77' lang='lat' dir='ltr'>xv,</span> <span class='ocrx_word' id='word_1_545' title='bbox 1446 2134 1542 2171; x_wconf 90' lang='lat' dir='ltr'>Met.</span> <span class='ocrx_word' id='word_1_546' title='bbox 1563 2145 1622 2182; x_wconf 83' lang='lat'>39.</span> 
     </span>
    </p>

    <p class='ocr_par' dir='ltr' id='par_1_31' title="bbox 1418 2183 2130 2234">
     <span class='ocr_line' id='line_1_76' title="bbox 1418 2183 2130 2234; baseline 0.006 -14"><span class='ocrx_word' id='word_1_547' title='bbox 1418 2190 1447 2220; x_wconf 93' lang='lat' dir='ltr'>O</span> <span class='ocrx_word' id='word_1_548' title='bbox 1470 2185 1523 2222; x_wconf 87' lang='lat' dir='ltr'>cui</span> <span class='ocrx_word' id='word_1_549' title='bbox 1534 2184 1595 2233; x_wconf 86' lang='lat' dir='ltr'>jus</span> <span class='ocrx_word' id='word_1_550' title='bbox 1616 2183 1696 2221; x_wconf 80' lang='lat' dir='ltr'>coeli</span> <span class='ocrx_word' id='word_1_551' title='bbox 1714 2183 1765 2221; x_wconf 73' lang='lat' dir='ltr'>bis</span> <span class='ocrx_word' id='word_1_552' title='bbox 1774 2185 1838 2234; x_wconf 59' lang='lat' dir='ltr'>sex</span> <span class='ocrx_word' id='word_1_553' title='bbox 1852 2187 1962 2233; x_wconf 82' lang='lat' dir='ltr'>secere</span> <span class='ocrx_word' id='word_1_554' title='bbox 1989 2185 2130 2224; x_wconf 77' lang='lat' dir='ltr'>labore-s.</span> 
     </span>
    </p>

    <p class='ocr_par' dir='ltr' id='par_1_32' title="bbox 1358 2235 2424 2681">
     <span class='ocr_line' id='line_1_77' title="bbox 1367 2235 2418 2286; baseline 0.002 -13"><span class='ocrx_word' id='word_1_555' title='bbox 1367 2235 1414 2273; x_wconf 83' lang='lat' dir='ltr'>Et</span> <span class='ocrx_word' id='word_1_556' title='bbox 1436 2236 1517 2273; x_wconf 77' lang='lat' dir='ltr'>iil-ae</span> <span class='ocrx_word' id='word_1_557' title='bbox 1535 2235 1745 2274; x_wconf 82' lang='lat' dir='ltr'>locutiones</span> <span class='ocrx_word' id='word_1_558' title='bbox 1758 2264 1768 2281; x_wconf 92' lang='lat'>‚</span> <span class='ocrx_word' id='word_1_559' title='bbox 1791 2238 1852 2285; x_wconf 81' lang='lat' dir='ltr'>jus</span> <span class='ocrx_word' id='word_1_560' title='bbox 1860 2239 1980 2284; x_wconf 84' lang='lat' dir='ltr'>facere</span> <span class='ocrx_word' id='word_1_561' title='bbox 1994 2265 2003 2281; x_wconf 93' lang='lat'>,</span> <span class='ocrx_word' id='word_1_562' title='bbox 2032 2238 2215 2286; x_wconf 76' lang='lat' dir='ltr'>usurpare,</span> <span class='ocrx_word' id='word_1_563' title='bbox 2241 2237 2326 2274; x_wconf 81' lang='lat' dir='ltr'>darc</span> <span class='ocrx_word' id='word_1_564' title='bbox 2339 2264 2350 2282; x_wconf 90' lang='lat'>,</span> <span class='ocrx_word' id='word_1_565' title='bbox 2369 2235 2418 2275; x_wconf 84' lang='lat' dir='ltr'>de</span> 
     </span>
     <span class='ocr_line' id='line_1_78' title="bbox 1365 2286 2419 2338; baseline 0 -14"><span class='ocrx_word' id='word_1_566' title='bbox 1365 2286 1434 2325; x_wconf 85' lang='lat' dir='ltr'>illis</span> <span class='ocrx_word' id='word_1_567' title='bbox 1451 2286 1606 2331; x_wconf 85' lang='lat' dir='ltr'>dicitur,</span> <span class='ocrx_word' id='word_1_568' title='bbox 1632 2288 1695 2334; x_wconf 89' lang='lat' dir='ltr'>qui</span> <span class='ocrx_word' id='word_1_569' title='bbox 1718 2287 1858 2326; x_wconf 80' lang='lat' dir='ltr'>faciunt</span> <span class='ocrx_word' id='word_1_570' title='bbox 1879 2287 2039 2337; x_wconf 82' lang='lat' dir='ltr'>aliquid,</span> <span class='ocrx_word' id='word_1_571' title='bbox 2085 2288 2185 2338; x_wconf 80' lang='lat' dir='ltr'>quafi</span> <span class='ocrx_word' id='word_1_572' title='bbox 2207 2288 2267 2335; x_wconf 88' lang='lat' dir='ltr'>jus</span> <span class='ocrx_word' id='word_1_573' title='bbox 2296 2287 2333 2324; x_wconf 89' lang='lat' dir='ltr'>id</span> <span class='ocrx_word' id='word_1_574' title='bbox 2352 2287 2419 2325; x_wconf 89' lang='lat' dir='ltr'>ha-</span> 
     </span>
     <span class='ocr_line' id='line_1_79' title="bbox 1374 2336 2424 2388; baseline 0.001 -14"><span class='ocrx_word' id='word_1_575' title='bbox 1374 2337 1513 2376; x_wconf 86' lang='lat' dir='ltr'>berent.</span> <span class='ocrx_word' id='word_1_576' title='bbox 1548 2336 1597 2375; x_wconf 90' lang='lat' dir='ltr'>fic</span> <span class='ocrx_word' id='word_1_577' title='bbox 1626 2337 1685 2374; x_wconf 83' lang='lat' dir='ltr'>illa</span> <span class='ocrx_word' id='word_1_578' title='bbox 1712 2339 1857 2376; x_wconf 82' lang='lat' dir='ltr'>Lucani</span> <span class='ocrx_word' id='word_1_579' title='bbox 1887 2339 1993 2376; x_wconf 79' lang='lat' dir='ltr'>initio</span> <span class='ocrx_word' id='word_1_580' title='bbox 2022 2338 2083 2375; x_wconf 87' lang='lat' dir='ltr'>lib.</span> <span class='ocrx_word' id='word_1_581' title='bbox 2118 2349 2150 2376; x_wconf 90' lang='lat'>1.</span> <span class='ocrx_word' id='word_1_582' title='bbox 2186 2339 2325 2388; x_wconf 76' lang='lat' dir='ltr'><em>Jusque</em></span> <span class='ocrx_word' id='word_1_583' title='bbox 2356 2338 2424 2375; x_wconf 86' lang='lat' dir='ltr'>da·</span> 
     </span>
     <span class='ocr_line' id='line_1_80' title="bbox 1363 2387 2421 2436; baseline 0.002 -12"><span class='ocrx_word' id='word_1_584' title='bbox 1363 2397 1442 2424; x_wconf 77' lang='lat' dir='ltr'>tum</span> <span class='ocrx_word' id='word_1_585' title='bbox 1465 2387 1586 2436; x_wconf 85' lang='lat' dir='ltr'>sceleri</span> <span class='ocrx_word' id='word_1_586' title='bbox 1606 2388 1704 2425; x_wconf 85' lang='lat' dir='ltr'>male</span> <span class='ocrx_word' id='word_1_587' title='bbox 1730 2388 1850 2426; x_wconf 83' lang='lat' dir='ltr'>Barth.</span> <span class='ocrx_word' id='word_1_588' title='bbox 1871 2388 1933 2426; x_wconf 78' lang='lat' dir='ltr'>lib.</span> <span class='ocrx_word' id='word_1_589' title='bbox 1962 2401 2015 2426; x_wconf 79' lang='lat' dir='ltr'>xx.</span> <span class='ocrx_word' id='word_1_590' title='bbox 2033 2388 2133 2426; x_wconf 78' lang='lat' dir='ltr'>Adv,</span> <span class='ocrx_word' id='word_1_591' title='bbox 2154 2401 2210 2426; x_wconf 93' lang='lat'>10.</span> <span class='ocrx_word' id='word_1_592' title='bbox 2239 2389 2421 2436; x_wconf 8' lang='lat' dir='ltr'>explicati,</span> 
     </span>
     <span class='ocr_line' id='line_1_81' title="bbox 1358 2438 2417 2487; baseline 0.001 -11"><span class='ocrx_word' id='word_1_593' title='bbox 1358 2438 1433 2487; x_wconf 91' lang='lat' dir='ltr'>juri</span> <span class='ocrx_word' id='word_1_594' title='bbox 1444 2438 1605 2477; x_wconf 83' lang='lat' dir='ltr'>succeffit</span> <span class='ocrx_word' id='word_1_595' title='bbox 1623 2438 1734 2476; x_wconf 82' lang='lat' dir='ltr'><strong>scelus</strong></span> <span class='ocrx_word' id='word_1_596' title='bbox 1749 2453 1760 2482; x_wconf 88' lang='lat'>;</span> <span class='ocrx_word' id='word_1_597' title='bbox 1777 2450 1861 2476; x_wconf 89' lang='lat' dir='ltr'>cum</span> <span class='ocrx_word' id='word_1_598' title='bbox 1879 2446 1986 2476; x_wconf 88' lang='lat' dir='ltr'>notet</span> <span class='ocrx_word' id='word_1_599' title='bbox 2000 2467 2010 2483; x_wconf 90' lang='lat'><em>‚</em></span> <span class='ocrx_word' id='word_1_600' title='bbox 2021 2438 2152 2476; x_wconf 76' lang='lat' dir='ltr'>scelera</span> <span class='ocrx_word' id='word_1_601' title='bbox 2164 2447 2241 2476; x_wconf 87' lang='lat' dir='ltr'>tam</span> <span class='ocrx_word' id='word_1_602' title='bbox 2260 2439 2310 2476; x_wconf 84' lang='lat' dir='ltr'>im</span> <span class='ocrx_word' id='word_1_603' title='bbox 2318 2450 2417 2487; x_wconf 82' lang='lat' dir='ltr'>pune</span> 
     </span>
     <span class='ocr_line' id='line_1_82' title="bbox 1366 2487 2419 2539; baseline 0 -13"><span class='ocrx_word' id='word_1_604' title='bbox 1366 2490 1405 2526; x_wconf 89' lang='lat'>&amp;</span> <span class='ocrx_word' id='word_1_605' title='bbox 1425 2490 1637 2539; x_wconf 83' lang='lat' dir='ltr'>frequenter</span> <span class='ocrx_word' id='word_1_606' title='bbox 1656 2487 1847 2526; x_wconf 73' lang='lat' dir='ltr'>commifl&#39;a</span> <span class='ocrx_word' id='word_1_607' title='bbox 1860 2517 1869 2531; x_wconf 92' lang='lat'><strong>‚</strong></span> <span class='ocrx_word' id='word_1_608' title='bbox 1897 2497 1938 2526; x_wconf 90' lang='lat' dir='ltr'>ut</span> <span class='ocrx_word' id='word_1_609' title='bbox 1950 2489 2030 2538; x_wconf 84' lang='lat' dir='ltr'>jam</span> <span class='ocrx_word' id='word_1_610' title='bbox 2045 2490 2159 2527; x_wconf 88' lang='lat' dir='ltr'>moris</span> <span class='ocrx_word' id='word_1_611' title='bbox 2179 2490 2216 2526; x_wconf 64' lang='grc' dir='ltr'>ὅ(</span> <span class='ocrx_word' id='word_1_612' title='bbox 2229 2490 2319 2538; x_wconf 84' lang='lat' dir='ltr'>juris</span> <span class='ocrx_word' id='word_1_613' title='bbox 2332 2488 2419 2527; x_wconf 87' lang='lat' dir='ltr'>effet</span> 
     </span>
     <span class='ocr_line' id='line_1_83' title="bbox 1366 2539 2421 2589; baseline -0.002 -11"><span class='ocrx_word' id='word_1_614' title='bbox 1366 2551 1408 2577; x_wconf 82' lang='lat' dir='ltr'>ea</span> <span class='ocrx_word' id='word_1_615' title='bbox 1429 2541 1569 2584; x_wconf 86' lang='lat' dir='ltr'>facere;</span> <span class='ocrx_word' id='word_1_616' title='bbox 1598 2551 1686 2577; x_wconf 81' lang='lat' dir='ltr'>nam</span> <span class='ocrx_word' id='word_1_617' title='bbox 1701 2540 1870 2588; x_wconf 80' lang='lat' dir='ltr'>exempla</span> <span class='ocrx_word' id='word_1_618' title='bbox 1893 2551 2023 2577; x_wconf 87' lang='lat' dir='ltr'>eorum</span> <span class='ocrx_word' id='word_1_619' title='bbox 2038 2568 2048 2583; x_wconf 95' lang='lat'><em>‚</em></span> <span class='ocrx_word' id='word_1_620' title='bbox 2075 2541 2139 2589; x_wconf 90' lang='lat' dir='ltr'>qui</span> <span class='ocrx_word' id='word_1_621' title='bbox 2161 2540 2334 2589; x_wconf 79' lang='lat' dir='ltr'>impuniti</span> <span class='ocrx_word' id='word_1_622' title='bbox 2354 2539 2421 2577; x_wconf 84' lang='lat' dir='ltr'>ad-</span> 
     </span>
     <span class='ocr_line' id='line_1_84' title="bbox 1368 2589 2420 2640; baseline 0.001 -13"><span class='ocrx_word' id='word_1_623' title='bbox 1368 2591 1561 2636; x_wconf 83' lang='lat' dir='ltr'>miserant,</span> <span class='ocrx_word' id='word_1_624' title='bbox 1589 2590 1772 2629; x_wconf 77' lang='lat' dir='ltr'>faciebant</span> <span class='ocrx_word' id='word_1_625' title='bbox 1792 2618 1803 2635; x_wconf 91' lang='lat'>,</span> <span class='ocrx_word' id='word_1_626' title='bbox 1832 2599 1872 2628; x_wconf 88' lang='lat' dir='ltr'>ut</span> <span class='ocrx_word' id='word_1_627' title='bbox 1900 2590 2113 2629; x_wconf 81' lang='lat' dir='ltr'>viderentur</span> <span class='ocrx_word' id='word_1_628' title='bbox 2135 2591 2221 2640; x_wconf 83' lang='lat' dir='ltr'>jure</span> <span class='ocrx_word' id='word_1_629' title='bbox 2253 2589 2343 2628; x_wconf 80' lang='lat' dir='ltr'>fieri.</span> <span class='ocrx_word' id='word_1_630' title='bbox 2370 2589 2420 2629; x_wconf 83' lang='lat' dir='ltr'>fic</span> 
     </span>
     <span class='ocr_line' id='line_1_85' title="bbox 1368 2641 1925 2681; baseline 0 -2"><span class='ocrx_word' id='word_1_631' title='bbox 1368 2641 1468 2680; x_wconf 87' lang='lat' dir='ltr'>idem</span> <span class='ocrx_word' id='word_1_632' title='bbox 1491 2643 1665 2681; x_wconf 84' lang='lat' dir='ltr'>Lucanus</span> <span class='ocrx_word' id='word_1_633' title='bbox 1683 2641 1744 2679; x_wconf 85' lang='lat' dir='ltr'>lib.</span> <span class='ocrx_word' id='word_1_634' title='bbox 1765 2653 1817 2679; x_wconf 77' lang='lat' dir='ltr'>IV.</span> <span class='ocrx_word' id='word_1_635' title='bbox 1838 2641 1881 2679; x_wconf 86' lang='lat'>81</span> <span class='ocrx_word' id='word_1_636' title='bbox 1896 2653 1925 2679; x_wconf 87' lang='lat' dir='ltr'>r.</span> 
     </span>
    </p>

    <p class='ocr_par' dir='ltr' id='par_1_33' title="bbox 1418 2690 2252 2742">
     <span class='ocr_line' id='line_1_86' title="bbox 1418 2690 2252 2742; baseline -0.001 -12"><span class='ocrx_word' id='word_1_637' title='bbox 1418 2693 1492 2739; x_wconf 82' lang='lat' dir='ltr'>Jus</span> <span class='ocrx_word' id='word_1_638' title='bbox 1509 2693 1586 2730; x_wconf 83' lang='lat' dir='ltr'>licet</span> <span class='ocrx_word' id='word_1_639' title='bbox 1608 2692 1646 2731; x_wconf 81' lang='lat' dir='ltr'>in</span> <span class='ocrx_word' id='word_1_640' title='bbox 1660 2691 1800 2742; x_wconf 81' lang='lat' dir='ltr'><em>jugulos</em></span> <span class='ocrx_word' id='word_1_641' title='bbox 1821 2691 1946 2741; x_wconf 83' lang='lat' dir='ltr'><em>nostros</em></span> <span class='ocrx_word' id='word_1_642' title='bbox 1955 2690 2025 2742; x_wconf 77' lang='lat' dir='ltr'>fibi</span> <span class='ocrx_word' id='word_1_643' title='bbox 2034 2691 2159 2740; x_wconf 85' lang='lat' dir='ltr'>fecerit</span> <span class='ocrx_word' id='word_1_644' title='bbox 2178 2692 2252 2742; x_wconf 84' lang='lat' dir='ltr'>ense</span> 
     </span>
    </p>

    <p class='ocr_par' dir='ltr' id='par_1_34' title="bbox 1420 2743 1529 2782">
     <span class='ocr_line' id='line_1_87' title="bbox 1420 2743 1529 2782; baseline 0.018 -2"><span class='ocrx_word' id='word_1_645' title='bbox 1420 2750 1442 2780; x_wconf 86' lang='lat' dir='ltr'><strong><em>S</em></strong></span> <span class='ocrx_word' id='word_1_646' title='bbox 1467 2743 1529 2782; x_wconf 83' lang='lat' dir='ltr'><em>lla.</em></span> 
     </span>
    </p>

    <p class='ocr_par' dir='ltr' id='par_1_35' title="bbox 1369 2758 2421 2897">
     <span class='ocr_line' id='line_1_88' title="bbox 1370 2758 2420 2844; baseline 0.001 -12"><span class='ocrx_word' id='word_1_647' title='bbox 1370 2794 1414 2832; x_wconf 91' lang='lat' dir='ltr'>Id</span> <span class='ocrx_word' id='word_1_648' title='bbox 1431 2758 1479 2832; x_wconf 57' lang='lat' dir='ltr'>eyst</span> <span class='ocrx_word' id='word_1_649' title='bbox 1494 2823 1504 2840; x_wconf 91' lang='lat'>,</span> <span class='ocrx_word' id='word_1_650' title='bbox 1534 2794 1630 2844; x_wconf 81' lang='lat' dir='ltr'>Sylla</span> <span class='ocrx_word' id='word_1_651' title='bbox 1653 2794 1869 2843; x_wconf 83' lang='lat' dir='ltr'>exemplum</span> <span class='ocrx_word' id='word_1_652' title='bbox 1887 2793 2048 2843; x_wconf 83' lang='lat' dir='ltr'>prodidit</span> <span class='ocrx_word' id='word_1_653' title='bbox 2067 2793 2286 2843; x_wconf 79' lang='lat' dir='ltr'>jugulandi,</span> <span class='ocrx_word' id='word_1_654' title='bbox 2315 2792 2420 2844; x_wconf 84' lang='lat' dir='ltr'>quod</span> 
     </span>
     <span class='ocr_line' id='line_1_89' title="bbox 1369 2844 2421 2897; baseline 0.002 -13"><span class='ocrx_word' id='word_1_655' title='bbox 1369 2857 1470 2884; x_wconf 88' lang='lat' dir='ltr'>nunc</span> <span class='ocrx_word' id='word_1_656' title='bbox 1490 2847 1645 2895; x_wconf 84' lang='lat' dir='ltr'>impune</span> <span class='ocrx_word' id='word_1_657' title='bbox 1663 2846 1801 2883; x_wconf 87' lang='lat' dir='ltr'>imitari</span> <span class='ocrx_word' id='word_1_658' title='bbox 1819 2846 1930 2890; x_wconf 90' lang='lat' dir='ltr'>licet,</span> <span class='ocrx_word' id='word_1_659' title='bbox 1959 2846 1998 2882; x_wconf 92' lang='lat'>&amp;</span> <span class='ocrx_word' id='word_1_660' title='bbox 2018 2844 2116 2882; x_wconf 88' lang='lat' dir='ltr'>idem</span> <span class='ocrx_word' id='word_1_661' title='bbox 2138 2845 2199 2881; x_wconf 90' lang='lat' dir='ltr'>lib.</span> <span class='ocrx_word' id='word_1_662' title='bbox 2221 2857 2274 2883; x_wconf 81' lang='lat' dir='ltr'>xx.</span> <span class='ocrx_word' id='word_1_663' title='bbox 2288 2856 2397 2897; x_wconf 50' lang='lat'>1073,</span> <span class='ocrx_word' id='word_1_664' title='bbox 2415 2869 2421 2886; x_wconf 60' lang='grc' dir='ltr'><strong><em>ι</em></strong></span> 
     </span>
    </p>

    <p class='ocr_par' dir='ltr' id='par_1_36' title="bbox 1419 2895 2206 2946">
     <span class='ocr_line' id='line_1_90' title="bbox 1419 2895 2206 2946; baseline 0 -13"><span class='ocrx_word' id='word_1_665' title='bbox 1419 2901 1507 2945; x_wconf 87' lang='lat' dir='ltr'>Ergo</span> <span class='ocrx_word' id='word_1_666' title='bbox 1527 2898 1566 2934; x_wconf 80' lang='lat' dir='ltr'>in</span> <span class='ocrx_word' id='word_1_667' title='bbox 1583 2896 1775 2946; x_wconf 80' lang='lat' dir='ltr'>Theffizlicis</span> <span class='ocrx_word' id='word_1_668' title='bbox 1793 2895 1927 2934; x_wconf 84' lang='lat' dir='ltr'>Pellaeo</span> <span class='ocrx_word' id='word_1_669' title='bbox 1933 2895 2085 2944; x_wconf 82' lang='lat' dir='ltr'>fecimus</span> <span class='ocrx_word' id='word_1_670' title='bbox 2105 2895 2206 2933; x_wconf 86' lang='lat' dir='ltr'>arvis</span> 
     </span>
    </p>

    <p class='ocr_par' dir='ltr' id='par_1_37' title="bbox 1360 2947 1670 3045">
     <span class='ocr_line' id='line_1_91' title="bbox 1415 2947 1667 2997; baseline 0.008 -13"><span class='ocrx_word' id='word_1_671' title='bbox 1415 2947 1491 2993; x_wconf 78' lang='lat' dir='ltr'>Jus</span> <span class='ocrx_word' id='word_1_672' title='bbox 1505 2947 1634 2997; x_wconf 79' lang='lat' dir='ltr'>gladio.</span> <span class='ocrx_word' id='word_1_673' title='bbox 1664 2972 1667 2973; x_wconf 31' lang='grc' dir='ltr'><em>ν</em></span> 
     </span>
     <span class='ocr_line' id='line_1_92' title="bbox 1360 2998 1670 3045; baseline 0 -8"><span class='ocrx_word' id='word_1_674' title='bbox 1360 2998 1452 3037; x_wconf 83' lang='lat' dir='ltr'>Lib.</span> <span class='ocrx_word' id='word_1_675' title='bbox 1471 3011 1560 3037; x_wconf 81' lang='lat' dir='ltr'>vm.</span> <span class='ocrx_word' id='word_1_676' title='bbox 1585 2999 1670 3045; x_wconf 80' lang='lat'><strong>642.</strong></span> 
     </span>
    </p>

    <p class='ocr_par' dir='ltr' id='par_1_38' title="bbox 1421 3048 1914 3099">
     <span class='ocr_line' id='line_1_93' title="bbox 1421 3048 1914 3099; baseline 0.004 -13"><span class='ocrx_word' id='word_1_677' title='bbox 1421 3055 1521 3087; x_wconf 83' lang='lat' dir='ltr'>Nam</span> <span class='ocrx_word' id='word_1_678' title='bbox 1540 3049 1596 3086; x_wconf 82' lang='lat' dir='ltr'>cui</span> <span class='ocrx_word' id='word_1_679' title='bbox 1609 3050 1671 3098; x_wconf 78' lang='lat' dir='ltr'>jus</span> <span class='ocrx_word' id='word_1_680' title='bbox 1688 3048 1754 3086; x_wconf 77' lang='lat' dir='ltr'>a&#39;lii</span> <span class='ocrx_word' id='word_1_681' title='bbox 1765 3048 1914 3099; x_wconf 55' lang='lat' dir='ltr'>sceleris,</span> 
     </span>
    </p>

    <p class='ocr_par' dir='ltr' id='par_1_39' title="bbox 1371 3100 1761 3149">
     <span class='ocr_line' id='line_1_94' title="bbox 1371 3100 1761 3149; baseline 0.003 -12"><span class='ocrx_word' id='word_1_682' title='bbox 1371 3100 1486 3139; x_wconf 87' lang='lat' dir='ltr'>Ovid.</span> <span class='ocrx_word' id='word_1_683' title='bbox 1506 3113 1542 3138; x_wconf 89' lang='lat' dir='ltr'>v.</span> <span class='ocrx_word' id='word_1_684' title='bbox 1561 3100 1653 3138; x_wconf 86' lang='lat' dir='ltr'>Fast.</span> <span class='ocrx_word' id='word_1_685' title='bbox 1675 3111 1761 3149; x_wconf 86' lang='lat'><em>203.</em></span> 
     </span>
    </p>

    <p class='ocr_par' dir='ltr' id='par_1_40' title="bbox 1370 3151 2423 3361">
     <span class='ocr_line' id='line_1_95' title="bbox 1425 3151 2262 3202; baseline 0.004 -15"><span class='ocrx_word' id='word_1_686' title='bbox 1425 3156 1469 3188; x_wconf 83' lang='lat' dir='ltr'>Et</span> <span class='ocrx_word' id='word_1_687' title='bbox 1490 3151 1631 3188; x_wconf 83' lang='lat' dir='ltr'>dederat</span> <span class='ocrx_word' id='word_1_688' title='bbox 1641 3151 1755 3198; x_wconf 79' lang='lat' dir='ltr'>fratri</span> <span class='ocrx_word' id='word_1_689' title='bbox 1777 3157 1900 3189; x_wconf 80' lang='lat' dir='ltr'>Boreas</span> <span class='ocrx_word' id='word_1_690' title='bbox 1915 3152 1973 3201; x_wconf 68' lang='lat' dir='ltr'>jus</span> <span class='ocrx_word' id='word_1_691' title='bbox 1992 3165 2091 3189; x_wconf 82' lang='lat' dir='ltr'>omne</span> <span class='ocrx_word' id='word_1_692' title='bbox 2109 3151 2262 3202; x_wconf 81' lang='lat' dir='ltr'>rapinae.</span> 
     </span>
     <span class='ocr_line' id='line_1_96' title="bbox 1373 3202 2420 3253; baseline 0.002 -13"><span class='ocrx_word' id='word_1_693' title='bbox 1373 3202 1529 3251; x_wconf 61' lang='lat' dir='ltr'>Quinet.</span> <span class='ocrx_word' id='word_1_694' title='bbox 1550 3202 1657 3240; x_wconf 89' lang='lat' dir='ltr'><strong>Decl.</strong></span> <span class='ocrx_word' id='word_1_695' title='bbox 1678 3215 1750 3240; x_wconf 68' lang='grc' dir='ltr'>κη.</span> <span class='ocrx_word' id='word_1_696' title='bbox 1778 3216 1814 3251; x_wconf 82' lang='grc'>9.</span> <span class='ocrx_word' id='word_1_697' title='bbox 1842 3204 2027 3253; x_wconf 78' lang='lat' dir='ltr'>Postquam</span> <span class='ocrx_word' id='word_1_698' title='bbox 2040 3204 2101 3252; x_wconf 82' lang='lat' dir='ltr'>jus</span> <span class='ocrx_word' id='word_1_699' title='bbox 2117 3205 2259 3251; x_wconf 59' lang='lat' dir='ltr'>fabium</span> <span class='ocrx_word' id='word_1_700' title='bbox 2277 3202 2330 3252; x_wconf 84' lang='lat' dir='ltr'>est.</span> <span class='ocrx_word' id='word_1_701' title='bbox 2358 3202 2420 3242; x_wconf 87' lang='lat' dir='ltr'>ubi</span> 
     </span>
     <span class='ocr_line' id='line_1_97' title="bbox 1371 3253 2423 3306; baseline -0.001 -15"><span class='ocrx_word' id='word_1_702' title='bbox 1371 3253 1553 3304; x_wconf 80' lang='lat' dir='ltr'>quaedam</span> <span class='ocrx_word' id='word_1_703' title='bbox 1573 3255 1798 3292; x_wconf 77' lang='lat' dir='ltr'>notavimus·</span> <span class='ocrx_word' id='word_1_704' title='bbox 1829 3254 2117 3304; x_wconf 74' lang='lat' dir='ltr'>Salluii.Jugurt.</span> <span class='ocrx_word' id='word_1_705' title='bbox 2136 3266 2213 3304; x_wconf 87' lang='lat' dir='ltr'>cap.</span> <span class='ocrx_word' id='word_1_706' title='bbox 2241 3267 2276 3306; x_wconf 86' lang='lat'>3.</span> <span class='ocrx_word' id='word_1_707' title='bbox 2304 3261 2423 3303; x_wconf 81' lang='lat' dir='ltr'>Neque</span> 
     </span>
     <span class='ocr_line' id='line_1_98' title="bbox 1370 3304 2422 3361; baseline -0.003 -18"><span class='ocrx_word' id='word_1_708' title='bbox 1370 3304 1504 3346; x_wconf 77' lang='lat' dir='ltr'>virtuti</span> <span class='ocrx_word' id='word_1_709' title='bbox 1524 3305 1788 3360; x_wconf 18' lang='grc' dir='ltr'>ᾣρηοςβὶάατκν,</span> <span class='ocrx_word' id='word_1_710' title='bbox 1809 3318 1915 3358; x_wconf 76' lang='lat' dir='ltr'>neque</span> <span class='ocrx_word' id='word_1_711' title='bbox 1932 3305 2009 3354; x_wconf 78' lang='lat' dir='ltr'>illi,</span> <span class='ocrx_word' id='word_1_712' title='bbox 2045 3305 2168 3357; x_wconf 77' lang='lat' dir='ltr'>quibus</span> <span class='ocrx_word' id='word_1_713' title='bbox 2179 3315 2242 3357; x_wconf 82' lang='lat' dir='ltr'>per</span> <span class='ocrx_word' id='word_1_714' title='bbox 2251 3305 2422 3361; x_wconf 61' lang='lat' dir='ltr'>fraudqm</span> 
     </span>
    </p>

    <p class='ocr_par' dir='ltr' id='par_1_41' title="bbox 2358 3366 2424 3405">
     <span class='ocr_line' id='line_1_99' title="bbox 2358 3366 2424 3405; baseline 0 0"><span class='ocrx_word' id='word_1_715' title='bbox 2358 3366 2424 3405; x_wconf 66' lang='lat'><em>1¹⁶5.</em></span> 
     </span>
    </p>
   </div>
  </div>
 </body>
</html>
