2553 3676
216 219 313 278 818

546 209 709 267 -AD
783 203 1247 265 LIVIAM
1320 205 2032 265 AUGUSTAM

509 300 643 358 Hoc
666 301 768 358 fuit
794 297 1206 363 Andromache,
1246 314 1372 353 cum
1398 299 1480 355 vir
1510 301 1758 372 religatus
1784 298 1853 355 ad
1877 316 2035 355 axem

369 395 470 446 320

581 374 806 430 Terruit
833 371 1079 427 admiffos
1107 371 1539 444 sanguinolentus
1564 391 1746 447 equos.

502 448 635 504 Hoc
662 448 762 500 fuit
788 445 1044 509 Evadne,
1082 458 1212 499 tunc
1239 461 1364 499 cum
1386 445 1631 500 ferienda
1655 446 1886 502 coruscis
1957 454 1962 458 ’

585 519 913 574 Fulminibus
938 518 1220 590 Capaneus
1250 516 1519 586 impavida
1544 535 1636 571 ora
1660 520 1826 574 dedit.

515 591 666 665 Quid
694 604 928 647 mortem
951 592 1046 645 tibi
1075 588 1274 644 moesta
1303 588 1488 665 rogas?
1529 591 1878 664 amplexaque
1902 604 2107 658 natos..

588 665 819 737 Pignora
845 665 913 718 de
936 661 1114 716 Druso
1135 660 1245 715 sola
1271 660 1451 714 relicia
1477 662 1658 715 tenes?

371 759 436 806 32
446 761 475 812 5
511 737 584 793 Et
610 738 777 792 modo
805 754 901 808 per
923 736 1137 788 somnos
1162 733 1373 805 agitaris
1397 734 1630 805 imagine
1656 734 1806 798 falsa,
1831 785 1832 788 ,

407 808 411 810 ’
588 811 784 881 Teque
816 822 913 862 tuo
938 807 1176 862 Drusum
1202 806 1378 861 credis
1404 806 1599 862 habere
1627 807 1774 862 finu?

515 883 588 938 Et
612 882 785 936 subito
811 894 1093 954 tentasque
1115 890 1309 943 maim,
1347 879 1630 953 sperasque
1655 893 1986 953 receptumg.

593 955 820 1027 Quaeris
846 953 902 1008 δε
932 954 990 1007 in
1018 953 1170 1007 vacui
1193 964 1345 1024 parte
1370 954 1550 1025 priore
1577 954 1712 1008 tori?

516 1029 608 1084 Ille
636 1029 727 1100 pio
759 1026 829 1097 (fi
852 1044 964 1081 non
988 1038 1193 1080 temere
1218 1025 1351 1080 haec
1377 1025 1707 1098 creduntur)
1737 1026 1794 1080 in
1817 1043 1946 1081 arvo
1969 1060 1977 1076 .

374 1121 475 1175 330

584 1101 728 1156 Inter
756 1101 1048 1154 honoratos
1076 1098 1375 1180 excipietur
1400 1117 1541 1155 avos,

512 1174 829 1245 Magnaque
854 1171 1109 1226 maternis
1145 1172 1460 1243 majoribuS‚
1498 1190 1664 1246 aequa
1689 1171 1921 1244 paternis
1948 1218 1951 1221 .

594 1246 812 1309 Gloria,
850 1245 1182 1319 quadrijugis
1207 1263 1395 1299 aureus
1433 1246 1530 1300 ibit
1559 1246 1738 1318 equis:

523 1319 823 1391 Regalique
848 1318 1029 1373 habitu
1045 1358 1061 1382 ‚
1098 1336 1367 1391 curruque
1390 1317 1643 1391 superbus
1666 1318 1904 1382 eburno?

596 1391 813 1447 Fronde
838 1391 1143 1464 triumphali
1168 1404 1417 1467 tempora
1441 1390 1646 1447 vincius
1670 1391 1787 1446 erit.
1815 1441 1818 1444 ,

288 1606 372 1644 3τ9.
400 1594 464 1632 Ad
484 1593 624 1642 axem]
653 1594 717 1631 Ad
737 1608 818 1632 axes
838 1594 1019 1632 editiones
1040 1594 1191 1643 priores.

286 1657 367 1694 321.
396 1645 600 1694 perimam]
631 1645 834 1682 Furibunda
863 1647 978 1694 prima
1002 1646 1127 1682 editio.
1165 1646 1309 1689 Puto,>

234 1696 411 1739 [ferianda.
440 1697 488 1735 fic
513 1696 704 1746 potiunda,
733 1698 770 1734 &
798 1697 926 1734 similia
959 1696 1056 1745 apud
1084 1696 1285 1735 Ovidium.

236 1748 451 1785 Hsmsms.

290 1809 372 1847 325.
400 1798 600 1849 Agitatis]
632 1804 751 1835 Mente
762 1798 875 1848 agitas
895 1798 1014 1836 reddit
1030 1798 1286 1836 somnolentus

237 1848 426 1898 interpres.
465 1861 548 1887 curn
578 1858 735 1898 ponatur
761 1851 835 1887 hoc
862 1850 1018 1887 verbum
1047 1849 1092 1886 de
1124 1850 1165 1887 iis
1186 1877 1195 1892 ,
1223 1850 1288 1898 qui

239 1899 534 1948 curis‚spe<stris‚
563 1901 600 1938 &
629 1901 739 1938 etiam
766 1901 865 1939 furiis
886 1901 1146 1950 inquietantur.
1160 1899 1291 1950 Virgil.

240 1961 307 1991 111.
330 1961 414 1998 331.

292 2001 461 2037 Scelerum
477 2001 588 2048 furiis
609 2002 764 2050 agitatus
785 2001 924 2050 Orestes.

242 2050 317 2088 vid.
338 2052 399 2089 lib.
421 2064 475 2089 vr.
496 2054 590 2090 Met.
612 2066 694 2101 595.
730 2054 777 2091 Et
796 2055 845 2091 ita
863 2053 1000 2102 paffim.
1028 2054 1292 2104 Necignorat,

241 2101 308 2140 nifi
338 2103 444 2151 plane
475 2103 635 2147 ἄμουσος.
688 2104 951 2143 Rumpimus.

298 2164 382 2201 330.
411 2154 641 2204 Honoratos.]
671 2155 836 2194 Imitatus
865 2157 939 2194 hoc
959 2168 1005 2194 ex
1024 2156 1155 2194 ultima
1175 2155 1292 2206 elegia

240 2203 420 2252 Propertii
444 2216 496 2240 1v.
526 2217 580 2242 xi.
607 2218 691 2245 102.

294 2255 407 2304 Cujus
429 2254 604 2292 honoratis
626 2256 689 2304 offa
704 2258 881 2304 fruantur
898 2257 991 2295 avis.

242 2305 297 2344 Ita
326 2306 425 2343 enim
452 2305 680 2345 scribendum
705 2322 717 2351 3
758 2320 842 2346 nam
871 2309 916 2347 de
942 2308 1036 2360 equis
1066 2320 1186 2359 nugae
1208 2338 1218 2355 ,
1257 2309 1296 2348 &

242 2356 394 2406 quidam
412 2356 558 2395 codices
579 2358 716 2396 habent
730 2387 739 2403 ‚
763 2360 885 2410 aqui53
905 2362 1075 2408 proxime
1096 2361 1141 2399 ad
1153 2373 1298 2399 verum.

244 2408 294 2452 fic
324 2407 399 2456 sup.
436 2409 515 2446 162.
561 2409 626 2445 Ad
658 2419 788 2446 veteres
821 2411 975 2447 conditus
1013 2411 1078 2448 ibis
1112 2425 1208 2450 avos.
1246 2414 1295 2450 ita

245 2465 445 2495 Honoratus
467 2466 620 2498 Praetor.
652 2472 684 2498 1.
701 2460 792 2498 Fast.
816 2462 853 2498 &
874 2474 928 2498 1v.
948 2462 1056 2498 Pont.
1077 2474 1112 2499 v.
1133 2462 1297 2510 Pompe-

241 2510 325 2558 juin
368 2510 556 2548 consulem
604 2510 812 2549 honoratum
849 2511 971 2549 virum
1008 2521 1120 2550 vocat
1155 2513 1296 2550 Auson.

247 2560 447 2607 praefat.in
469 2561 573 2611 ldyll.
594 2561 992 2610 xxxi.Honoratiffimus
1009 2563 1296 2613 Consul.Vellej.

246 2610 388 2648 Patere.
414 2624 491 2660 cap.
514 2625 539 2650 1.
563 2625 615 2650 XI.
643 2614 688 2651 de
703 2614 873 2651 Metello.
901 2619 1030 2651 Omnes
1041 2613 1135 2659 filios
1154 2613 1299 2651 adultae

252 2662 377 2698 aetatis
395 2663 491 2700 vidit
504 2691 513 2706 ,
542 2677 656 2703 omnes
675 2664 819 2716 reliquit
830 2664 1025 2715 fitperstites
1043 2675 1086 2704 ω’
1107 2664 1302 2715 honoratis-

241 2708 360 2760 simos.
410 2714 620 2752 Hzmsius.

304 2761 387 2811 338.
416 2766 519 2809 Qod
534 2765 659 2814 fhlum.
684 2765 700 2816 ]
730 2766 874 2811 Scribe,
895 2766 989 2816 fhlus
1011 2777 1096 2804 cum
1124 2767 1240 2804 veteri
1259 2766 1303 2804 li-

251 2812 339 2850 bro:
371 2812 497 2851 Primo
520 2818 618 2853 enirn
633 2817 752 2855 Druso
775 2819 869 2856 inter
890 2819 1085 2856 Romanos
1106 2818 1303 2855 Germani-

253 2865 287 2900 ci
319 2875 462 2901 nomen
494 2865 542 2901 est
570 2867 743 2906 delatum.
781 2869 897 2906 IDEM.
933 2869 1076 2907 Dubito
1097 2881 1142 2906 an
1162 2881 1239 2907 non
1261 2868 1304 2906 fit

254 2914 408 2958 melius,
429 2914 569 2963 solum,
599 2916 737 2955 si'curn
766 2920 926 2968 Micyllo
950 2919 1171 2968 explicetur,
1199 2919 1304 2969 quod

254 2966 305 3002 nil
335 2965 400 3002 nisi
433 2977 575 3003 nomen
607 2969 768 3006 retulerit
793 2998 803 3014 ,
839 2970 1036 3018 impeditus
1065 2979 1186 3008 morte
1208 2998 1219 3015 ‚
1255 2982 1304 3008 ne

254 3016 485 3064 'triumphurn
501 3018 538 3054 ὃς
551 3026 669 3055 cetera
689 3019 840 3068 insignia
862 3022 1022 3058 referret.

310 3078 393 3115 339.
424 3072 485 3103 Tot
503 3068 651 3118 annos.]
683 3075 744 3105 Tot
775 3082 840 3117 pro
868 3079 943 3108 tam
976 3071 1099 3119 paucis
1127 3072 1189 3108 vix
1219 3071 1304 3108 alibi

256 3119 404 3165 reperiri
426 3127 531 3156 notat
552 3119 720 3157 Gor-allus
734 3148 743 3163 ,
767 3121 972 3158 lexicorum
994 3121 1141 3159 suorum
1177 3123 1306 3169 opibus

258 3168 460 3257 distitutug.
490 3169 552 3208 sed
572 3170 617 3209 de
647 3171 759 3209 tribus
788 3172 898 3209 etiam
927 3172 1026 3211 dixit,
1057 3171 1218 3213 Ovidius
1255 3185 1309 3212 iv.

265 3222 289 3255 lv
309 3228 356 3263 et.
381 3232 429 3267 41¹
456 3248 465 3258 .

629 3278 684 3312 De
701 3283 818 3327 totque
829 3272 1002 3326 fhroribus
1022 3281 1134 3324 expers
1143 3299 1148 3313 .-
1166 3312 1169 3314 .

315 3326 388 3360 Una
407 3322 538 3362 >doloris
558 3333 646 3365 erat.
679 3364 683 3368 ,
801 3328 807 3331 ”
1102 3326 1107 3329 ’

2224 1481 2397 1537 Accia-

1342 1593 1381 1631 &
1399 1605 1444 1631 11.
1464 1594 1555 1632 Am.
1569 1606 1640 1633 ΧΠ.
1661 1605 1696 1645 3.

1393 1647 1516 1693 Qum
1538 1645 1598 1682 vir
1613 1674 1623 1689 ,
1648 1659 1756 1696 quam
1776 1644 1899 1695 custos,
1927 1657 2034 1696 quam
2047 1646 2163 1695 janua
2175 1644 2310 1695 firma,
2336 1657 2387 1685 toa
2411 1664 2416 1682 -,

1444 1705 1455 1714 ”
1521 1696 1624 1744 hostes
1643 1709 1715 1737 σε.

1342 1747 1390 1786 Et
1411 1747 1549 1786 Seneca
1570 1748 1752 1798 Thyestes
1774 1760 1857 1798 523.

1394 1804 1454 1835 Vos
1473 1804 1741 1850 quoquesenum
1753 1798 1924 1851 praesidia
1946 1809 1996 1838 tot
2008 1799 2158 1850 juvenes
2174 1813 2244 1838 meo

1398 1850 1544 1886 Pendete
1562 1849 1651 1888 collo.

1345 1900 1409 1939 ubi
1437 1900 1616 1939 videndus
1644 1902 1756 1952 longe
1783 1902 1917 1941 mellor
1945 1903 2098 1941 Gorallo
2114 1904 2315 1942 Poetarum
2336 1905 2395 1941 inass

1344 1959 1481 2000 terpres
1504 1952 1731 1990 Gronovius.
1757 1955 1878 1991 immo
1890 1953 1935 1992 de
1953 1955 2095 1992 duobus
2117 1954 2398 2004 CalpurnFlac.
2427 1985 2431 1989 .

1347 2002 1455 2040 Decl.
1475 2016 1615 2041 xxvxrr.
1644 2010 1709 2040 Per
1730 2014 1780 2041 tot
1800 2004 2035 2042 innocentium
2062 2005 2185 2054 capita.
2211 2004 2343 2042 BURM.

1401 2065 1483 2102 340.
1520 2053 1692 2104 Locmn]
1731 2061 1857 2092 Locum
1882 2056 1942 2093 hic
1979 2068 2046 2105 pro
2075 2064 2246 2104 tempore
2280 2056 2399 2100 sumi9'
2426 2086 2431 2091 .

1350 2105 1548 2154 Micyllum
1569 2106 1772 2154 compilans
1791 2115 1895 2144 notat
1916 2106 2095 2144 Gorallus.
2118 2106 2177 2144 sed
2190 2135 2200 2151 ‚
2218 2116 2257 2144 ut
2277 2107 2397 2155 impa-

1349 2163 1445 2193 ratus
1469 2156 1517 2193 est
1546 2156 1589 2193 ab
1622 2158 1728 2194 omni
1761 2158 1886 2195 Latini
1914 2158 2091 2195 sermonis
2117 2159 2225 2206 copia
2246 2185 2257 2201 ‚
2294 2157 2398 2195 nullo
2430 2178 2433 2182 >

1348 2206 1489 2245 idoneo
1517 2208 1648 2244 veteris
1667 2207 1883 2246 testimonio
1903 2207 2034 2246 firmat.
2060 2208 2400 2256 subveni-ammpla-

1350 2258 1466 2307 giario
1498 2258 1804 2297 &monstremus
1826 2259 1958 2298 misero
1989 2259 2195 2304 thesauros,
2225 2270 2319 2308 quos
2345 2257 2401 2296 di-

1351 2309 1500 2358 ligentia
1531 2308 1665 2346 summi
1695 2310 1883 2348 Gronovii
1914 2310 1958 2347 ad
1989 2311 2090 2347 Livii
2119 2309 2179 2346 lib.
2209 2321 2337 2346 xxxvi.
2367 2320 2402 2354 7..

1352 2360 1503 2408 aperuit.
1540 2358 1588 2396 slC
1615 2361 1652 2397 ὃ(
1694 2360 1851 2397 Terent.
1887 2360 1983 2397 Eun.
2010 2359 2095 2398 Adi.
2122 2372 2153 2397 1.
2187 2360 2243 2397 Sc.
2269 2372 2303 2397 2.
2356 2364 2403 2396 Te
2430 2392 2432 2394 .

1351 2410 1482 2448 interea
1502 2408 1564 2446 loci
1586 2410 1736 2458 cognovi.
1766 2411 1804 2447 &
1823 2409 1908 2448 Adi.
1932 2422 1986 2447 11.
2002 2422 2037 2448 2.
2063 2416 2163 2446 Dum
2191 2410 2273 2447 haec
2293 2410 2405 2459 loqui-

1353 2474 1457 2504 mur,
1491 2460 1624 2497 interea
1652 2459 1715 2497 loci
1741 2461 1789 2497 ad
1818 2458 2006 2497 macellum
2032 2460 2256 2498 advenimus.
2283 2462 2321 2498 &
2351 2462 2403 2498 ita

1352 2511 1456 2560 saepe
1486 2511 1644 2549 Plautus.
1677 2523 1723 2549 an
1755 2520 1881 2549 tamen
1909 2511 2004 2548 latus
2031 2512 2121 2549 locus
2150 2512 2195 2549 de
2230 2520 2402 2560 ternpore

1356 2562 1464 2610 poffit
1489 2563 1596 2610 capi,
1614 2574 1692 2600 non
1718 2562 1909 2600 immerito
1926 2562 2069 2600 dubito.
2096 2564 2134 2600 ὃς
2155 2563 2251 2600 forte
2271 2562 2403 2600 reatus

1354 2614 1446 2651 haec
1467 2613 1579 2650 verba
1599 2614 1644 2652 ad
1664 2614 1829 2662 amplum
1851 2613 1978 2651 locum
1992 2615 2086 2651 inter
2097 2614 2300 2651 honoratos
2312 2624 2402 2651 avos

1357 2665 1670 2713 referantur,quae
1681 2664 1729 2702 est
1739 2665 1855 2714 prima
1865 2665 2012 2712 Micylli
2023 2661 2405 2713 interpretatio.poffet
2438 2679 2440 2681 ’

1357 2723 1484 2753 tamen
1503 2727 1578 2752 non
1593 2717 1815 2753 inconcinne
1834 2715 1927 2762 legi,
1941 2728 2068 2763 magna
2086 2715 2158 2751 viri
2177 2715 2291 2752 larum
2301 2727 2408 2765 quaea

1360 2779 1430 2803 rere
1437 2768 1540 2813 sal-'ia
1562 2767 1716 2804 modum.
1743 2774 1784 2803 ut
1803 2766 1923 2803 modus
1940 2765 2035 2802 latus
2051 2767 2227 2814 temporis
2242 2793 2252 2809 ‚
2265 2764 2306 2803 sit
2325 2765 2408 2803 lon-

1357 2829 1447 2866 gum
1467 2816 1620 2865 spatium
1637 2845 1647 2861 ‚
1667 2828 1745 2854 non
1762 2818 1845 2855 artis
1862 2815 1993 2855 finibus
2014 2817 2338 2865 circumscriptum.
2360 2818 2411 2854 ita

1360 2868 1491 2906 Statius
1516 2881 1587 2906 vn.
1612 2868 1736 2906 Theb.
1758 2880 1842 2916 297.

1669 2925 1774 2956 Pater
1791 2919 1856 2967 est,
1883 2928 2054 2969 natusque
2067 2946 2077 2964 ‚
2098 2917 2162 2968 sed
2181 2918 2263 2956 aevi

1413 2969 1606 3017 Confudere
1623 2970 1750 3007 modos.

1359 3021 1435 3059 Ubi
1458 3020 1754 3069 Lutatiusspatia
1775 3021 2043 3068 interpretatur.
2064 3021 2195 3059 Livius
2215 3020 2411 3065 lib.1v.24;

1362 3073 1568 3108 Maximam
1589 3070 1761 3107 libertatis
1783 3070 1970 3118 custodiam
1990 3070 2107 3120 effe,fi
2123 3085 2250 3120 magna
2269 3072 2411 3121 imperia
2444 3090 2445 3093 ¹

1363 3122 1534 3159 diuturna
1558 3134 1625 3157 non
1647 3121 1767 3169 efflent,
1796 3133 1839 3161 (7⁵
1871 3123 2028 3172 temporis
2049 3122 2168 3159 modus
2186 3123 2385 3172 imponatur
2399 3150 2410 3167 ‚

1364 3172 1488 3224 quibus
1502 3172 1594 3221 juris
1626 3171 1753 3221 imponi
1772 3186 1840 3209 non
1856 3174 1968 3222 posset.
2002 3173 2123 3209 modus
2143 3185 2231 3210 vero
2262 3175 2300 3211 ὅ(
2324 3172 2413 3210 locus

1364 3226 1467 3271 saepe
1495 3234 1514 3260 a
1556 3223 1704 3260 librariis
1737 3226 1934 3272 permutari
1972 3223 2111 3262 videbis
2147 3224 2191 3262 ad
2224 3224 2340 3261 Ovid.
2383 3236 2413 3262 1.

1365 3275 1461 3312 Met.
1478 3273 1564 3311 628.
1585 3285 1638 3311 vr.
1658 3273 1745 3311 Fast.
1772 3275 1852 3312 118.
1880 3288 2039 3324 quaerere
2059 3287 2148 3312 vero
2174 3276 2235 3313 hic
2254 3275 2300 3312 est
2323 3273 2415 3311 desi-
2449 3298 2451 3301 ι

1366 3325 1514 3372 derare..
1536 3326 1731 3379 requirere.
1749 3325 1890 3366 Sallust.
1909 3326 1991 3377 Jug.
2004 3326 2073 3377 798.
2088 3325 2177 3365 collis
2188 3354 2199 3373 ,
2212 3324 2272 3376 qui
2288 3336 2416 3372 magna
2450 3341 2453 3346 1

2316 3383 2418 3424 parte
