2553 3676
296 204 398 271 646

825 194 886 249 P.
963 190 1382 250 OVIDII
1457 192 1995 250 NASONIS

585 281 693 339 Dic
715 280 977 344 habilem,
1017 297 1392 354 quaecumque
1417 281 1626 344 brevis;
1667 301 1803 357 quae
1830 280 2073 355 turgida,
2110 280 2348 353 plenam:

662 354 734 410 Et
762 356 919 409 lateat
947 353 1138 409 vitium
1164 357 1510 427 proximitate
1537 357 1682 413 boni.

293 557 345 597 fic
359 565 414 609 pes
439 555 555 594 malus
567 555 663 605 apud
682 555 859 595 Nostrum
875 585 884 602 ,
900 557 937 594 ἃ
951 556 1034 594 dens
1054 554 1170 594 malus
1188 566 1255 605 pro
1268 566 1349 604 pra-

294 622 360 647 vo.
413 609 615 656 Vulgatam
632 606 836 646 leetionem
858 616 981 647 tuetur
1003 607 1059 644 Cl.
1082 608 1277 644 Gevartius
1299 606 1349 642 E-

292 660 478 699 ledor-um
501 660 560 697 lib.
581 671 646 697 ιιι.
663 671 741 708 cap.
766 671 818 697 vx.
839 672 933 698 unus
960 659 1161 695 Vaticanus
1191 657 1228 692 &
1255 667 1348 692 unus

291 711 475 750 Palatinus
498 737 508 753 ,
546 710 638 747 male
654 707 757 759 sicca.
786 723 864 748 non
896 710 1047 750 inscite,
1080 714 1121 743 ut
1151 705 1243 742 male
1258 703 1348 755 steca

294 770 510 811 opponatur
524 761 619 811 succi
633 761 748 811 plena.
784 761 855 798 Sed
883 759 973 808 quid
1002 756 1222 794 moramur?
1250 759 1349 806 opti-

295 825 381 851 mus
403 813 563 861 Regius,
592 813 822 850 Sarravianus
838 839 847 854 ‚
869 812 908 847 δε
929 808 1019 846 οᾶὶο
1042 816 1105 846 aut
1125 819 1267 845 novem
1290 808 1351 846 alii

295 876 343 902 ex
376 864 590 901 melioribus
620 875 705 901 cum
736 860 854 910 prima
883 859 1048 898 editione
1073 887 1082 904 ,
1129 858 1220 896 male
1248 858 1352 896 viva.

292 927 374 964 quo
409 915 501 952 nihil
532 914 663 951 verius.
690 921 802 961 atque
833 913 883 949 ita
908 910 1131 960 jampridem
1169 910 1354 958 castigavit

294 965 490 1004 Salmasius
513 965 623 1002 Notis
646 964 692 1002 ad
714 962 938 1001 Tertulliani
955 961 1111 999 Pallium
1126 972 1172 998 ex
1189 961 1356 999 Lucretii

294 1017 385 1055 loco
406 1015 545 1065 prorsus
570 1014 679 1052 simili
702 1026 756 1052 lv.
780 1014 887 1052 1160.

351 1063 491 1114 Ἰσχνόν
507 1066 683 1112 ἐρωμένων
707 1076 786 1104 tum
797 1064 870 1114 fit,
897 1077 976 1103 cnm
995 1063 1116 1102 vivere
1140 1076 1207 1101 non
1228 1064 1306 1115 quie

353 1125 443 1156 Prae
461 1118 582 1156 macie.

295 1170 437 1220 Neque
456 1169 561 1208 aliter
573 1168 737 1207 Lucilius
751 1197 760 1213 ,
788 1167 855 1206 vix
873 1167 1005 1206 vivum
1026 1165 1205 1205 hominem
1226 1180 1267 1204 ac
1287 1179 1361 1205 mo·

298 1234 531 1272 mgrammon
550 1220 652 1259 dixit.
681 1221 816 1258 Noster
840 1220 935 1257 Met.
959 1231 1020 1257 xv.
1038 1231 1125 1269 379.

350 1279 424 1310 Nec
443 1272 601 1316 catulus,
625 1280 733 1321 partu
752 1285 854 1321 quem
872 1270 1027 1308 reddidit
1050 1270 1130 1319 ursa
1149 1269 1302 1315 recenti,

353 1323 417 1360 Sed
435 1322 527 1360 male
543 1323 636 1359 viva
658 1336 735 1359 caro
754 1322 806 1370 est.

299 1377 532 1425 Quanquam
561 1373 663 1411 sensu
690 1375 840 1423 paulum
872 1373 1027 1411 diverso.
1084 1372 1267 1422 Idemque
1279 1373 1360 1422 jam

301 1435 387 1465 unte
411 1424 627 1463 Salmasium
648 1426 692 1462 ab
713 1426 790 1463 aliis
817 1433 1042 1474 occupatum
1072 1426 1221 1463 monuit
1245 1425 1364 1462 claris·-

303 1477 415 1515 fimus
434 1477 631 1514 Gevartius
652 1477 690 1514 in
710 1476 845 1514 Elee‘tis
859 1505 869 1520 ,
884 1476 945 1513 lib.
966 1489 1028 1514 111.
1050 1487 1127 1524 cap.
1147 1475 1182 1513 6.
1214 1477 1278 1525 qui
1300 1475 1364 1514 ad-

300 1528 358 1566 clit
377 1528 542 1566 Dousam
564 1526 657 1563 male
689 1527 764 1576 nisa
796 1524 975 1576 castigasse
997 1556 1008 1572 ,
1043 1526 1243 1577 quomodo
1271 1528 1365 1565 Gui-

298 1579 488 1618 iielmium
510 1579 548 1616 ὃς
568 1577 774 1616 Marfilium
791 1579 913 1628 legere
936 1579 1017 1627 jam
1047 1579 1192 1616 monui.
1246 1579 1363 1616 Porro

302 1631 357 1666 Tb
383 1630 480 1666 Male
499 1629 591 1666 viva
612 1630 818 1678 marginem
840 1630 1080 1679 Mycillianae
1102 1641 1144 1667 ac
1173 1629 1365 1667 Bersman-

303 1681 436 1719 nianae
462 1681 768 1728 editionumjam
787 1681 928 1719 dudum
946 1681 1088 1719 insedit.
1143 1683 1254 1729 Quae
1275 1693 1360 1719 cum

302 1732 355 1769 ita
373 1732 445 1769 sese
461 1732 641 1775 habeant,
669 1732 785 1770 miror
818 1730 983 1770 exstitisse
1010 1744 1128 1781 nuper
1155 1732 1362 1770 admodum

304 1783 345 1820 T
349 1783 575 1832 anaquillum
594 1782 752 1821 Fabrum
769 1811 779 1828 ,
815 1784 939 1821 virum
962 1792 1083 1823 cetera
1103 1783 1289 1822 eruditum
1325 1786 1364 1822 ὃς

306 1833 542 1882 ingeniosum
558 1863 568 1879 ,
596 1833 656 1871 sed
676 1846 760 1883 prae
778 1835 898 1872 nimio
919 1834 972 1873 sui
994 1846 1124 1873 amore
1142 1835 1363 1884 caligantem

306 1883 406 1922 haud
427 1896 508 1923 raro
523 1913 532 1930 ,
560 1884 664 1934 quod
682 1885 879 1924 ferendum
901 1894 1092 1936 utcunque
1116 1885 1259 1931 effet‚s1
1273 1888 1365 1926 haec

307 1934 494 1983 φιλαυτία
515 1937 552 1973 &
574 1936 822 1974 immoderata
840 1937 892 1976 sui
917 1937 1114 1977 ostentatio
1145 1950 1231 1977 cum
1259 1939 1367 1978 mali==

308 1987 450 2036 gnitate
477 1987 515 2025 &
549 1995 769 2036 contemptu
794 1988 917 2026 alieno
951 2001 1030 2028 non
1068 1990 1367 2040 conjungeretur.

309 2038 452 2083 Hunc,
481 2039 658 2087 inquam,
698 2039 967 2088 Tanaquillum
998 2040 1156 2079 Fabrurn
1187 2043 1302 2080 miror
1328 2043 1366 2080 in

308 2088 481 2137 Epistolis
502 2101 618 2137 nuper
638 2089 743 2128 editis
767 2091 892 2128 ausum
913 2091 1116 2136 affirmare,
1145 2105 1308 2131 naevum
1329 2094 1368 2131 in

310 2139 388 2177 hoc
413 2140 513 2189 ipso,
546 2140 591 2178 de
615 2153 692 2190 quo
716 2153 816 2179 nunc
837 2143 979 2191 agimus
995 2171 1005 2188 ,
1044 2143 1259 2182 Nasoniano
1279 2146 1369 2183 loco

312 2188 335 2228 Ξι
357 2191 510 2229 nemine
527 2192 821 2230 animadversum
838 2221 847 2237 ,
874 2193 1014 2232 nedum
1034 2194 1214 2232 sublatum
1243 2196 1370 2240 fuifle,

314 2253 401 2298 cum
423 2243 486 2279 vix
511 2241 600 2281 alius
621 2244 656 2280 in
683 2251 766 2280 toto
787 2244 935 2282 Nasone
953 2245 1056 2283 locus
1077 2254 1271 2291 occurrat,
1304 2249 1370 2296 qui

311 2293 463 2342 ingenia
487 2293 600 2337 nostri
618 2295 797 2343 temporis
819 2295 919 2344 plura
939 2298 1168 2342 exercuerit,
1199 2306 1311 2348 atque
1331 2299 1370 2336 in

312 2343 348 2381 se
381 2345 632 2389 converterit,
670 2354 712 2383 ut
735 2346 815 2395 jam
843 2347 1016 2385 vidimus.
1043 2360 1114 2388 nec
1143 2361 1301 2387 monere
1332 2349 1370 2388 id

312 2395 479 2443 neglexit
498 2407 602 2433 meus
623 2405 724 2445 pater
743 2398 780 2434 in
810 2396 976 2436 editione
999 2398 1057 2437 sua
1073 2427 1083 2443 ‚
1121 2412 1194 2450 qua
1213 2401 1247 2438 se
1267 2401 1373 2439 usum

314 2445 387 2483 effe
426 2446 541 2485 Faber
569 2447 643 2496 ipse
672 2459 750 2485 non
778 2447 964 2486 diffitetur.
1016 2450 1113 2488 Istud
1139 2463 1231 2488 vero
1257 2453 1374 2500 magis

314 2497 529 2536 mirandum
560 2506 637 2536 tam
666 2498 791 2537 secure
827 2501 865 2538 &
893 2499 1122 2538 confidenter
1152 2502 1372 2540 Salmafiana

315 2547 444 2586 scrinia
476 2548 497 2586 a
534 2548 654 2587 Fabro
683 2550 877 2599 compilari
899 2579 907 2593 ,
955 2552 994 2589 δε
1025 2564 1111 2589 cum
1142 2553 1371 2602 pulvisculo,

316 2599 421 2647 quod
442 2600 567 2648 ajunt,
596 2601 671 2638 hoc
694 2601 743 2638 est
758 2629 767 2645 ,
797 2613 882 2639 cum
906 2603 1133 2640 Lucretiano
1155 2604 1267 2649 loco,
1305 2606 1372 2654 qui

317 2649 521 2688 Nasoniani
539 2651 814 2700 castigationem
835 2654 943 2691 unice
960 2653 1178 2700 confirmet,
1208 2657 1372 2701 corradi,

319 2707 431 2748 atque
449 2703 487 2738 in
505 2702 654 2740 succum
678 2703 941 2753 &sanguinem
965 2705 1206 2753 Epistolarum
1229 2707 1374 2745 suarum

320 2753 504 2806 converti.
559 2753 630 2791 Sed
656 2766 734 2792 non
764 2767 910 2793 novum
946 2757 985 2794 in
1018 2755 1082 2794 illo
1120 2756 1159 2794 id
1191 2756 1262 2795 effe
1290 2758 1375 2796 alibi

319 2800 466 2857 uberius
494 2803 740 2844 ostendemus.
795 2807 908 2844 Nunc
925 2807 960 2844 se
980 2807 1077 2845 ultro
1097 2807 1207 2846 offert
1229 2809 1379 2847 Horatii

319 2851 426 2908 locus
457 2851 515 2889 ille
547 2866 591 2891 ex
624 2857 712 2893 Arte
738 2857 890 2895 Poetica
916 2857 972 2902 ylss.
1003 2870 1086 2897 101.
1123 2865 1167 2896 Ut
1187 2859 1380 2897 ridentibus

322 2902 504 2946 arrident,
532 2903 585 2959 ira
603 2904 771 2954 flentibus
793 2908 944 2956 adsunt,
973 2910 1011 2947 in
1034 2923 1111 2960 quo
1126 2909 1291 2960 flentibus
1310 2912 1377 2948 ad-

315 2952 410 3004 flent
430 2962 589 3010 reponit.
646 2956 687 2993 ld
713 2958 817 3006 quod
844 2959 1072 2999 Theodorus
1101 2962 1288 3000 Marcilius
1308 2962 1377 3001 suis

324 3004 383 3061 ad.
403 3005 603 3061 Horatium
638 3010 916 3047 commentariis
955 3012 1128 3051 Lutetiae
1150 3014 1377 3062 jampridem

324 3055 455 3099 editis,
488 3056 526 3093 ὃς
554 3057 719 3094 Michael
750 3059 930 3097 Piccartus
953 3061 1123 3100 Periculis
1144 3064 1286 3102 Criticis
1314 3065 1378 3102 diu

324 3115 412 3144 ante
445 3105 550 3145 illum
579 3107 811 3146 observarant
839 3121 1149 3161 monuerantque.
1210 3114 1252 3150 In
1278 3122 1378 3152 tanta

323 3157 503 3214 librorum
528 3159 634 3207 copia
657 3168 767 3208 atque
796 3160 983 3206 ubertate,
1017 3174 1090 3212 qua
1123 3163 1351 3205 abundamus
1369 3193 1380 3210 ,

324 3207 414 3264 fieri·
434 3207 533 3256 polle
560 3221 639 3247 non
667 3221 789 3259 nego,
828 3221 868 3249 ut
895 3214 931 3250 in
962 3222 1128 3252 mentem
1160 3215 1310 3253 subinde
1338 3228 1381 3254 ea

325 3259 433 3296 nobis
454 3260 584 3307 ignaris
610 3263 784 3305 veniant,
820 3274 917 3312 quae
945 3264 989 3301 ab
1008 3265 1085 3303 aliis
1113 3274 1198 3304 ante
1218 3279 1286 3305 nos
1301 3267 1383 3316 jam

328 3309 397 3347 sint
415 3309 522 3349 dicta.
575 3312 647 3353 Sed
666 3312 904 3354 humanitatis
921 3314 1007 3363 lex,
1035 3317 1074 3356 ὃς
1093 3317 1283 3372 ίρῑειεἸιειε
1302 3319 1389 3369 lites

2335 427 2452 484 Nec

1402 566 1462 593 rae
1476 559 1489 601 ,’
1516 567 1672 605 quarum
1691 559 1930 608 praeeipuum
1964 555 2251 595 condimentum
2275 553 2453 593 innocen-i

1404 608 1454 643 tia
1474 607 1688 657 candorque
1706 620 1748 646 ac
1765 609 1969 657 benignitas
1989 608 2092 651 sunt,
2129 605 2310 655 postulant
2333 607 2456 644 omni-

1405 668 1456 694 no
1472 685 1482 702 ,
1511 669 1558 694 ne
1580 659 1618 694 in
1638 658 1753 695 altero
1771 660 1990 698 ini'eetemur
2011 671 2098 697 eum
2123 668 2310 701 errorem,
2336 656 2400 705 qui
2431 655 2454 695 ἰ

1405 708 1511 746 nobis
1531 720 1684 758 quoque
1704 716 1766 746 aut
1787 709 1998 748 commiffus
2019 710 2155 755 fit‚aut
2173 707 2363 746 committi
2378 707 2458 755 pos-

1406 759 1458 796 fit.
1515 760 1613 797 Nam
1636 759 1739 809 quod
1759 760 2039 798 emendationes
2061 759 2256 798 nonnullas
2270 786 2280 803 ‚
2308 769 2402 807 quae
2419 759 2458 798 in

1408 810 1565 848 Nasonis
1586 813 1661 849 mei
1684 810 1849 848 editione
1863 811 1941 859 jam
1962 819 2047 848 ante
2070 811 2295 849 decennium
2314 808 2457 857 publice

1406 861 1622 910 legebantur
1637 890 1646 906 ,
1672 861 1736 899 sibi
1754 861 1959 899 vindicavit
1973 889 1983 906 ‚
2010 873 2087 899 non
2108 862 2187 899 sum
2208 862 2236 898 is
2257 871 2328 910 ego
2347 887 2358 904 ‚
2395 861 2459 909 qui

1408 912 1622 950 hominibus
1640 913 1789 950 literatis
1811 924 1937 961 parum
1958 913 1996 950 in
2017 924 2079 950 me
2098 912 2322 961 permittam.
2376 910 2464 949 Hoc

1410 975 1564 1013 quoque
1586 971 1728 1013 praeter
1746 975 1894 1001 morem
1919 975 2048 1001 meum
2070 964 2142 1007 est,
2177 962 2281 1012 quod
2306 972 2407 999 nunc
2426 961 2465 1001 in

1411 1016 1507 1053 lianc
1529 1015 1781 1053 contentionis
1802 1027 1950 1053 arenam
1969 1013 2164 1052 descendo.
2199 1013 2272 1051 Sed
2288 1013 2360 1050 urit
2379 1024 2465 1058 me,

1414 1074 1455 1105 ut
1483 1075 1608 1115 aperte
1634 1075 1761 1104 tecum
1792 1078 1924 1115 agam,
1964 1065 2167 1104 Clariffime
2196 1064 2351 1112 Menagi
2372 1092 2383 1109 ,
2426 1063 2466 1103 δε

1416 1118 1514 1156 male
1531 1118 1641 1155 habet
1659 1146 1668 1163 ,
1695 1117 1798 1167 quod
1818 1119 1878 1155 hic
1899 1117 1973 1167 ipse
1992 1117 2106 1155 Faber
2127 1115 2288 1165 Epistola
2315 1127 2418 1153 xxxx.
2443 1113 2466 1154 ἰ

1416 1168 1602 1218 carpendo
1621 1179 1772 1218 parente
1798 1181 1888 1207 meo
1910 1198 1919 1214 ‚
1956 1169 2038 1207 viro
2061 1180 2131 1207 nec
2151 1167 2272 1212 male,
2317 1174 2359 1205 ut
2379 1166 2467 1213 scis,
2481 1182 2494 1210 v3

1413 1220 1460 1259 de
1479 1221 1605 1258 litteris
1626 1220 1715 1258 dum
1738 1221 1829 1258 vixit
1850 1222 1985 1259 merito
2007 1248 2017 1265 ‚
2059 1221 2097 1258 &
2126 1230 2225 1258 nunc
2247 1247 2262 1264 ‚v
2286 1217 2390 1267 quod
2417 1219 2469 1257 rei
2494 1242 2495 1245 =

1415 1280 1525 1321 caput
1543 1272 1591 1310 est
1606 1300 1616 1316 ,
1643 1271 1663 1308 e
1685 1272 1776 1310 vivis
1793 1272 1955 1317 sublato,
1984 1282 2182 1321 procacem
2214 1270 2253 1307 ὃς
2275 1276 2472 1307 contume-
2512 1307 2514 1310 .

1413 1323 1547 1362 liosum
1570 1323 1753 1360 calamum
1773 1323 1872 1361 haud
1893 1324 2090 1362 continuit.
2145 1322 2236 1360 Non
2265 1320 2371 1371 quod
2390 1332 2473 1359 eru-

1416 1375 1567 1412 ditionis
1584 1374 1733 1412 laudem
1751 1374 1803 1412 illi
1823 1374 2028 1413 detraetum
2051 1375 2140 1412 ivit:
2174 1375 2310 1421 (atque
2329 1372 2472 1410 utinam
2508 1408 2513 1411 ,

1418 1424 1559 1464 iviffet!
1589 1433 1732 1474 pateret
1759 1426 1862 1463 enim
1886 1425 2115 1475 ignominia,
2145 1435 2219 1473 qua
2238 1423 2494 1473 appetimur).

1419 1476 1482 1515 sed
1500 1477 1604 1527 quod
1624 1476 1737 1515 fidem
1757 1477 1834 1527 ejus
1854 1478 1892 1514 &
1911 1477 2181 1526 ingenuitatem
2210 1477 2249 1513 in
2276 1473 2474 1513 discrimen

1421 1536 1545 1566 vocat.
1597 1528 1709 1567 Hanc
1737 1537 1814 1566 tam
1841 1537 2007 1567 atrocem
2038 1528 2211 1577 injuriam
2234 1525 2302 1565 nisi
2317 1526 2474 1565 amoliar

1422 1577 1443 1617 a
1478 1579 1669 1629 sepulchro
1698 1580 1834 1629 optimi
1870 1580 2058 1629 parentis,
2095 1577 2266 1627 indignus
2299 1577 2472 1626 profet‘to
2531 1577 2536 1582 '

1419 1630 1486 1668 fim
1500 1659 1511 1677 ‚
1539 1631 1604 1681 qui
1621 1631 1747 1681 aliquo
1769 1632 1864 1669 inter
1884 1631 2057 1668 homines
2077 1629 2248 1667 cordatos
2264 1628 2398 1665 habear
2416 1628 2476 1666 lo-

1420 1694 1480 1720 co.
1535 1683 1679 1731 Magno
1697 1690 1849 1731 gentem
1870 1681 2100 1719 mehercules
2119 1680 2272 1718 vestram
2286 1678 2405 1717 studio
2425 1678 2479 1717 se-

1418 1745 1492 1772 nex
1513 1733 1634 1771 noster
1664 1732 1684 1771 a
1704 1734 1839 1771 teneris
1865 1733 1914 1771 est
1934 1733 2157 1783 prosecutus,
2201 1729 2400 1768 Testantur
2419 1737 2478 1770 tot

1419 1785 1547 1834 scripta
1567 1785 1666 1834 ejus,
1694 1785 1885 1830 Thuanis,
1907 1784 2059 1832 Janiniis
2072 1781 2328 1829 ,Eusenvalliis
2341 1810 2351 1826 ,
2365 1781 2476 1820 Mau-

1419 1838 1543 1881 reriis,
1571 1837 1758 1886 Scaliger-is
1773 1865 1784 1882 ‚
1811 1835 2035 1874 Casaubonis
2050 1864 2060 1880 ,
2088 1835 2165 1874 aliis
2186 1862 2196 1879 ‚
2224 1833 2358 1882 partim
2378 1832 2478 1872 dica-

1420 1896 1457 1926 ta
1477 1918 1489 1935 ‚
1542 1888 1676 1926 horum
1701 1888 1834 1938 partim
1852 1887 1978 1926 laudes
2006 1899 2071 1925 ore
2089 1887 2200 1936 pleno
2220 1884 2480 1934 praedicantia.

1421 1940 1510 1990 Ejus
1530 1952 1621 1978 vero
1643 1948 1719 1978 tam
1743 1938 1883 1990 profusi
1900 1937 2053 1977 affeetus
2073 1937 2234 1976 fructum
2253 1937 2354 1974 hunc
2372 1936 2480 1982 tulit,

1422 2001 1463 2030 ut
1483 1991 1688 2030 identidem
1715 1990 1736 2029 {t
1767 1991 1889 2029 vestris
1917 1989 2132 2030 hominibus
2162 1987 2308 2037 publice
2324 1987 2367 2026 sit
2385 1987 2482 2037 lace-

1422 2052 1518 2082 ratus
1534 2071 1544 2087 ,
1583 2043 1723 2093 vixque
1740 2042 1858 2080 ullum
1883 2043 1978 2080 inter
1999 2041 2222 2079 adversarios
2243 2039 2324 2078 suos
2346 2051 2481 2077 nume·-
2508 2087 2510 2091 y

1424 2095 1532 2139 rant,
1559 2102 1703 2143 praeter
1731 2105 1850 2132 unum
1884 2093 2086 2142 Gasperem
2120 2092 2389 2140 Schioppiuim
2415 2090 2515 2140 quis

1425 2145 1551 2184 Gallus
1579 2157 1658 2183 non
1686 2143 1784 2183 effer.
1838 2144 2028 2183 Videlicet
2056 2144 2093 2182 in
2121 2143 2250 2181 formis
2269 2143 2382 2180 etiam
2407 2143 2511 2180 ele-0

1425 2197 1638 2246 gantissimis
1666 2197 1779 2234 naevi
1799 2207 2074 2246 nonnunquam
2096 2202 2294 2244 apparent:
2333 2195 2371 2232 &
2400 2193 2481 2232 sunt

1426 2249 1463 2286 in
1482 2247 1741 2285 humanissima
1766 2256 1878 2296 gente
1895 2246 1947 2286 sui
1961 2258 2115 2297 quoque
2136 2244 2480 2284 Thersitae&A12-

1426 2299 1548 2336 stores.
1602 2299 1661 2336 De
1686 2298 1860 2336 Salmafio
1884 2310 1964 2336 non
1984 2310 2142 2347 queror,
2170 2299 2234 2347 qui
2254 2308 2340 2334 cum
2361 2295 2482 2334 nemi-

1428 2349 1468 2388 ni
1500 2349 1652 2387 suorum
1686 2359 1902 2398 temporum
1933 2349 2080 2388 literato
2114 2349 2319 2397 pepercerit
2345 2375 2355 2393 ,
2403 2358 2483 2385 non

1429 2401 1544 2450 magis
1567 2412 1680 2450 quam
1704 2399 1765 2438 ille
1782 2400 2023 2449 Schioppius,
2053 2411 2168 2449 quem
2193 2398 2339 2448 insignis
2369 2397 2486 2436 male-

1429 2451 1589 2490 dicentia
1619 2451 1731 2489 Zoilo
1760 2451 1895 2501 quovis
1917 2451 2141 2488 nobiliorem
2165 2449 2323 2488 reddidit
2347 2478 2357 2494 ‚
2394 2448 2485 2488 nihil

1429 2504 1600 2552 profesto
1619 2503 1770 2540 rationis
1791 2503 1840 2540 est
1855 2530 1865 2546 ,
1895 2513 1958 2540 cur
1979 2502 2137 2550 parentis
2160 2501 2235 2539 mei
2261 2501 2401 2538 causam
2415 2512 2486 2549 po-

1428 2555 1566 2592 tiorem
1587 2553 1746 2598 ducam,
1784 2565 1898 2604 quarn
1930 2561 2139 2591 ceterorum
2178 2552 2350 2590 omnium
2371 2580 2382 2596 ,
2418 2551 2486 2601 qui
2518 2560 2521 2561 ’

1429 2614 1548 2644 aetate
1571 2605 1691 2643 nostra
1711 2605 1895 2648 claruere,
1921 2616 2085 2655 quorum
2114 2615 2229 2642 nemo
2258 2603 2486 2641 virulentum

1430 2658 1508 2707 ejus
1527 2656 1681 2695 dentem
1701 2655 1825 2695 evasit.
1855 2657 1939 2694 Nec
1955 2668 2092 2705 queror
2109 2655 2155 2693 de
2168 2657 2312 2702 Joanne
2324 2653 2456 2703 Croyo
2470 2681 2482 2699 ,
2498 2658 2526 2690 ἐκ

1430 2708 1496 2759 qui
1518 2720 1595 2746 non
1618 2708 1738 2746 solum
1769 2707 1903 2746 oblitus
1932 2707 2144 2756 patriaeque
2174 2705 2356 2755 patrisque
2386 2684 2516 2758 Lati-'ll

1431 2760 1493 2805 ni,
1530 2771 1573 2797 ac
1604 2759 1866 2798 communium
1892 2757 2121 2800 studiorum,
2147 2755 2208 2794 sed
2236 2757 2374 2795 ordinis
2395 2767 2503 2808 quo-¹

1432 2822 1506 2860 que
1525 2811 1602 2855 sui,
1640 2812 1761 2849 homo
1797 2808 2019 2858 Theologus
2048 2808 2151 2846 senio
2180 2808 2398 2846 confectum
2425 2791 2519 2858 par-l*

1433 2870 1579 2900 rentem
1599 2874 1729 2900 meum
1748 2861 1846 2899 nulla
1866 2867 2090 2910 provocatus
2109 2859 2242 2909 injuria
2252 2859 2501 2909 petulantiffiae

1433 2925 1495 2950 me
1514 2914 1719 2962 exagitarit.
1774 2911 1902 2950 Audio
1923 2913 2023 2950 enim
2055 2911 2157 2949 illum
2192 2923 2213 2948 a
2241 2911 2390 2960 collegis
2419 2910 2486 2948 suis

1432 2964 1547 3002 officii
1575 2963 1812 3002 admonitum
1827 2991 1838 3009 ,
1866 2963 1996 3013 quibus
2020 2962 2159 3000 facinus
2182 2962 2275 3001 istud
2300 2962 2488 3001 barbarum

1433 3015 1667 3063 displicebat,
1695 3013 1888 3064 refipuiffe.
1915 3013 2051 3051 Poffim
2077 3013 2166 3051 alios
2191 3013 2378 3062 proferre,
2395 3023 2487 3063 quos

1434 3064 1558 3103 miss'os
1575 3066 1671 3103 facio
1687 3093 1697 3109 ‚
1723 3077 1770 3102 ne
1793 3064 1857 3102 tibi
1878 3063 1943 3102 fim
1962 3064 2093 3113 gravis.
2144 3063 2273 3114 Atque
2290 3065 2383 3103 haec
2401 3065 2489 3103 vivo

1435 3117 1526 3164 patri
1547 3113 1736 3165 contigiffe
1750 3144 1759 3158 ‚
1787 3127 1829 3153 ac
1848 3116 2005 3164 proinde
2030 3115 2491 3155 invidiae&obtre6tatio-

1435 3168 1474 3205 ni
1496 3166 1686 3215 expofito,
1717 3168 1837 3205 minus
1865 3167 2050 3217 indignor.
2103 3166 2165 3204 De
2193 3167 2352 3205 Claudio
2374 3167 2491 3204 Sarra·

1437 3219 1525 3262 vio,
1556 3219 1594 3255 &
1622 3219 1696 3256 hoc
1724 3219 1800 3268 ipso
1827 3218 1945 3257 Fabro
1974 3217 2147 3257 nondum
2171 3219 2382 3257 cicatricem
2409 3216 2492 3254 vul-

1441 3281 1510 3307 nus
1530 3268 1670 3307 duxiffe
1691 3271 1821 3308 fateor.
1878 3269 1948 3308 Sed
1970 3269 2016 3308 de
2045 3269 2214 3308 Sarravio
2243 3269 2327 3308 alibi
2351 3265 2492 3306 videbi.-

1443 3332 1551 3369 mus,
1577 3322 1666 3373 qui,
1693 3333 1781 3363 cum
1799 3320 2010 3365 Salmafiani
2028 3322 2142 3362 moris
2159 3319 2423 3371 malignitatem
2441 3317 2495 3406 sta-

2470 3378 2499 3407 is
