2553 3676
808 218 871 274 P.
948 211 1365 271 OVIDII
1437 208 1977 267 NASONIS

596 309 698 365 'ista
725 305 928 362 dabunt
955 305 1177 367 faciem3
1218 302 1311 358 sed
1333 315 1490 359 erunt
1515 301 1780 357 deformia
1804 300 1934 356 visu:

682 380 999 452 Multaque,
1036 378 1170 433 dum
1191 376 1326 431 fiunt
1351 376 1553 450 turpia,
1590 375 1725 430 facta
1751 376 1982 448 placent.

611 456 769 529 Quae
789 471 934 507 nunc
957 469 1159 507 nomen
1180 450 1377 505 habent
1405 448 1614 522 operosi
1639 448 1781 521 signa
1804 447 2086 521 Myroni&¹

466 545 573 583 220
681 527 903 582 Pondus
932 526 1073 581 iners
1097 524 1402 599 quondam,
1437 521 1679 593 duraque
1703 520 1860 576 maffa
1881 521 2001 578 fuit.

613 601 861 657 Annulus
884 612 944 655 ut
971 600 1091 662 fiat,
1131 597 1307 668 primo
1335 592 1608 648 colliditur
1642 611 1856 650 aurum:

685 675 835 748 Quas
859 674 1040 747 geritis
1064 668 1230 723 vestes
1246 706 1262 731 ‚
1298 666 1512 721 sordida
1536 666 1652 720 lana
1674 665 1792 721 fuit.

611 749 760 805 Cum
786 749 969 808 fieret,
1005 743 1133 815 lapis
1156 741 1304 812 asper
1332 753 1475 802 erat;
1517 757 1660 794 nunc
1683 739 1864 795 nobile
1889 740 2093 812 signum

689 821 850 876 Nuda
872 818 1063 874 Venus
1090 813 1329 869 madidas
1356 812 1608 886 exprimit
1632 811 1805 867 imbre
1830 829 2027 868 comaS.

470 914 574 965 225
614 896 710 950 Tu
735 909 956 967 quoque
982 889 1114 945 dum
1139 887 1357 951 coleriS‚
1392 904 1491 941 nos
1518 900 1571 940 te
1598 886 1838 942 dormire
1864 900 2150 959 putemus;

692 967 890 1039 Aptius
916 967 945 1019 a
970 963 1173 1018 summa
1197 959 1524 1032 conspiciare
1549 977 1727 1015 manu.

612 1041 732 1096 Cur
756 1039 889 1094 mihi
914 1049 1042 1093 nota
1067 1049 1162 1090 tuo
1188 1032 1357 1089 caussa
1382 1032 1457 1088 est
1480 1032 1729 1088 candoris
1752 1032 1808 1087 in
1833 1032 1962 1086 ore?

691 1112 903 1168 Claude
929 1111 1105 1165 forem
1127 1106 1371 1171 thalami,
1409 1106 1542 1180 quid
1565 1106 1703 1161 rude
1726 1105 1913 1178 prodis
1945 1105 2114 1178 opus?

618 1185 802 1242 Multa
823 1185 966 1239 viros
989 1181 1193 1238 nescire
1219 1180 1396 1235 decet.
1435 1197 1552 1252 pars
1577 1179 1811 1236 maxima
1836 1195 2022 1235 rerum

472 1278 580 1328 230
695 1256 986 1322 Offendat‚
1023 1255 1062 1311 fi
1088 1271 1199 1311 non
1221 1254 1478 1310 interiora
1502 1266 1664 1326 tegas
2301 1323 2358 1381 A

2358 1340 2488 1381 urea

314 1449 410 1491 dens
434 1449 533 1488 ibera
551 1450 741 1498 defricatus
759 1448 878 1488 urina,
906 1447 945 1486 &
966 1445 1088 1486 eidem
1111 1446 1380 1496 Epignxxxxx.

326 1508 481 1542 ,Dentem
513 1512 619 1554 atque
647 1501 774 1552 ruffam
805 1499 972 1549 defricare
987 1498 1184 1549 gingivam.
1214 1498 1252 1535 &
1282 1494 1381 1546 apud

323 1553 532 1594 ‚Horatium
549 1581 558 1598 ‚
583 1553 644 1591 lib.
674 1565 701 1592 1.
725 1553 798 1591 Sat.
816 1565 850 1590 x.
871 1564 904 1599 4.
932 1550 1024 1602 quod
1035 1549 1111 1599 sale
1127 1548 1237 1587 multo
1257 1547 1381 1585 Urbem

322 1603 492 1651 defricuit
522 1604 686 1642 Lucilius.
723 1612 887 1642 ceterum
907 1603 981 1641 huc
999 1600 1114 1640 allufit
1145 1599 1274 1638 au6’cor
1304 1599 1382 1647 epi-

328 1656 542 1704 grammatis
559 1656 596 1693 in
619 1655 812 1694 Cataleelis
833 1653 1063 1692 Petronianis
1077 1680 1088 1697 ,
1115 1650 1258 1690 venusti
1276 1649 1359 1687 sane
1373 1678 1385 1694 ,

329 1705 391 1744 sed
412 1706 515 1744 valde
544 1706 745 1756 depravati.
798 1705 1013 1745 Adscribam
1040 1702 1156 1749 illud,
1183 1700 1383 1752 quomodo

324 1768 392 1802 „cm
399 1757 610 1796 endandum
628 1757 781 1796 censeo:

384 1813 519 1858 Semper
537 1809 734 1847 munditias
746 1837 755 1854 ,
775 1809 907 1860 semper
920 1837 932 1854 ‚
951 1805 1106 1857 Bafiliffa
1125 1805 1281 1852 decores}

434 1865 566 1910 Semper
586 1859 777 1911 compofitas
797 1871 874 1898 arte
893 1869 1022 1898 recente
1040 1871 1174 1903 comas,

381 1915 432 1950 Et
450 1920 592 1961 comptos
601 1912 731 1961 semper
759 1911 893 1957 cultus,
923 1913 1166 1960 unguentaque
1173 1907 1332 1958 semperj

437 1963 567 2000 Omnia
583 1962 736 2012 fhllicitd
752 1973 865 2000 comta
886 1962 1006 2000 videre
1025 1974 1158 2006 manu,

384 2019 469 2053 Non
487 2027 578 2051 amo.
605 2014 783 2063 negleffim
802 2013 892 2052 mihi
903 2017 941 2063 se
958 2025 1047 2063 quae
1066 2012 1191 2059 comit,
1211 2009 1358 2057 amica,

440 2069 488 2101 Et
509 2065 604 2102 decor
621 2076 763 2103 ornatae
775 2064 999 2116 simplicitate
1012 2063 1137 2114 placet.

387 2115 538 2154 Vincula
563 2130 622 2154 nec
641 2127 733 2153 curet
754 2117 872 2166 capitis
888 2116 1029 2166 discussa
1041 2114 1183 2165 fiilutiss.¹

438 2173 510 2204 Nec
531 2181 645 2205 coram
653 2168 785 2214 faciem
807 2181 859 2205 me
877 2167 975 2204 lavet
990 2166 1056 2204 illa
1074 2166 1195 2215 suam.

388 2217 532 2267 Fingere
544 2217 581 2267 se
590 2219 742 2268 semper,
769 2232 836 2255 non
855 2218 898 2266 est
919 2217 1080 2266 confidere
1102 2217 1226 2256 amori.

441 2269 541 2317 Quid
558 2270 649 2320 quod
659 2273 756 2320 saepe
775 2270 870 2307 decor
883 2298 893 2315 ,
913 2283 991 2306 cum
1008 2268 1208 2317 prohibetur
1221 2297 1230 2313 ,
1242 2268 1334 2316 adest
1347 2277 1364 2306 ?

334 2319 458 2358 'Versu
477 2320 579 2358 sexto
597 2322 635 2359 &
657 2321 795 2359 octavo
814 2320 971 2369 vestigiis
990 2321 1027 2357 V
1031 2319 1158 2357 offiani
1177 2320 1313 2358 codicis
1332 2321 1390 2357 in-

338 2372 494 2410 {liumus
506 2400 516 2415 ,
544 2373 581 2410 in
594 2383 687 2422 quo,
710 2372 806 2408 Sedet
825 2382 944 2409 ornate
959 2399 968 2415 ,
981 2371 1020 2408 &
1032 2384 1146 2407 coram
1160 2371 1294 2418 faciem
1321 2369 1391 2408 mel

333 2422 445 2462 babet
463 2421 527 2459 illa
540 2424 660 2471 suam.
714 2423 755 2460 In
774 2423 926 2472 vulgatis
946 2422 1042 2460 libris
1072 2423 1200 2460 omnia
1219 2422 1391 2471 inquina-

340 2474 474 2511 tissima
521 2473 615 2512 sunt.
672 2475 888 2512 Hemsms.
932 2472 1191 2520 Per-frictionem
1230 2472 1390 2509 dentium

341 2524 435 2563 dixit
456 2524 622 2563 Scribon.
644 2526 753 2574 Larg.
776 2523 955 2573 Compos.
978 2535 1036 2572 57.
1064 2522 1250 2560 Pulverem
1276 2523 1392 2559 denti-

344 2574 408 2612 bus
426 2575 613 2613 elimandis
631 2577 668 2614 in
688 2577 753 2614 usu
769 2574 872 2614 fuiffe
894 2575 1005 2612 docet
1027 2574 1173 2612 Tertul.
1191 2573 1236 2611 de
1256 2574 1393 2611 Poeni-

345 2634 436 2663 tent.
465 2639 542 2675 cap„
563 2640 616 2665 xi.
634 2628 873 2675 Epigramma
891 2625 980 2664 illud
999 2626 1258 2662 Petronianum
1293 2624 1394 2662 aliter

345 2677 521 2721 emendat
539 2678 727 2716 Colomes.
752 2678 797 2716 ad
810 2677 966 2727 Quincf'c.
989 2688 1089 2724 11.5.
1103 2677 1370 2713 BURMANNUS.

399 2740 484 2774 217.
514 2729 579 2777 Ista
596 2729 732 2766 dabunt
742 2728 914 2779 faciem]
943 2733 1079 2765 Curam
1090 2727 1227 2776 Regius
1239 2728 1275 2764 δε
1287 2727 1398 2776 quin·

346 2788 425 2827 ‚que
448 2779 519 2815 alii..
547 2782 663 2824 Puto,
683 2783 855 2827 fhrmam.
882 2780 984 2828 supra
1006 2789 1085 2827 134.

404 2829 580 2865 Admotae
592 2833 751 2877 sormam
769 2832 925 2882 dantque
942 2839 1134 2880 negantque
1157 2841 1298 2866 manus.

352 2880 575 2919 Hnmsms.
603 2887 765 2918 Formam
785 2883 921 2920 habent
938 2881 1013 2919 duo
1034 2880 1164 2930 scripti.
1181 2880 1292 2925 facies
1303 2879 1403 2916 Nea-

355 2931 461 2979 polit.
488 2942 595 2975 unus,
616 2931 676 2977 ista
696 2932 830 2969 dabunt
852 2933 1008 2981 speciem,
1044 2933 1155 2970 etiam
1187 2943 1265 2968 non
1294 2931 1405 2968 male.

354 2982 471 3031 species
492 2994 558 3030 pro
576 2983 846 3029 pulchritudine
866 2983 1004 3029 pallim.

406 3045 492 3070 221.
520 3033 745 3082 colliditur]
777 3032 990 3083 Colliquitur
1014 3033 1239 3071 Gebhardus.
1257 3043 1402 3070 contun-

355 3083 455 3121 ditur
476 3084 646 3121 Francos.
668 3085 814 3120 Lincol.
833 3084 932 3130 Junii
954 3084 993 3121 ὃ(
1009 3083 1127 3120 Vossii
1150 3084 1307 3120 codices.

409 3148 492 3181 224.
522 3135 630 3171 Nuda
654 3140 762 3171 Venus
785 3134 1117 3183 madidasexprimit
1129 3134 1237 3170 imbre
1256 3133 1399 3183 comas]

356 3186 517 3223 Videtur
537 3185 582 3223 ad
610 3185 797 3223 Venerem
822 3186 980 3223 alludere
995 3213 1005 3229 ‚
1034 3197 1145 3233 quam
1166 3181 1402 3231 σίυκὲυσμένην

357 3237 492 3274 Graeci
503 3245 649 3274 vocant.
660 3237 761 3287 quod
782 3236 946 3277 videatur
968 3235 1224 3274 similisemari
1237 3237 1401 3279 exeunti,

356 3289 471 3336 qualis
492 3300 511 3324 a
531 3288 654 3325 multis
679 3287 872 3326 artificibus
896 3288 1087 3336 &pistassc
1106 3288 1238 3336 sculpta
1251 3289 1319 3324 fuit
1340 3296 1401 3331 ‚ut

352 3339 453 3385 apud.
473 3339 632 3379 Plinium
648 3339 772 3380 videre
794 3339 854 3379 est.
882 3340 1109 3379 Micrttus.
1136 3338 1400 3379 Vid.11.Trist.

1436 1454 1520 1492 527·
1550 1443 1731 1483 1v.Pont.
1754 1453 1786 1483 1.
1808 1455 1868 1495 30.
1904 1444 1944 1483 &
1971 1439 2236 1493 Dausquej.ad
2262 1442 2316 1491 Q.
2344 1440 2489 1481 Calabr:

1434 1495 1497 1534 lib.
1529 1507 1568 1534 V.
1600 1508 1682 1546 pag.
1711 1496 1791 1534 106.
1818 1496 1896 1546 ejus
1925 1495 2041 1544 figura
2069 1495 2174 1533 estin
2192 1493 2356 1531 nummis
2385 1492 2488 1531 Ada-

1434 1558 1596 1585 neorum
1620 1548 1659 1585 in
1677 1547 1818 1586 Cilicia.
1846 1547 1920 1585 vid.
1939 1546 2122 1585 Harduin.
2141 1556 2246 1583 num.
2262 1543 2490 1594 populor.&

1437 1599 1517 1647 ejus
1537 1598 1698 1648 effigiem
1720 1598 1765 1636 ab
1776 1598 1910 1647 Apelle
1928 1597 2065 1646 pilstam
2084 1596 2269 1645 Augustus
2288 1595 2425 1633 dicavit
2450 1595 2492 1633 in
2550 1600 2553 1604 ⁴

1437 1649 1592 1689 delubro
1612 1650 1723 1699 patris
1742 1649 1900 1687 Caesaris
1918 1648 2013 1686 Plin.
2033 1660 2145 1685 xxxv.
2171 1659 2228 1684 10.
2255 1644 2493 1684 ubiHardui-

1438 1712 1507 1740 nus
1529 1702 1806 1751 Epigrammata
1833 1711 1879 1737 ex
1910 1699 2144 1748 Anthologia
2180 1696 2312 1736 adfert.
2358 1696 2493 1736 Noster

1439 1752 1487 1791 ad
1526 1752 1690 1791 Statuam
1723 1753 1885 1802 aliquam
1924 1751 2073 1788 Romae
2112 1748 2296 1788 celebrem
2326 1747 2495 1796 respicit,

1441 1804 1481 1842 &
1510 1815 1587 1853 quo
1615 1805 1728 1842 etiarn
1768 1802 1891 1841 adludi
1915 1802 1999 1840 infr.
2045 1812 2130 1848 401.
2167 1811 2247 1838 non
2286 1807 2416 1837 tamen
2445 1798 2490 1837 il-

1440 1855 1514 1894 lam
1529 1867 1663 1905 ‚quam
1688 1854 1848 1900 Merula,
1868 1854 1906 1891 δε
1934 1864 2022 1891 eum
2043 1852 2186 1891 secutus
2208 1850 2285 1889 fine
2304 1850 2383 1889 ullo
2406 1861 2493 1888 exa-

1441 1908 1544 1945 mine
1556 1907 1740 1956 Crispinus
1754 1918 1825 1951 ,ex
1844 1905 1964 1943 Plinio
1989 1905 2096 1942 innui
2113 1901 2269 1942 credunt
2287 1930 2299 1947 ‚
2333 1913 2430 1951 quae
2453 1902 2494 1940 in
2525 1932 2528 1935 .

1438 1958 1542 1997 Bruti
1567 1958 1719 1996 Callaici
1735 1957 1878 2006 templo
1896 1957 1965 1994 fuit
1980 1954 2117 2005 pofita,
2139 1965 2253 2005 quam
2270 1952 2495 1992 Paxiteleam

1438 2010 1593 2048 faciunt.
1620 2021 1706 2048 cum
1724 2009 1861 2047 Plinius
1881 2007 1942 2046 lib.
1965 2019 2071 2044 xxm.
2090 2018 2170 2055 cap.
2200 2019 2233 2054 5.
2261 2005 2357 2043 inter
2382 2015 2494 2053 opera

1440 2061 1583 2110 Scopae
1596 2060 1803 2105 recenseat,
1817 2060 1857 2097 &
1873 2059 2116 2097 Praxiteleam
2138 2055 2357 2095 antecedere
2376 2055 2496 2094 dicat:

1439 2112 1534 2150 haec
1565 2112 1666 2151 enim
1696 2123 1812 2161 prope
1847 2111 2010 2148 Martem
2040 2108 2140 2147 nuda
2174 2107 2292 2157 pofita
2321 2119 2400 2145 non
2426 2106 2498 2145 fuit

1441 2160 1674 2208 ιίναδυομὲνη·
1713 2175 1800 2200 nam
1829 2173 1909 2200 non
1942 2160 2060 2199 statim
2081 2161 2237 2204 Venus,
2277 2166 2319 2197 ut
2351 2157 2497 2203 emersit

1442 2215 1576 2265 pelago
1597 2215 1710 2252 Marti
1736 2215 1806 2252 fuit
1821 2212 1974 2263 juncta,
2012 2212 2072 2250 sed
2102 2223 2188 2250 cum
2213 2211 2294 2260 jam
2323 2209 2497 2257 Vulcano

1445 2267 1511 2304 diu
1540 2264 1660 2304 fuiffet
1690 2274 1831 2314 nupta,
1871 2273 1912 2302 ut
1942 2263 2117 2301 omnibus
2142 2270 2292 2300 notum.
2329 2265 2496 2300 ceterum

1440 2318 1506 2355 liic
1516 2316 1593 2366 sola
1615 2322 1722 2353 Venus
1742 2315 1899 2354 malebat
1917 2314 2102 2352 Francius.
2153 2313 2424 2351 BURMANNus.

1497 2380 1582 2416 225.
1612 2373 1662 2403 Tu
1675 2367 1807 2413 faciem
1826 2378 1931 2409 cura,
1959 2365 2046 2402 dum
2074 2374 2108 2401 te
2127 2364 2277 2401 dormire
2295 2361 2498 2414 putemus]

1446 2418 1599 2457 Reffior
1620 2416 1766 2456 fortaffe
1787 2425 1892 2454 vetus
1911 2415 2023 2454 leetio
2038 2443 2048 2459 ‚
2076 2425 2117 2451 tu
2137 2428 2290 2466 quoque,
2318 2427 2397 2452 cum
2419 2413 2504 2460 cole-⁴

1447 2470 1495 2508 ris
1514 2483 1573 2506 nos
1590 2479 1622 2506 te
1642 2469 1791 2506 dormire
1802 2478 1975 2518 putemus.
2002 2467 2262 2503 NAUGERIUS.

1500 2522 1584 2558 226.
1612 2520 1829 2570 conspiciere.
1841 2519 1857 2569 ]
1888 2516 2103 2567 conspiciare
2113 2518 2344 2556 Sarravianus
2356 2517 2396 2555 &
2405 2527 2500 2555 unus

1448 2573 1656 2611 Patavinus.
1710 2572 1925 2609 HEINSIUS.

1501 2635 1587 2670 227.
1615 2629 1711 2660 Nota
1738 2622 1803 2661 tui.
1827 2621 1843 2671 ]
1873 2627 1943 2658 Tuo
1971 2620 2011 2659 in
2036 2634 2090 2658 ore
2115 2618 2247 2659 rectius
2274 2627 2345 2658 tres
2369 2617 2502 2668 scripti.

1451 2675 1571 2713 IDEM.

1504 2737 1591 2772 227.
1618 2725 1734 2775 Causa
1748 2724 1796 2772 est
1813 2721 2007 2771 candoris]
2038 2721 2228 2771 splendoris
2245 2723 2363 2770 prima
2374 2720 2504 2766 editio,v

1454 2777 1601 2814 Veneta
1632 2789 1727 2821 una,
1754 2776 1892 2813 Aldina
1920 2774 2018 2822 prior
2044 2775 2082 2810 &
2112 2773 2280 2822 Micylli,
2320 2775 2358 2811 δε
2381 2771 2504 2818 Mediz

1459 2840 1543 2866 ceus
1555 2827 1687 2865 codex.
1713 2827 1785 2864 Sed
1797 2826 2013 2863 nihilmuta.
2033 2824 2198 2873 Propert.
2217 2823 2455 2864 111.xxn1.8.

1511 2884 1603 2915 Cum
1625 2878 1691 2914 tili
1713 2875 1884 2928 quaefitus
1907 2875 2033 2912 candor
2051 2875 2089 2912 in
2108 2889 2161 2912 ore
2172 2876 2278 2921 fhret.

1461 2932 1587 2980 Quem
1608 2930 1734 2967 locum
1757 2930 1868 2966 etiam
1891 2927 2027 2964 Douza
2047 2927 2108 2963 hic
2127 2926 2368 2975 adscripscrat.

1507 2981 1593 3019 228.
1620 2980 1755 3017 Claude
1765 2981 1858 3027 fores
1879 2978 2051 3022 thalami,
2079 2991 2167 3028 quae
2192 2978 2277 3015 rude
2296 2978 2379 3027 cogis
2398 2973 2502 3028 opus]

1458 3038 1576 3069 Forum
1598 3033 1714 3080 prima
1737 3031 1851 3068 editio
1870 3041 1955 3066 cum
1976 3029 2110 3076 scriptis
2130 3029 2344 3077 potioribus.
2373 3027 2503 3078 ficp'as-

1458 3082 1524 3119 sim
1548 3084 1691 3119 Noster.
1718 3082 1814 3118 Puto
1841 3081 1879 3117 δε
1903 3080 1997 3116 obde
2016 3081 2142 3125 fhrem.
2170 3080 2215 3117 dc
2244 3092 2322 3130 quo
2356 3081 2416 3118 lib.
2447 3089 2501 3117 Η.

1457 3133 1513 3175 375.
1531 3134 1614 3181 636.
1643 3131 1776 3170 deinde
1799 3132 1957 3179 Regius,
1984 3131 2071 3180 quid
2091 3131 2175 3167 rude
2205 3133 2298 3180 cogis.
2326 3140 2361 3169 at
2385 3131 2500 3180 prima

1457 3183 1594 3228 editio,
1624 3185 1661 3220 ὃς
1686 3184 1938 3226 Sari-avianus,
1977 3183 2062 3233 quid
2084 3183 2168 3218 rude
2183 3183 2298 3231 prodis
2317 3191 2420 3231 opus?
2445 3191 2500 3218 re-

1457 3235 1526 3272 c‘te.
1554 3243 1712 3284 quatuor
1742 3234 1823 3279 alii,
1863 3247 1951 3284 quae
1974 3234 2097 3282 prodis.
2127 3245 2240 3276 unus,
2269 3233 2359 3283 quod
2378 3230 2502 3282 prodis.

1456 3285 1588 3330 Forte,
1617 3299 1681 3336 quo
1696 3286 1809 3335 prodis
1829 3295 1844 3322 ,τ’
1883 3285 1928 3322 de
1947 3284 2114 3333 prodendi
2133 3285 2246 3322 verbo
2277 3285 2344 3320 hac
2372 3280 2503 3331 fignifi-

1457 3339 1603 3377 catione
1620 3338 1761 3377 dictum
1784 3336 1872 3377 Fast.
1896 3348 1931 3375 v,
1948 3335 2007 3380 373.
2038 3335 2122 3388 508,
2159 3336 2369 3375 ΗΕιΝεΙυε.
2402 3330 2503 3402 {Qifl

2416 3393 2500 3420 rllloss
