2553 3676
283 227 348 290 56
773 215 1322 276 P.OVIDII

1396 214 1918 273 NASONIS

439 327 532 377 175
571 307 844 364 Addimus
877 310 956 365 his
980 313 1216 366 lacrimas
1236 310 1482 383 precibus
1544 329 1750 386 uoque:
1790 310 1952 367 verba
1976 310 2239 383 precantis

644 381 912 454 Perlegis;
956 396 1008 438 at
1033 385 1270 438 lacrimas
1295 383 1437 455 finge
1459 331 1645 439 videre
1671 403 1828 439 meaS.

332 479 413 522 176.
441 478 610 527 perlegis,
638 491 681 519 (7
709 479 906 527 lachrymas
926 477 1018 528 finge
1039 480 1158 518 videre
1185 479 1320 530 mean]

278 540 401 579 Aeute
423 543 458 579 in
475 542 567 580 libro
591 542 654 580 suo
676 543 836 580 Gruteus
855 541 1088 588 emendarat,

329 607 511 644 Addimus
541 607 595 643 his
616 607 768 657 precibus
803 607 1001 657 lachrymas
1036 622 1178 660 quoque.
1215 606 1322 644 verba

456 668 629 706 presantls

380 709 525 758 Perlegis
538 737 548 753 ,
577 722 621 749 ω’
640 708 838 759 lachrymas
850 708 942 758 finge
959 709 1078 747 videre
1095 722 1199 746 meas.

277 785 383 822 Dm.
413 786 627 822 HEINSWS.
655 782 786 833 Perlege
810 796 853 823 cy
870 793 938 822 tres
957 783 1049 821 libri.
1077 776 1322 820 Lsticolnien-

279 835 321 872 sis
335 863 345 878 ‚
375 836 526 884 Perlege,
545 835 617 884 fid.
645 836 738 872 bene
751 864 760 879 ,
789 835 852 872 nisi
872 835 987 871 fallor.
1017 835 1127 871 Certe
1140 833 1227 871 illud
1241 839 1322 869 Per—

278 886 358 934 legis
384 886 575 924 subn-atum
604 886 747 923 videtur
781 897 825 922 ex
846 886 967 934 primo
995 884 1108 921 verbo
1138 884 1321 934 sequentis

279 936 462 984 epistolae.
526 939 576 973 At
613 949 702 974 vero
743 937 878 984 opinor
922 948 1034 974 unam
1074 935 1216 973 literam
1255 935 1322 971 eli-

278 986 353 1026 sam
376 986 446 1028 esse
459 1016 469 1033 ,
491 989 528 1025 8<
547 987 774 1025 scribendum
794 987 968 1035 Perlegito.
986 986 1044 1024 adi
1065 993 1169 1022 notas
1190 985 1324 1022 nostras

278 1036 341 1074 lib.
361 1050 391 1076 1.
411 1037 490 1076 Art.
512 1039 601 1076 Am.
625 1051 707 1087 225.
735 1038 797 1075 ubi
818 1039 917 1086 plum
938 1035 1153 1086 hujusmodi
1175 1036 1326 1084 collegi-

279 1098 372 1127 mus.
391 1089 470 1129 libr.
489 1102 535 1129 11.
554 1090 649 1128 Met.
673 1100 754 1139 131.
779 1089 970 1139 Polmnque
988 1087 1103 1137 effugit
1112 1086 1325 1135 Australem.

1380 490 1466 516 cum
1494 478 1643 528 Effugito
1673 481 1803 528 reponi
1830 480 1962 518 debere
1983 481 2209 518 monuerim.
2230 476 2335 516 volui
2359 476 2423 515 ali-¹

1379 529 1529 577 quando
1557 530 1642 565 dum
1667 530 1759 577 legis.
1776 531 1893 568 velut
1911 531 2000 580 legis.
2020 533 2167 580 optimo
2198 529 2321 572 sensu,
2356 527 2424 566 nifi

1377 579 1482 627 quod
1508 579 1653 628 longius
1679 580 1766 618 absit
1791 593 1811 619 a
1827 582 1973 632 vulgata
2005 582 2184 632 scriptura.
2213 580 2425 618 Hnmsws.

1378 629 1461 680 Ego
1484 642 1574 668 vero
1595 630 1780 679 legerem:

1856 682 1962 719 Verba
1976 683 2150 732 precantis

1429 731 1593 779 Per-legin
1624 742 1664 767 at
1688 732 1852 769 lacrimas
1872 733 1961 780 finge
1977 734 2096 769 videre
2113 746 2227 777 meas,

1377 781 1543 819 addimus
1561 794 1629 819 nos
1651 782 1803 832 quidem
1824 783 1987 831 precibus
2006 784 2132 820 nostris
2152 784 2337 827 lacrimas,
2366 781 2426 822 se&

1376 844 1465 881 quas
1491 833 1557 870 tibi
1584 845 1662 870 non
1682 832 1856 881 possimus
1887 833 2064 881 praesenti
2084 832 2248 870 fundere.
2276 843 2316 872 tu
2344 843 2427 872 tan·

1376 891 1459 920 tum
1479 882 1558 931 legis
1575 884 1682 921 verba
1696 912 1706 928 ,
1734 893 1796 922 aut
1809 912 1819 928 ,
1840 892 1880 921 ut
1898 883 2001 932 spero
2017 912 2026 928 ,
2055 883 2093 921 ὃς
2113 884 2220 922 initio
2244 885 2428 934 Epistolae

1376 935 1520 982 rogavi,
1528 933 1764 983 perlegis‚sed
1787 934 2045 983 quaes0‚finge
2065 935 2243 982 lacrymas
2261 943 2297 972 te
2322 935 2428 973 simul

1381 985 1508 1022 videre
1521 1011 1535 1028 ,
1562 996 1650 1034 quas
1670 997 1742 1035 ego
1762 985 1858 1023 addo
1878 985 2029 1035 quidem
2047 984 2165 1024 verbis
2186 985 2274 1023 dum
2286 986 2399 1023 scribo
2414 1013 2426 1030 ,

1381 1034 1440 1124 {ed
1459 1035 1505 1073 ad
1524 1043 1562 1072 te
1581 1037 1834 1084 perferendas,
1855 1045 1895 1075 ut
1919 1036 2050 1083 verba,
2066 1036 2150 1075 dare
2171 1047 2250 1075 non
2270 1033 2429 1087 poffum.

1415 1099 1643 1126 uRMANNu&

859 1204 1627 1274 EPISTOLA
1754 1210 1835 1278 V.

792 1338 1353 1395 OENONE.

1417 1339 1924 1396 PARIDI.

574 1466 896 1604 Per-legis?
939 1483 1004 1520 an
1027 1464 1226 1535 conjux
1247 1462 1497 1537 prohibet
1522 1466 1692 1519 nova?
1733 1464 1976 1538 perlege:
2017 1482 2128 1520 non
2151 1465 2225 1521 est
2273 1450 2277 1453 ’

746 1540 842 1594 Ista
865 1538 1165 1612 Mycenaea
1190 1537 1342 1592 litera
1365 1536 1500 1591 facia
1524 1556 1698 1593 mann.

331 1705 364 1743 A
393 1706 574 1756 principio
605 1707 714 1757 hujus
735 1706 918 1756 Epistolae
940 1707 979 1745 in
1006 1704 1225 1756 quibusdam
1243 1717 1326 1743 ver-

277 1755 332 1793 sus
351 1755 426 1793 duo
451 1768 729 1806 praeponuntur
752 1786 762 1802 ‚
798 1770 891 1807 quos
921 1769 987 1805 pro
1007 1757 1130 1794 nothis
1156 1758 1194 1793 &
1225 1756 1328 1793 adul·

276 1807 361 1843 teris
390 1807 450 1844 alii
478 1809 659 1856 rejiciunt.
687 1809 787 1844 Nam
808 1819 929 1856 neque
950 1807 1159 1844 Ovidianae
1180 1806 1327 1854 elegan-

277 1857 351 1893 tiae
373 1857 616 1905 respondent,
646 1860 683 1895 ὃς
702 1858 912 1902 adfectum,
949 1868 1062 1906 quem
1092 1857 1208 1893 Po'e'ta
1226 1860 1326 1904 prin-

279 1907 378 1954 cipio
399 1908 553 1956 abrupto
576 1910 758 1957 captavit,
783 1909 1037 1945 intervertunt.
1064 1918 1176 1956 quare
1196 1908 1234 1944 ὃς
1256 1907 1323 1943 hos

275 1957 448 2002 seorsim,
487 1962 526 1996 ἃ
555 1959 698 1997 diverso
726 1959 931 1997 charaetere
951 1957 1155 1995 scribendos
1183 1958 1324 1994 curavi-

278 2019 372 2045 mus.
400 2010 623 2048 Mrertrus.
647 2011 826 2059 Excerpta
844 2010 999 2046 Pure-ani
1019 2010 1057 2046 &
1078 2008 1249 2045 nonnulli
1277 2019 1322 2045 ex

277 2058 405 2096 nostris
423 2060 575 2110 sequens
594 2061 772 2098 distichon
794 2060 986 2096 OEnones
1009 2058 1190 2107 Epistol-ae
1217 2069 1323 2107 prae-

276 2109 416 2159 figunt,
445 2112 546 2160 quod
568 2112 611 2149 ab
630 2112 704 2149 aliis
723 2111 854 2148 recstius
872 2109 987 2147 abest:

329 2162 494 2210 Nympha
504 2162 568 2211 fico
590 2163 713 2198 Paridi
731 2161 913 2210 (quamvis
933 2174 1026 2196 meus
1046 2159 1101 2209 effe
1121 2159 1268 2208 recuses)

380 2213 502 2249 Mittit
516 2213 559 2248 ab
585 2213 692 2249 Idaeis
709 2211 815 2248 verba
834 2211 972 2259 legenda
989 2212 1086 2258 jugis.
1125 2212 1268 2248 Heius.

277 2261 324 2300 de
348 2260 503 2301 distichis
524 2264 631 2301 initio
651 2263 893 2312 Epistolarum
906 2261 1214 2310 Ovidiipraefixis
1233 2261 1318 2299 vide

277 2313 420 2351 Schott.
442 2327 485 2352 11.
507 2315 660 2352 Observ.
682 2326 738 2364 53.

331 2376 365 2401 2.
392 2367 498 2401 Faeffa
516 2364 667 2414 mame]
699 2365 822 2403 Editio
841 2365 1006 2414 princeps
1027 2364 1065 2402 &
1087 2364 1176 2402 aliae
1194 2391 1204 2407 ‚
1229 2363 1322 2400 ut&

276 2415 449 2464 Micylli,
464 2415 606 2465 scripta.
655 2416 715 2453 sed
743 2416 1012 2453 emendatiores
1043 2444 1053 2460 ,
1106 2416 1145 2452 δε
1176 2413 1322 2452 codices

277 2465 450 2503 Francof.
469 2468 507 2503 &
533 2467 673 2505 Moreti
687 2468 816 2513 ,faciae
838 2466 971 2503 Noster
987 2467 1046 2504 lib.
1067 2480 1094 2504 1.
1116 2466 1225 2502 Trist.
1239 2478 1274 2501 x.
1288 2477 1322 2502 2.

330 2516 387 2564 1:st
405 2516 493 2553 mihi
503 2516 672 2566 sollicitae
700 2526 844 2566 tempore
851 2519 955 2562 suffla
972 2517 1064 2553 viae.

279 2567 318 2604 ὃ(
342 2579 433 2606 mox
453 2579 545 2605 vers.
566 2569 623 2605 26.
652 2568 758 2605 multi
778 2568 922 2606 codices
936 2596 946 2612 ,
967 2567 1068 2603 litera
1081 2567 1182 2614 fasta
1201 2579 1325 2604 manu.

276 2617 402 2663 justin.
433 2631 554 2657 xxvix.
584 2631 618 2656 2.
646 2618 726 2655 inde
752 2619 800 2655 ad
833 2617 1052 2656 Antiochum
1072 2617 1166 2665 fizcit
1192 2617 1322 2654 literas.

278 2667 518 2707 Tibul.111.1.
534 2682 587 2708 12.

335 2719 465 2755 Indicet
485 2731 523 2756 ut
545 2735 666 2758 nomen
685 2721 786 2758 litera
797 2723 898 2769 sabla
918 2734 1047 2759 meum.

278 2767 342 2806 ubi
362 2782 394 2805 v.
418 2770 618 2808 Broukbus.
641 2773 904 2810 Etiamnum.

334 2831 366 2868 3.
394 2819 559 2870 Pegasis]
592 2823 756 2871 Nympha
776 2824 886 2868 Nais,
914 2822 952 2860 id
974 2822 1022 2861 est
1045 2822 1162 2860 amnis
1185 2821 1322 2860 Cebre-

278 2871 316 2907 ni
337 2870 405 2907 filia
435 2899 443 2913 ,
498 2881 607 2920 atque
635 2885 680 2909 eo
710 2875 815 2920 pacto
841 2875 875 2911 se
896 2873 1079 2923 distinguit
1095 2874 1138 2911 ab
1158 2874 1320 2922 ejusdem

279 2922 443 2958 nominis
469 2921 555 2959 aliis.
611 2923 774 2960 Oenone
798 2926 898 2961 enim
921 2926 989 2961 fuit
1011 2926 1122 2962 etiam
1144 2924 1320 2962 Budionis

278 2971 349 3008 fih'a
366 2999 376 3015 ‚
412 2983 431 3008 a
461 2976 533 3020 qut
557 2973 696 3020 Aegina
718 2975 827 3011 insula
851 2974 1028 3022 appellata
1049 2981 1192 3011 Oenone.
1220 2975 1320 3012 Prius

278 3022 351 3065 est,
377 3032 414 3059 ut
437 3033 602 3060 autumat
624 3024 851 3071 Pythonetus
867 3052 876 3068 ,
901 3025 1163 3072 Aeginetaruin
1193 3026 1320 3072 prima.

281 3073 493 3111 Oenotium
515 3082 696 3121 praetcrea
719 3075 873 3111 celebrat
894 3073 1083 3120 Euripides
1105 3076 1141 3110 in
1174 3076 1320 3123 Iphige-

278 3125 366 3166 nia,
393 3124 521 3160 Aeaco
542 3133 640 3172 patre
662 3134 795 3161 natam.
820 3125 1082 3161 Pimmsrus.
1104 3125 1156 3161 Ita
1168 3125 1319 3173 quidem

278 3186 413 3212 omnes
431 3175 570 3223 legunt,
583 3187 624 3211 ac
645 3177 848 3213 Oenonen]
862 3173 1017 3224 Pegafion
1032 3176 1247 3223 appellative
1268 3175 1322 3212 di-

282 3226 378 3262 c‘trm
401 3226 583 3273 accipiunt
602 3237 667 3274 pro
692 3227 813 3263 Naide
828 3256 837 3270 ‚
874 3226 947 3264 slve
969 3226 1145 3274 Nympha
1161 3226 1323 3263 fontana.

283 3280 356 3313 am
378 3278 443 3320 τῆς
462 3279 588 3324 πηγῆς.
617 3277 719 3326 quod
738 3289 878 3316 nomen
897 3279 1040 3316 fontem
1056 3277 1202 3315 Graecis
1217 3276 1324 3327 ligni-

2221 1611 2430 1685 Pegafis

1381 1702 1476 1742 fient.
1504 1705 1574 1742 fuit
1594 1705 1694 1743 enim
1715 1705 1881 1744 Oenone
1900 1705 1972 1744 filia
1993 1704 2167 1745 Cebrenis
2180 1735 2191 1751 ‚
2211 1719 2325 1757 quern
2356 1709 2427 1751 flu·-

1382 1757 1485 1791 vium
1500 1756 1734 1793 Herodianus
1749 1785 1758 1800 ‚
1787 1759 1925 1794 citante
1940 1757 2125 1805 Stephano
2137 1786 2147 1801 ,
2177 1767 2298 1796 vocat.
2316 1771 2425 1807 aquo

1357 1825 1359 1827 -
1382 1805 1421 1840 ὃς
1445 1805 1623 1842 Cebrenia
1652 1807 1753 1854 regio
1772 1807 1834 1844 sub
1857 1807 1919 1844 Ida
1946 1815 2075 1843 monte
2097 1808 2282 1855 appellata.
2313 1809 2424 1846 Cete-

1379 1865 1462 1892 rum
1487 1857 1571 1905 quia
1605 1864 1730 1893 tamen
1756 1857 1840 1894 alibi
1869 1857 1970 1894 idem
1996 1868 2137 1894 nomen
2165 1855 2333 1907 Pegafidis
2362 1859 2428 1896 ab-

1378 1904 1494 1943 solute
1511 1918 1578 1955 pro
1598 1907 1774 1956 Nympha
1797 1935 1807 1951 ,
1843 1919 1884 1944 ac
1913 1907 2129 1956 generaliter
2154 1907 2312 1956 positum
2344 1921 2425 1947 non

1379 1956 1485 1993 facile
1502 1958 1700 2006 reperitur,
1728 1958 1922 2007 ipsumque
1941 1959 2242 2006 patronymicum
2267 1957 2399 2009 Pegafis
2412 1988 2425 2004 ,

1380 2017 1400 2042 a
1421 2007 1541 2056 Pegasi>
1564 2010 1678 2057 magis
1693 2037 1703 2052 ‚
1722 2020 1834 2057 quam
1857 2021 1875 2045 a
1897 2012 1997 2052 πηγὴ
2016 2008 2154 2045 facium
2173 2009 2320 2047 videtur
2334 2038 2344 2054 ‚
2357 2010 2427 2048 du·

1377 2056 1491 2095 bitere
1513 2058 1613 2095 soleo
1629 2086 1639 2102 ,
1652 2071 1741 2096 num
1763 2071 1830 2106 pro
1841 2055 1972 2106 Pegafis
1986 2086 1995 2101 ‚
2006 2057 2141 2107 Pedafis
2157 2059 2357 2107 legendum
2369 2060 2425 2100 fit.

1378 2116 1419 2144 ut
1437 2107 1478 2145 fir
1499 2109 1637 2156 gentile
1656 2120 1799 2146 nomen
1821 2137 1831 2153 ,
1874 2121 1894 2145 a
1911 2107 2048 2145 Pedaso
2077 2109 2217 2156 oppido
2241 2110 2397 2149 tracstum
2412 2140 2425 2157 ,

1377 2158 1481 2206 quod
1499 2159 1561 2196 sub
1583 2159 1645 2197 ida
1664 2159 1756 2196 olim
1776 2159 1885 2197 situm
1906 2159 1975 2196 fuit
1990 2187 2000 2201 ‚
2026 2159 2192 2196 vicinum
2219 2160 2423 2201 Cebreniae

1374 2210 1529 2257 regioni.
1558 2211 1657 2247 Nam
1676 2210 1720 2248 ab
1742 2210 1877 2247 eodem
1901 2211 1939 2246 ὃς
1958 2209 2147 2246 Pedafides
2157 2210 2425 2262 Maseulinige-

1374 2261 1468 2297 neris
1487 2261 1793 2311 patronymicum
1805 2290 1815 2306 ‚
1844 2261 1991 2298 Graecis
2000 2260 2197 2309 aliquando
2213 2261 2425 2310 usurpatum

1375 2311 1471 2358 apud
1494 2313 1719 2360 Stephanum
1751 2312 1918 2361 legimus.
1973 2311 2090 2358 Quod
2109 2312 2169 2348 hie
2187 2312 2362 2351 adnotare
2381 2315 2426 2352 li-

1378 2360 1456 2398 buit
1485 2390 1494 2405 ,
1549 2372 1589 2400 ut
1613 2363 1769 2411 amplius
1799 2361 1984 2412 cogit-andi
2002 2361 2235 2399 occationem
2259 2363 2424 2403 studiosis

1380 2414 1647 2459 praeberemus.
1674 2415 1788 2452 Porro
1811 2422 1930 2451 totam
1956 2413 2136 2450 Oenones
2160 2415 2198 2450 ὅς
2216 2414 2351 2452 Paridis
2370 2417 2426 2454 fa-

1378 2463 1502 2500 bulam
1522 2465 1689 2502 tra&avit
1708 2465 1921 2502 Parthenius
1940 2465 1977 2502 in
2003 2464 2158 2500 Erotieis
2171 2492 2180 2508 ‚
2210 2465 2249 2501 δε
2276 2466 2424 2516 collegit

1379 2514 1455 2562 ejus
1474 2515 1645 2564 pleraque
1665 2516 1893 2553 phavorinus
1911 2525 2063 2564 quoque
2082 2515 2118 2551 in
2139 2514 2302 2552 dictione
2314 2522 2425 2553 Oeno-

1380 2577 1431 2600 ne.
1444 2566 1668 2603 Mterrrus.
1688 2566 1725 2604 id
1743 2566 1792 2603 est
1811 2568 1930 2611 πηγῆς
1946 2565 2021 2602 five
2041 2566 2153 2602 fontis
2171 2564 2254 2602 filia.
2273 2567 2422 2606 utreste

1379 2614 1545 2654 Pafferat.
1561 2617 1605 2654 ad
1625 2617 1789 2665 Prope1t.
1815 2629 1882 2654 111.
1903 2617 1993 2664 eleg.
2019 2628 2048 2653 1.
2069 2627 2149 2665 pag.
2168 2627 2253 2662 407.
2271 2616 2423 2663 docuit,

1381 2666 1525 2704 &inde
1550 2665 1729 2716 Pegafidas
1752 2667 1873 2704 Musas
1896 2666 2034 2704 vocari.
2196 2706 2203 2711 ,

1434 2728 1468 2759 7.
1489 2722 1545 2753 Ex
1564 2719 1684 2754 merito
1707 2717 1721 2767 ]
1752 2718 1903 2754 Emerito
1926 2717 2109 2754 Barberini
2132 2715 2262 2754 codex.
2287 2716 2347 2755 sed
2365 2720 2423 2765 ni-¹

1379 2766 1430 2804 hil
1452 2776 1593 2805 mutem
1612 2769 1686 2817 sup.
1708 2768 1942 2816 Epist.11.62.

1430 2833 1677 2883 {Qtaemmque
1694 2846 1735 2870 ex
1752 2832 1873 2869 merito
1884 2832 1958 2882 spes
1972 2821 2072 2869 venii
2084 2860 2094 2876 ‚
2122 2845 2231 2882 aequa
2249 2833 2359 2874 venit.

1377 2898 1439 2937 ubi
1459 2898 1620 2937 similiter
1642 2899 1787 2937 turbant
1807 2898 1900 2937 libri.
1921 2899 1960 2935 &
1981 2897 2090 2946 Epist.
2110 2910 2163 2935 xx.

1433 2967 1479 2999 Et
1493 2962 1592 3012 jubet
1610 2977 1651 3000 ex
1669 2963 1790 3000 merito
1799 2962 1908 3012 scire,
1937 2962 2022 3012 quid
2042 2962 2097 3010 iste
2122 2962 2222 3001 velit.

1378 3028 1476 3065 Vell.
1506 3041 1551 3066 11.
1587 3028 1668 3066 118.
1698 3035 1753 3065 Ita
1775 3028 1812 3076 ſse
1837 3042 1887 3064 res
1912 3027 2014 3064 habet
2040 3039 2080 3064 ut
2101 3057 2110 3073 ,
2150 3029 2240 3078 quod
2268 3029 2417 3074 accidit,

1376 3078 1483 3114 etiam
1503 3093 1543 3114 ex
1563 3079 1683 3114 merito
1700 3078 1850 3126 accidtffe
1872 3079 2048 3115 videatur.
2062 3081 2109 3117 ita
2128 3080 2277 3129 lego,&
2295 3080 2418 3128 paullo

1376 3129 1455 3176 post
1473 3142 1514 3164 ex
1533 3129 1653 3165 merito
1671 3129 1859 3176 aestimare.
1888 3130 2154 3168 BURMANNUS.

1434 3178 1465 3214 8.
1495 3181 1596 3227 §Luae
1616 3179 1715 3215 venit
1731 3179 1908 3229 indigne]
1941 3181 2081 3229 Indigno
2103 3183 2306 3219 Puteaneus
2329 3193 2414 3219 cum

1377 3228 1492 3277 Jureti
1523 3230 1700 3278 excerptis
1724 3258 1733 3272 ‚
1769 3242 1864 3278 quae
1893 3232 1948 3269 vir
1977 3231 2033 3269 Cl.
2061 3232 2270 3269 philibertus
2300 3231 2345 3268 de
2382 3233 2416 3269 la

1381 3280 1485 3318 Mare
1508 3279 1660 3320 Senator
1681 3281 1917 3321 Divionenfis
1939 3310 1952 3328 ‚
2006 3294 2077 3333 qua
2098 3281 2145 3320 est
2164 3282 2417 3326 humanitate,

2267 3344 2417 3371 meeum
