2553 3676
771 164 1325 223 ROV‘IDII

1397 165 1935 224 NASONIS

575 259 793 317 Saucius
817 260 1082 332 ingemuit
1095 298 1115 322 ‚1
1148 258 1427 331 telumque
1454 258 1670 314 volatile
1696 257 1882 315 sensit:

435 352 532 403 170

644 332 719 388 Et
745 351 861 406 pars
885 331 1103 405 speffilati
1126 332 1362 387 muneris
1385 332 1494 414 ipse
1521 332 1639 387 fuit.

575 407 762 481 Quid?
804 406 974 461 modo
997 423 1123 461 cum
1146 405 1269 461 belli
1294 407 1488 460 navahs
1513 406 1747 478 imagine
1772 405 1967 461 Caesar

652 479 889 536 Persidas
912 479 1127 535 induxit
1150 478 1594 551 Cecropidasque
1619 481 1789 535 rates?

578 553 793 626 Nempe
817 554 881 608 ab
903 566 1139 627 utroque
1166 552 1298 607 mari
1316 551 1570 622 juvenes,
1606 551 1670 605 ab
1696 565 1930 627 utroque
1957 551 2163 627 puellae

653 626 901 682 Venere:
944 641 1104 699 atque
1127 626 1317 694 ingens
1343 622 1486 676 orbis
1512 623 1567 680 in
1590 622 1741 678 Urbe
1768 626 1884 681 fuit.

439 720 535 771 175
574 700 711 774 Quis
737 719 849 756 non
871 700 1106 761 invenit.
1142 695 1300 750 turba
1322 694 1477 769 quod¹
1501 709 1703 750 amaret
1728 697 1785 751 in
1809 698 1934 753 illa?

655 772 840 838 Eheu,
880 774 1043 846 quam
1068 770 1265 824 multos
1289 770 1497 825 advena
1521 769 1673 824 torsit
1699 771 1901 824 Amor!

579 847 729 904 Ecce
756 861 903 920 parat
926 844 1124 901 Caesar
1152 843 1396 908 domito,
1434 843 1588 916 quod
1614 843 1819 909 defuit,
1858 844 1979 900 orbi

652 921 897 977 Addere.
933 937 1109 983 nune,
1143 916 1341 972 Oriens
1365 917 1583 981 ultime,
1618 916 1797 973 noster
1823 918 1943 972 eriS.

581 995 810 1061 Parme,
846 994 993 1050 dabis
1018 1008 1248 1066 poenas;
1287 989 1461 1044 Craffi
1487 990 1720 1063 gaudete
1746 991 1937 1063 sepulti
1951 1031 1974 1056 2.

438 1069 539 1124 180

287 1297 459 1342 notavit,
487 1295 601 1334 solere
626 1290 884 1341 manus‘tangi
904 1290 999 1329 inter
1021 1288 1345 1334 concertationes}

289 1348 421 1396 quibus
451 1346 661 1397 sponfiones
698 1353 794 1382 ratae
823 1341 894 1381 effe
923 1342 1143 1380 indicantur.
1170 1348 1211 1379 ut
1239 1342 1278 1379 &
1306 1340 1345 1377 in

287 1400 367 1436 aliis
388 1398 548 1442 affitibus,
576 1396 707 1446 quibus
736 1395 824 1433 fides
852 1393 1167 1442 interponebatur.
1193 1392 1242 1430 ita
1263 1392 1345 1430 Te-

289 1459 384 1488 rent.
404 1451 539 1488 Heaut.
560 1461 622 1485 111.
651 1460 683 1485 1.
707 1447 783 1483 cedo
803 1446 979 1483 dextram.
1007 1444 1057 1483 fic
1075 1444 1240 1482 dextram
1262 1453 1346 1481 tan-

286 1515 363 1550 gere
394 1501 523 1551 Vir-gil.
554 1512 631 1538 vir.
657 1499 742 1536 266.
770 1499 809 1536 in
843 1496 996 1535 foedere
1026 1495 1199 1535 faciendo
1229 1496 1268 1534 ὃς
1296 1496 1346 1533 ita

288 1553 427 1602 passim.
456 1563 569 1602 quare
594 1550 691 1589 male
713 1550 896 1599 tangitque
916 1561 1029 1586 manu
1055 1546 1208 1597 quidam
1228 1546 1348 1595 scripti

293 1606 334 1641 &
355 1604 469 1649 editi,
487 1602 591 1652 quod
605 1603 713 1641 aliam
741 1601 961 1639 sententiam
982 1599 1156 1637 efficeret.
1178 1597 1282 1648 poscit
1303 1598 1349 1634 li-

289 1655 420 1692 bellum
442 1656 589 1704 explico
609 1653 813 1703 sponsionis
833 1651 1120 1701 chirographum
1133 1677 1144 1695 ,
1173 1661 1253 1699 quo
1272 1649 1349 1687 for-

292 1707 393 1744 mula
421 1706 624 1756 sponsionis
652 1705 786 1753 scripto
814 1703 1094 1752 confignabatur
1119 1728 1131 1746 ‚
1167 1709 1210 1739 ut
1230 1713 1277 1739 ex
1299 1712 1347 1738 eo

255 1794 261 1796 i
290 1759 351 1807 agi
372 1758 506 1795 deinde
527 1755 656 1806 posset.
683 1756 784 1795 idem
814 1755 863 1793 est
893 1755 978 1794 infr.
1005 1754 1092 1803 428.
1117 1752 1222 1791 litera
1237 1752 1349 1803 posce-

294 1820 365 1846 tur.
394 1808 659 1847 BuRMANNus.

350 1872 432 1907 170.
462 1866 507 1896 Et
531 1870 614 1909 pars
630 1859 776 1909 speelati
802 1856 963 1895 vulneris
979 1857 1045 1907 ipse
1061 1854 1178 1906 fuit.]
1210 1855 1350 1905 Regius

295 1912 335 1949 δε
367 1911 594 1949 Oxoniensis
624 1923 710 1948 cum
744 1911 934 1958 Excerptis
964 1909 1198 1958 Scaligeriac
1217 1908 1351 1946 Putea-

294 1964 334 2001 ni
356 1991 366 2006 ,
395 1962 541 2012 speoiati
568 1962 735 1999 muneris.
772 1961 917 2010 egregie
940 1988 960 2005 ,γ
987 1969 1028 1998 ut
1052 1961 1130 2009 jam
1154 1961 1289 1997 monui
1306 1959 1354 1997 ad

295 2014 545 2052 Claudianum
568 2042 577 2058 ,
605 2014 665 2052 lib.
694 2025 740 2050 11.
768 2015 806 2050 in
837 2011 961 2049 Rufin.
986 2011 1043 2055 J'Js.
1072 2011 1154 2060 396.
1183 2010 1355 2060 intelligit

296 2066 400 2155 enilm
421 2078 555 2103 munus
575 2065 848 2116 gladiatorium.
876 2062 924 2101 sle
935 2062 1088 2113 specflare
1106 2074 1236 2100 munus
1251 2062 1356 2101 Mar-

298 2126 350 2155 tia
369 2131 379 2155 i
401 2130 452 2155 iv.
476 2130 519 2154 2...

350 2167 528 2218 speetahat
550 2168 648 2204 modo
658 2166 752 2217 solus
769 2166 861 2204 inter
882 2179 1031 2212 omnes,

351 2220 472 2268 Nigris
489 2233 619 2256 munus
639 2219 807 2255 Horatius
824 2218 982 2255 lacernis.

300 2273 455 2320 Spelffare
483 2284 632 2307 manera
661 2270 840 2319 Apulejus
872 2280 1026 2318 quoque
1054 2267 1146 2306 dixit
1167 2268 1303 2308 Florid.
1325 2280 1358 2307 1.

300 2323 463 2360 occurrit
486 2333 527 2360 ea
553 2334 630 2359 vox
650 2322 720 2359 hac
739 2320 1007 2370 significatione
1029 2320 1242 2369 frequenter
1260 2320 1359 2370 apud

300 2374 509 2423 Apulejum
533 2373 708 2411 eundem.
734 2373 796 2409 lib.
817 2384 870 2409 1v.
899 2371 996 2408 Met.
1022 2371 1085 2409 ubi
1110 2371 1360 2410 Democharis

301 2434 517 2473 apparatum
556 2423 798 2462 Theatralem
830 2422 1010 2460 describit.
1055 2423 1094 2460 ὃς
1133 2424 1196 2461 lib.
1227 2436 1263 2460 x.
1298 2423 1362 2461 ubi

304 2475 449 2525 Thyasi
479 2475 659 2525 impensas
686 2473 849 2513 recenset
867 2473 1022 2513 similes.
1039 2474 1138 2522 apud
1161 2475 1362 2513 Manilium

304 2528 364 2565 hb.
390 2540 443 2564 iv.
470 2539 555 2575 225.

362 2585 467 2615 Nunc
486 2589 586 2629 caput
605 2579 643 2615 in
663 2588 809 2615 mortem
829 2577 992 2624 vendunt
1012 2586 1056 2616 (9⁸
1073 2590 1203 2615 munus
1222 2591 1362 2616 arenae.

309 2629 369 2666 Sic
400 2631 502 2667 enim
539 2630 655 2668 scribo
677 2643 686 2667 ε
723 2641 913 2678 perperam
942 2629 1059 2673 sunus
1094 2629 1365 2667 circumfertur.

309 2681 388 2717 Cur
414 2690 539 2718 autem
573 2694 720 2718 munera
743 2681 839 2719 dicta
862 2708 873 2725 ,
892 2679 1036 2718 causam
1069 2680 1187 2718 adfert
1216 2681 1363 2719 Servius

310 2730 372 2768 lib.
405 2743 466 2767 111.
498 2732 657 2771 Aeneid.
689 2733 748 2770 66.
776 2732 885 2781 Apud
914 2740 1043 2768 veteres
1074 2730 1183 2768 etiam
1211 2730 1364 2768 homines

313 2781 632 2828 interficiebantur,
654 2784 716 2831 sed
746 2794 882 2820 mortuo
907 2781 1022 2828 Junio
1046 2788 1152 2818 Bruto
1174 2795 1252 2819 cum
1271 2782 1366 2820 mul-

314 2843 371 2868 tae
396 2843 508 2881 gentes
535 2834 581 2869 ad
603 2836 674 2881 ejus
686 2838 799 2879 fimus
820 2835 973 2883 captivos
991 2831 1151 2882 mififfl’nt
1167 2861 1177 2876 ‚
1207 2842 1303 2883 nepos
1321 2833 1368 2870 il-

318 2883 384 2920 lius
406 2898 477 2926 eos,
507 2885 566 2933 qui
595 2884 681 2931 miffi
700 2896 824 2929 erant,
852 2888 944 2921 inter
962 2885 1000 2933 sc
1030 2884 1233 2934 composuit,
1261 2883 1367 2934 &sic

312 2944 561 2983 pugnaverunt
576 2951 585 2969 :
616 2947 659 2974 ω’
677 2938 766 2984 quod
786 2937 922 2973 muneri
941 2934 1029 2983 mzffi
1045 2946 1146 2972 erant
1160 2965 1169 2981 ‚
1190 2936 1272 2972 inde
1289 2950 1368 2973 mu-

319 2999 384 3022 nus
405 2985 625 3036 appellatam.
655 2987 881 3035 Quanquam
904 2998 1038 3023 munus
1060 2996 1251 3031 vocatum,
1265 2988 1370 3036 quic-

319 3037 411 3086 quid
437 3036 630 3085 speci-acuti
663 3046 724 3073 aut
759 3039 793 3074 in
826 3037 974 3073 theatris
1003 3044 1064 3072 aut
1086 3037 1123 3072 in
1145 3039 1246 3073 circis
1266 3039 1372 3074 exhi-

320 3089 478 3126 beretur.
506 3087 599 3124 Circi
622 3101 751 3123 munus
779 3087 872 3125 dixit
893 3086 1027 3124 Noster
1044 3085 1104 3123 lib.
1124 3097 1159 3123 v.
1180 3086 1372 3124 Fastorum

325 3151 409 3189 ³⁴90·
438 3140 653 3176 HEINSIUS.

380 3202 461 3237 172.
486 3188 642 3239 Persidas
668 3189 801 3226 indixit
830 3188 1069 3239 Cecropiasque
1090 3186 1220 3237 rate5.]
1252 3193 1374 3225 Cecro-

316 3242 482 3293 pictasque
502 3242 582 3290 lege
603 3253 687 3279 curn
709 3242 825 3290 prima
845 3241 1009 3278 editione
1029 3240 1207 3277 &multis
1225 3239 1373 3287 scriptis.

320 3293 484 3334 Schedae
509 3293 743 3333 oxonienses
765 3322 776 3339 ,
813 3291 1082 3342 Cecropetasque.
1109 3290 1157 3333 sic
1186 3291 1373 3342 Dardani-7

652 1070 920 1144 Signaque
946 1066 1240 1123 barbaricas
1266 1081 1380 1119 non
1406 1063 1544 1121 bene
1571 1064 1710 1139 passa
1732 1082 1935 1121 manus,

2296 1137 2463 1195 Ultor·

1401 1289 1460 1328 des
1487 1299 1581 1328 rates
1611 1301 1656 1328 ex
1689 1291 1806 1330 veteri
1837 1288 1955 1336 libro,
1985 1289 2025 1328 ἃ
2047 1288 2229 1340 Argolides
2244 1297 2364 1339 pteppes
2383 1289 2468 1327 R&v
2532 1271 2533 1275 Ἰ

1401 1341 1535 1380 mediis
1556 1342 1723 1380 Amoris.
1751 1344 1790 1380 &
1812 1342 2062 1379 Paraetonides
2090 1352 2183 1379 rates
2201 1342 2261 1379 lib.
2282 1341 2375 1379 infra
2397 1352 2462 1380 nr.
2532 1375 2533 1380 ,

1401 1393 1442 1431 &
1471 1393 1698 1431 Dardanides
1729 1394 1836 1442 pinus
1873 1393 1935 1431 lib.
1976 1406 2005 1431 1.
2035 1393 2128 1432 Fast.
2162 1395 2201 1430 &
2231 1391 2467 1429 Haemonides<

1402 1457 1515 1494 aquae
1548 1457 1595 1483 ex
1629 1446 1747 1483 veteri
1787 1446 1881 1483 libro
1923 1444 2013 1483 Fast.
2047 1458 2096 1483 11.
2132 1443 2319 1492 Bistonides
2348 1455 2472 1494 aquae>
2532 1450 2535 1478 ἱ

1403 1495 1516 1534 Trist.
1541 1508 1572 1534 1.
1596 1497 1701 1546 Eleg.
1723 1509 1776 1534 1x.
1794 1496 1926 1535 itidem
1950 1509 1995 1534 ex
2017 1497 2134 1534 veteri
2156 1494 2300 1533 codice.
2327 1492 2461 1543 Pegasi-

1404 1547 1462 1584 des
1483 1547 1599 1584 undae
1629 1548 1740 1585 Trist.
1768 1561 1831 1586 111.
1856 1547 1959 1597 Eleg.
1979 1560 2052 1585 vii.
2071 1546 2176 1597 quod
2196 1547 2292 1584 male
2314 1553 2469 1584 mutant

1402 1599 1483 1637 libri
1511 1608 1666 1637 veteres.
1691 1598 1797 1636 Plura
1828 1597 1850 1635 a
1878 1611 1939 1635 me
1968 1600 2076 1648 hujus
2106 1599 2250 1648 generis
2270 1597 2472 1635 observata.

1405 1650 1452 1689 ad
1475 1650 1587 1700 Epist.
1610 1663 1663 1688 ix.
1682 1649 1740 1694 ybs.
1760 1660 1820 1699 73.
1840 1649 1959 1688 IDEM.
2534 1683 2535 1686 ,

1462 1713 1545 1752 173.
1573 1701 1634 1740 Ab
1665 1711 1810 1751 utroque
1833 1700 1969 1751 mari.]
2001 1700 2184 1739 Orientali
2208 1700 2247 1738 ὃς
2271 1698 2473 1737 Occidere·-

1405 1754 1468 1792 tali
1489 1754 1647 1804 explicat
1668 1752 1816 1791 Merula
1830 1781 1841 1798 ‚
1868 1762 1910 1791 ut
1930 1752 2035 1803 saepe
2058 1753 2209 1790 Poetae.
2237 1751 2311 1789 vid.
2331 1748 2471 1788 Paffer..

1406 1805 1453 1844 ad
1473 1806 1581 1855 Prop.
1604 1818 1668 1843 111.
1691 1817 1745 1842 rx.
1761 1816 1843 1854 pag.
1865 1804 1950 1851 461.
1977 1804 2162 1854 Crispinus
2194 1802 2240 1841 de
2266 1803 2399 1851 supero
2421 1803 2462 1839 &
2534 1793 2553 1837 ³,

1407 1857 1528 1895 infero
1558 1858 1675 1906 capit.
1708 1856 1881 1894 meliores
1915 1857 2131 1905 interpretes
2160 1855 2315 1892 secutus,
2350 1853 2411 1892 vel
2438 1851 2474 1891 fi÷
2534 1855 2535 1858 ’

1406 1909 1512 1948 latius
1530 1908 1730 1947 extendere
1751 1908 1891 1957 placet,
1919 1907 1964 1944 ab
1984 1909 2131 1945 interno
2152 1905 2226 1944 five
2248 1904 2478 1943 Mediterra‹

1409 1972 1484 1999 neo
1499 1989 1511 2006 ‚
1526 1961 1565 1998 δε
1585 1961 1744 1998 Oceano
1762 1957 1879 2008 posset
1901 1958 2068 2009 intelligi.
2090 1958 2149 1996 sed
2168 1958 2333 2007 priorem
2354 1957 2477 2003 interss

1410 2013 1661 2062 pretationem
1683 2012 1864 2060 praefero.

1467 2064 1547 2109 176.
1575 2062 1672 2100 Eheu
1698 2075 1808 2114 quam
1838 2060 1994 2111 multa]
2027 2068 2103 2098 Heu
2132 2059 2224 2098 mihi
2250 2072 2358 2112 quam
2380 2059 2473 2098 Berss

1412 2114 1532 2153 nensis
1565 2126 1672 2153 unus.
1738 2114 1804 2150 Hei
1831 2112 1921 2151 mihi
1951 2114 2077 2152 Editio
2106 2113 2225 2161 prima
2256 2113 2295 2150 &
2323 2123 2476 2150 novemb

1412 2167 1545 2215 scripti.

1470 2229 1550 2264 177.
1578 2221 1662 2253 Ecce
1678 2225 1785 2266 parat
1805 2217 1935 2266 Caesar
1949 2243 1962 2262 ‚
1986 2215 2115 2252 domito
2135 2214 2226 2265 quod
2243 2213 2354 2262 defuit
2374 2212 2447 2250 orbi
2457 2213 2483 2259 ,ἶ
2534 2249 2536 2255 ,

1415 2268 1518 2318 eya]
1550 2269 1610 2306 De
1640 2267 1735 2317 Cajo
1763 2269 1900 2317 magis,
1929 2266 2044 2317 quam
2071 2267 2118 2304 de
2148 2267 2307 2304 Tiberio
2334 2265 2469 2303 intelli-

1416 2320 1580 2370 gendum
1612 2320 1686 2357 hoc
1713 2319 1801 2356 loco
1833 2320 1872 2355 ὃς
1894 2317 2126 2368 sequentibus
2154 2317 2329 2356 videtur:
2358 2327 2469 2366 prop-
2534 2319 2535 2324 ’

1417 2381 1516 2410 terea
1538 2369 1642 2421 quod
1664 2370 1837 2408 Tiberius
1852 2398 1862 2414 ‚
1886 2370 2009 2407 Lucio
2029 2370 2066 2406 ὃς
2086 2368 2182 2417 Cajo
2197 2369 2277 2417 jam
2299 2368 2484 2413 mortuis„

1417 2423 1454 2460 in
1479 2423 1675 2460 Caesarum
1706 2421 1886 2459 familiam
1916 2420 2109 2469 adoptatus
2132 2420 2284 2457 demum
2309 2420 2400 2457 fuit:
2429 2426 2470 2456 ut

1417 2486 1482 2523 per
1511 2473 1548 2512 id
1577 2483 1748 2522 tempus,
1777 2472 1929 2522 quando
1955 2472 2027 2520 ipse
2044 2472 2082 2508 in
2103 2471 2323 2508 Armeniam
2345 2470 2480 2519 profe*
2539 2495 2541 2497 »

1418 2525 1497 2563 <stus
1517 2525 1588 2570 est,
1604 2525 1642 2563 id
1661 2523 1765 2574 quod
1783 2522 1897 2573 longe
1917 2532 2003 2561 ante
2034 2530 2198 2560 mortem
2227 2522 2309 2571 Caji
2330 2522 2368 2558 &
2391 2522 2480 2558 Lu-
2546 2558 2553 2570 ¹

1419 2577 1465 2614 cii
1503 2576 1644 2615 saecum
1681 2576 1730 2614 est
1751 2604 1761 2619 ‚
1809 2577 1940 2623 Caesar
1976 2574 2049 2612 dici
2088 2573 2259 2611 nondum
2298 2572 2486 2620 potuerit..

1418 2628 1591 2673 Deinde,
1614 2626 1719 2678 quod
1741 2628 1779 2665 ὃς
1798 2638 1955 2676 puerum
1973 2633 2086 2663 vocat
2103 2639 2111 2663 :
2130 2637 2208 2674 quo
2225 2624 2382 2662 nomine
2400 2624 2482 2661 imo-

1420 2679 1557 2717 meriti)
1570 2708 1580 2724 ‚
1610 2688 1649 2717 ut
1666 2687 1758 2728 puto
1774 2706 1784 2722 ,
1806 2677 1978 2716 Tiberius
1998 2685 2214 2720 vocaretur,
2235 2675 2300 2724 qui
2315 2675 2394 2725 jam
2415 2674 2472 2712 su-

1419 2743 1484 2780 pra
1503 2731 1636 2780 viginti
1665 2730 1790 2768 aetatis
1811 2740 1927 2767 annos
1945 2728 2188 2777 impleverat,
2217 2737 2302 2764 cum
2324 2725 2482 2775 expedi-r

1420 2783 1476 2820 tio
1512 2781 1657 2831 Syriaca
1686 2781 1932 2831 susciperetur.
1968 2778 2085 2817 Porro
2114 2778 2251 2815 eodem
2283 2789 2405 2822 anno,
2431 2783 2477 2815 ut*

1421 2832 1574 2882 quidam
1601 2833 1806 2875 tradidere,
1833 2840 1939 2870 natus
1971 2831 2041 2868 fuit
2072 2830 2269 2873 Tiberius,
2295 2841 2372 2878 quo
2400 2827 2471 2877 ipse

1425 2883 1608 2922 Ovidius:
1637 2892 1699 2922 aut
1718 2896 1796 2921 uno
1812 2892 1958 2921 tantum
1978 2881 2179 2931 posteriore
2194 2909 2204 2925 ,
2231 2889 2361 2918 autore
2384 2879 2472 2917 Sue-

1422 2936 1545 2973 tonio.
1574 2934 1764 2973 Postremo
1793 2936 1832 2972 &
1852 2934 1941 2972 illud
1957 2941 2136 2980 repugnat
2150 2960 2161 2977 ,
2189 2944 2266 2981 quo
2288 2932 2408 2969 minus
2428 2929 2472 2968 de

1425 2987 1584 3024 Tiberio
1612 2987 1712 3024 hunc
1740 2987 1867 3023 locum
1899 2983 2143 3031 accipiamus,
2170 2982 2273 3033 quod
2295 2983 2469 3031 sequitur:

1427 3043 1519 3073 Cum
1551 3036 1616 3072 tibi
1639 3035 1712 3084 fiat
1733 3036 1868 3081 fratres
1886 3062 1896 3078 ,
1925 3046 1997 3074 wc.
2036 3034 2171 3083 Neque
2199 3034 2300 3071 enim
2327 3035 2471 3071 fratrem

1425 3087 1610 3135 aliquem,
1638 3094 1894 3135 praeterquam
1913 3097 2029 3123 unum
2051 3085 2212 3122 Drusum
2225 3113 2235 3129 ‚
2263 3084 2387 3122 habuit
2405 3082 2474 3120 Ti-

1427 3137 1546 3174 berius
1560 3164 1570 3181 ,
1598 3138 1663 3186 qui
1686 3138 1723 3174 in
1744 3138 1938 3175 Germanis
1961 3136 2081 3186 periit.
2107 3137 2160 3173 At
2180 3136 2290 3186 Cajus
2312 3135 2470 3173 Lucium

1430 3188 1469 3225 &
1500 3189 1702 3237 Agrippam
1730 3189 1878 3226 habuit:
1908 3189 1953 3226 de
1977 3188 2107 3237 quibus
2136 3187 2280 3226 Merula
2299 3187 2336 3224 in
2356 3186 2472 3223 Com·

1429 3241 1629 3277 mentariis.
1657 3240 1814 3277 Accedit
1834 3241 1908 3278 huc
1931 3241 1970 3277 8<
1992 3239 2152 3276 Senecae
2171 3237 2388 3277 authoritas,
2410 3234 2487 3283 qui

1428 3291 1634 3341 principem
1656 3291 1863 3341 Juventutis
1903 3291 2038 3340 Cajum
2069 3298 2208 3336 vocat,
2246 3285 2347 3338 quod
2372 3284 2474 3374 ideg}
