2553 3676
484 178 1317 247 MEDmAMINA
1390 179 1842 259 FACIEL'
2128 206 2218 256 '⁷71

293 264 299 268 ’
371 279 473 345 Et,
512 297 648 353 quae
672 277 840 356 prima
865 268 1064 324 cadunt
1086 271 1258 325 vivaci
1284 289 1482 328 cornua
1507 289 1700 336 cerVO,

261 356 329 410 60

440 353 710 408 Contere:
749 363 806 400 in
829 343 960 397 haec
984 341 1139 396 solidi
1163 341 1307 396 sexta
1330 345 1445 400 face
1470 345 1585 401 assis
1607 358 1709 400 eat.

363 426 591 499 Jamque
615 421 705 475 ubi
726 417 1007 491 pulvereae
1031 413 1230 469 fuerint
1256 416 1471 471 confusa
1495 420 1691 474 farinae
1707 424 1731 484 ,’

445 495 696 553 Protinus
719 492 776 546 in
801 488 987 545 cribris
1011 488 1190 543 omnia
1212 505 1374 542 cerne
1401 491 1553 543 cavis.

371 569 565 640 Adjice
590 564 816 621 Narciffi
838 563 916 617 bis
940 562 1031 618 sex
1056 560 1163 616 sine
1188 561 1391 615 cortice
1417 560 1604 616 bulbos
1622 606 1636 624 ,

439 643 664 695 Strenua
688 655 823 712 quos
849 654 986 709 puro
1013 652 1283 690 marmore
1309 634 1497 688 dextra
1524 646 1686 688 terat:

256 718 324 786 65
363 715 786 785 Sextantemque
812 709 981 764 trahat
1006 708 1213 780 gummi
1236 726 1361 762 cum
1385 707 1583 762 semine
1608 706 1847 763 ThuscO.

432 787 566 843 Huc
593 801 777 840 novies
802 795 952 836 tanto
975 780 1213 853 plusftibi
1235 780 1402 835 mellis
1428 793 1527 834 eat.
1785 792 1788 795 ’

362 863 756 935 Quaecumque
783 855 995 910 adficiet
1019 853 1110 908 tali
1135 853 1492 908 medicamine
1516 851 1756 914 vultum;

436 932 686 1005 Fulgebit
710 930 925 1003 speculo
950 927 1119 982 levior
1141 925 1249 998 ipsa
1275 926 1385 980 suo.

366 1008 487 1064 Nec
512 1020 572 1060 tu
593 1005 847 1077 pallentes
873 1000 1058 1056 dubita
1081 1012 1289 1054 torrere
1318 998 1548 1071 lupinOS,

259 1100 330 1150 70

72 1272 174 1311 idem
196 1272 260 1321 qui
280 1270 442 1319 &solida
459 1269 551 1307 libra
569 1268 740 1317 antiquis.
792 1266 1005 1304 Hsmsxus:
1118 1314 1121 1316 -

123 1325 183 1361 61.
210 1330 373 1372 Namque
391 1321 485 1369 ubi]
517 1321 559 1357 In
580 1318 786 1362 nonnullis,
808 1317 979 1366 jamque,
995 1313 1123 1352 &for-

69 1372 154 1411 taffe
176 1373 319 1411 reffius.
355 1373 612 1409 NAUGERIUS.
649 1382 695 1407 ex
722 1367 971 1416 manuscriptis
994 1377 1124 1403 exem-

70 1425 226 1474 plaribus
244 1422 442 1472 legendum
459 1450 469 1464 ‚
491 1423 648 1470 jamque.
673 1420 852 1457 Mffizms.
888 1419 967 1455 imo
983 1445 993 1461 ,
1022 1417 1121 1465 jarn-

71 1489 147 1524 que.
175 1475 281 1513 DAN.
310 1475 454 1510 HEth.
474 1473 635 1522 Jamque
656 1472 773 1520 prima
795 1470 909 1507 editio
928 1469 967 1505 &
988 1468 1121 1516 scripti.

71 1527 271 1574 quomodo
303 1525 443 1562 Marius
468 1535 622 1572 quoque
641 1523 756 1571 Niger
775 1522 813 1559 ἐξ
838 1520 1044 1568 Naugerius
1073 1530 1118 1555 ex

72 1577 141 1614 suis
162 1584 396 1614 annotarunt.
449 1575 661 1611 Heiusms.

86 1660 88 1662 ,
122 1628 182 1665 62.
214 1634 254 1664 In
272 1625 425 1663 numeris
444 1625 562 1661 omnia
583 1621 800 1672 cernesuis]
832 1623 889 1659 Sic
911 1619 1062 1671 quidem
1079 1620 1118 1657 in

71 1678 244 1716 omnibus
262 1677 381 1715 adhuc
400 1676 574 1724 impressis
596 1675 860 1722 exemplaribus
880 1672 1032 1720 legitur:
1060 1670 1122 1708 sed

71 1729 191 1766 nullus
221 1729 353 1766 decens
383 1727 499 1764 sensus
532 1739 577 1763 ex
608 1727 676 1763 hac
704 1724 865 1762 leff'tione
883 1724 964 1760 elici
992 1721 1121 1770 potest.

74 1780 295 1827 Legendum
318 1780 425 1828 igitur
448 1778 496 1815 est
514 1789 559 1814 ex
581 1776 913 1824 manuscriptorum
931 1773 1120 1820 exempla-

71 1831 168 1868 num
197 1831 412 1872 autoritate,
452 1827 614 1865 Protinus
643 1827 682 1864 in
710 1825 851 1864 mundis
881 1826 998 1861 omnia
1025 1837 1120 1860 cerne

73 1882 181 1920 cavis.
234 1879 441 1928 Purganda,
473 1880 618 1928 inquit,
658 1878 751 1915 haec
783 1877 849 1914 tibi
877 1876 959 1913 sunt
987 1875 1120 1912 cribris.

72 1932 156 1970 Nec
179 1932 272 1969 mibi
288 1931 513 1979 displiceret,
541 1929 567 1966 fi
584 1941 651 1978 pro
673 1935 714 1965 In
733 1927 873 1966 mundis
887 1954 898 1970 ,
924 1938 1020 1976 quae
1040 1926 1121 1963 sunt

71 1982 149 2020 duo
178 1983 308 2026 verba,
349 1983 484 2030 legeres
509 2009 519 2025 ‚
549 1979 766 2023 Innumeris,
795 1978 831 2016 id
862 1978 934 2022 est,
962 1976 1122 2015 denfiffi-

71 2034 164 2076 mis,
192 2033 414 2076 arfflffimis,
448 2031 712 2080 angustissimis.
766 2029 865 2066 Nam
898 2029 937 2065 &
971 2028 1121 2066 inferius

69 2084 141 2128 ait,
171 2083 533 2132 Perdensafhramina
549 2095 653 2120 cerne.
681 2081 853 2118 Manius.
882 2078 1120 2128 Legendum,

69 2135 236 2172 Protinus
262 2134 453 2171 innumeris
492 2133 610 2171 omnia
646 2145 741 2169 cerne
783 2130 892 2168 cavis.
945 2130 1120 2178 Intelligit

72 2187 174 2224 enim
197 2186 353 2224 cribrum
369 2213 378 2229 ‚
409 2185 510 2233 cujus
530 2196 638 2228 cava,
666 2185 740 2220 hoc
759 2182 809 2219 est
826 2182 1009 2219 foramina
1023 2209 1032 2224 ‚
1062 2182 1120 2218 in-

71 2236 173 2274 finita
204 2235 295 2274 sunt.
351 2236 529 2273 Micrir„
583 2235 746 2272 Protinus
764 2233 803 2270 in
821 2232 975 2269 numeris
999 2232 1118 2269 onznia

69 2299 166 2323 cerne
181 2288 280 2333 suis,
314 2287 446 2335 legitur
475 2287 512 2323 in
535 2286 708 2323 omnibus
734 2283 885 2322 excusis.
911 2283 1118 2332 depravate.

74 2335 120 2373 In
137 2337 270 2385 scriptis
291 2347 414 2375 autem
429 2366 438 2382 ,
451 2337 643 2374 innumeris
661 2336 778 2373 omnia
801 2348 896 2372 cerne
913 2334 1021 2371 cavis.
1040 2334 1120 2371 Ve-

75 2397 137 2424 re:
167 2395 206 2424 ut
225 2387 266 2424 sit
287 2388 417 2424 setacei
436 2388 541 2424 cribri
561 2386 795 2435 periphrasis,
823 2385 925 2434 quod
947 2386 1121 2423 innume-

74 2437 199 2475 rabilia
218 2437 327 2474 habet
351 2437 544 2473 foramina.
596 2437 675 2473 Aut
691 2438 774 2484 lege
795 2436 1010 2473 auetoritate
1030 2436 1122 2474 alio-

73 2499 157 2525 rum
182 2495 255 2524 vet.
283 2487 571 2535 exemplarium,
599 2486 728 2534 quibus
749 2486 783 2523 se
802 2486 906 2523 usum
937 2484 1008 2524 effe
1029 2486 1124 2524 ¹affir-

75 2546 153 2576 mat
175 2538 399 2575 Doniinicus
418 2537 557 2574 Marius
577 2537 692 2585 Niger
705 2565 714 2581 ,
731 2537 851 2574 homo
869 2536 1094 2574 doffiffimus
1108 2564 1118 2581 ,

78 2588 240 2625 Protinus
259 2589 297 2625 in
319 2589 461 2625 mundis
479 2587 598 2625 omnia
629 2601 722 2624 cerne
752 2588 861 2626 cavis.
917 2588 957 2625 ld
977 2588 1026 2625 est
1042 2615 1053 2632 ,
1080 2595 1121 2625 ut

76 2637 151 2686 ipse
160 2638 336 2688 loquitur,
347 2638 530 2688 purganda
541 2639 632 2676 haec
641 2639 707 2676 tibi
716 2639 734 2676 s
731 2646 796 2676 unt
809 2638 939 2676 cribris.
951 2638 1122 2677 CiorAN.

79 2694 123 2725 In
145 2690 308 2734 mundis,
340 2691 430 2739 legit
461 2690 650 2727 Domitius
678 2690 816 2727 Marius
839 2690 955 2738 Niger
984 2701 1028 2726 ex
1055 2690 1123 2727 suis

77 2738 199 2784 libris,
225 2740 285 2778 vel
309 2740 512 2778 innumeris.
539 2740 645 2790 quod
672 2742 711 2778 &
740 2741 800 2778 alii
828 2740 939 2778 secuti
967 2740 1058 2777 sunt.
1086 2739 1126 2776 in

81 2790 233 2827 numeris
251 2791 346 2828 cavis
368 2792 484 2841 scripti
495 2793 607 2829 nostri
625 2804 709 2830 cum
722 2790 838 2839 prim-fi
848 2791 1011 2828 editione
1023 2802 1126 2839 prae-

81 2848 136 2878 ter
165 2841 279 2886 duos,
315 2844 404 2892 qui,
431 2844 468 2879 in
499 2843 652 2879 numeris
664 2842 750 2892 suis.
777 2842 816 2879 in
841 2842 994 2879 numeris
1023 2840 1123 2879 conde

81 2891 201 2935 cavis,
230 2893 504 2940 Neapolitanus.
562 2894 692 2943 Lego:

311 2963 353 2993 In
373 2957 491 2995 cribris
509 2959 626 2996 omnia
646 2972 740 2996 cerne
759 2957 866 2995 cavis.

80 3019 138 3060 Ita
155 3019 291 3058 medici
312 3019 436 3067 paffim
457 3019 668 3068 loquuntur.
705 3021 837 3059 Noster
857 3021 969 3058 instat

260 3093 326 3123 Per
344 3085 447 3134 densa
456 3083 640 3132 foramina
661 3099 765 3125 terne.

83 3149 186 3189 Hinc
206 3151 402 3199 fimet-nere
431 3147 550 3185 cribris
581 3147 677 3196 apud
705 3149 866 3188 Plinium
888 3161 1061 3189 xv11.10.
1090 3149 1129 3187 δε

84 3201 203 3238 cribris
221 3202 390 3238 incernere
410 3199 504 3247 apud
524 3198 772 3237 Columellam
793 3201 855 3239 lib.
876 3201 955 3239 v.6.
984 3198 1129 3238 Hirrus.

81 3252 174 3290 Plin.
195 3264 324 3290 xxxvi.
351 3264 382 3297 ς.
418 3249 553 3285 Deinde
571 3248 666 3285 tenui
684 3248 790 3286 cribro
812 3251 986 3300 cernitur,
1015 3252 1123 3302 postea

83 3303 227 3342 molitur
240 3332 251 3351 ‚
279 3315 319 3340 ac
339 3300 459 3340 deinde
479 3300 615 3339 tenuius
638 3299 822 3353 cribratur.

439 1079 512 1135 Et
535 1078 686 1134 fimul
711 1076 957 1132 inflantes
981 1089 1211 1146 corpora
1234 1071 1369 1144 frige
1395 1071 1552 1127 sabas.

2066 1143 2220 1204 Ursa:

1230 1262 1289 1307 64.
1316 1267 1464 1299 Strenua
1482 1259 1607 1313 quan]
1622 1259 1844 1310 Legendum
1858 1260 1907 1299 est
1922 1259 2033 1307 ,iquos
2051 1259 2125 1299 scil.
2145 1261 2225 1306 hutz·

1178 1312 1246 1351 bos.
1273 1314 1446 1351 Manum.

1230 1365 1289 1411 64.
1320 1371 1410 1401 Puro
1428 1362 1646 1412 marmore]
1676 1362 1788 1400 Forte
1802 1391 1811 1407 ,
1831 1363 1956 1413 Pario,
1983 1363 2201 1402 Hemina*

1229 1415 1288 1463 65.
1317 1420 1429 1453 Terat.
1453 1415 1469 1466 ]
1525 1415 1676 1464 Legitur
1705 1415 1744 1451 in
1776 1414 2044 1463 exemplaribus
2084 1414 2223 1461 etiam,

1177 1465 1325 1510 trahat,
1353 1475 1394 1504 ut
1416 1467 1585 1504 inferius:

1174 1568 1207 1606 E
1228 1518 1333 1566 Qod
1351 1517 1474 1555 trahat
1493 1517 1532 1555 in
1547 1526 1664 1567 partes
1681 1515 1784 1554 uncia
1796 1515 1899 1564 sexta
1920 1516 2019 1553 duas.

1211 1577 1244 1606 t:

1225 1618 1435 1656 Ponderibus
1447 1619 1549 1669 justis
1558 1621 1622 1666 fac
1632 1617 1682 1668 fit
1700 1628 1887 1669 utrumque
1908 1618 2062 1656 trahens.

1175 1671 1358 1708 Manius.
1385 1675 1486 1706 Terat
1506 1671 1626 1719 scripti
1646 1670 1822 1718 plerique.
1849 1670 2113 1718 Neapolitanus
2128 1666 2227 1713 ,lbx'l

1177 1724 1356 1771 tante-sque
1376 1721 1511 1759 trahat.
1537 1722 1598 1759 alii
1611 1720 1708 1764 ἀυο,
1728 1721 1929 1768 sextantem
1948 1718 2097 1756 trahere.
2125 1717 2225 1757 fic&

1178 1784 1271 1810 mox
1298 1771 1355 1815 iris.
1384 1772 1442 1809 80.
1480 1773 1589 1821 lego,
1627 1771 1789 1810 trahant.
1826 1771 1924 1810 bulbi
1955 1781 2103 1819 nempe.
2137 1768 2225 1808 vide

1175 1835 1271 1873 quae
1292 1830 1387 1860 noto
1410 1835 1500 1860 mox
1519 1823 1577 1866 sss.
1599 1834 1661 1870 92.

1227 1874 1287 1922 65.
1315 1874 1501 1924 Gummi]
1531 1873 1641 1911 Casus
1664 1872 1713 1910 est
1732 1872 1862 1910 reeens.
1891 1871 1998 1910 Ordo
2020 1872 2121 1909 enim
2151 1870 2222 1909 esti

1177 1925 1323 1962 Gummi
1343 1938 1421 1962 cum
1441 1924 1573 1973 semine
1601 1924 1726 1969 Thusco
1752 1923 1876 1961 trahat
1897 1922 2109 1972 sextantem.
2149 1922 2224 1960 Hie

1174 1977 1223 2015 est
1241 1976 1495 2016 indeclinabile
1519 2004 1529 2021 ‚
1567 1976 1606 2013 0&
1631 1975 1773 2025 generis
1800 1975 1921 2012 neutri
1945 1974 2092 2022 gummi.
2147 1974 2224 2010 Co==

1171 2029 1320 2066 lumella
1341 2036 1466 2065 tamen
1487 2028 1548 2065 lib.
1572 2038 1629 2076 13.
1666 2025 1794 2074 Qalis
1812 2024 1855 2072 est
1871 2024 2025 2072 gummis
2046 2052 2056 2069 ,
2092 2024 2228 2073 inquit.

1175 2079 1235 2118 Est
1253 2087 1376 2117 autem
1398 2079 1557 2128 gummis
1579 2078 1769 2126 lachryma
1793 2076 1966 2114 arborum
1995 2075 2227 2123 conglutina-

1173 2138 1233 2175 ta,
1269 2138 1310 2168 ut
1329 2131 1479 2179 persici,
1508 2128 1643 2174 cerafi,
1684 2128 1722 2165 &
1740 2126 1927 2165 similium.
1981 2125 2226 2164 Scribendum

1172 2182 1318 2220 videtur
1349 2179 1486 2230 gummi
1529 2192 1594 2230 per
1645 2178 1781 2227 duplex
1823 2190 1909 2215 mm.
1956 2187 2043 2214 nam
2089 2176 2225 2214 Graeci

1174 2234 1285 2279 κὸμμι
1312 2232 1450 2270 dicunt.
1488 2231 1615 2270 Fiebat
1641 2231 1679 2268 in
1709 2229 1811 2267 Italia
1837 2228 1903 2278 (ut
1932 2227 1993 2266 lib.
2023 2237 2080 2275 [ς.
2115 2226 2228 2265 docet

1171 2285 1295 2331 Plin.)
1323 2284 1340 2320 e
1356 2283 1493 2331 gummi
1509 2283 1632 2320 oleum.
1685 2282 1858 2318 MARIUS.

1225 2335 1285 2384 65.
1312 2334 1484 2383 Semina]
1515 2334 1650 2370 Semen
1679 2332 1740 2369 hic
1767 2331 1956 2380 proprium
1980 2328 2028 2366 est
2046 2328 2226 2366 frumenti

1173 2397 1311 2436 genus,
1338 2396 1417 2422 non
1442 2384 1608 2423 dissimile
1632 2383 1735 2421 farri:
1763 2381 1867 2430 quod
1893 2382 1932 2417 δε
1955 2379 2074 2417 Zeam
2099 2378 2226 2430 appelf

1173 2438 1251 2475 lant
1270 2464 1281 2481 ‚
1320 2447 1365 2473 ex
1390 2448 1468 2486 quo
1496 2436 1587 2475 alica
1605 2434 1714 2472 fiebat
1731 2459 1743 2478 ‚
1771 2440 1813 2469 ut
1830 2431 1941 2469 docet
1962 2430 2055 2468 Plin.
2075 2430 2138 2468 lib.
2164 2428 2224 2467 18:

1177 2488 1296 2526 IDEM.

1223 2538 1284 2586 ὂς.
1311 2535 1476 2586 Theium]
1508 2536 1607 2585 Quia
1626 2535 1664 2573 in
1686 2533 1850 2572 Thuscia
1879 2533 2066 2582 optimum
2099 2528 2228 2568 nasce-³

1173 2587 1290 2626 batur.
1343 2589 1440 2625 lvlihi
1462 2597 1588 2625 tamen
1616 2585 1731 2633 magis
1756 2585 1916 2634 placeret
1936 2612 1946 2628 ‚
1974 2583 2001 2620 fi
2020 2583 2226 2630 legeretur.

1176 2640 1261 2687 &Fufi7
1275 2667 1284 2683 ‚
1314 2637 1350 2676 id
1368 2638 1414 2675 est
1429 2666 1440 2683 ,
1467 2639 1555 2676 trito
1574 2639 1613 2675 in
1636 2636 1835 2674 mortario:
1863 2633 1924 2673 sed
1942 2633 2085 2672 nullum
2104 2631 2226 2670 habeo

1179 2689 1389 2739 exemplar,
1411 2690 1512 2737 cujus
1532 2688 1729 2727 autoritate
1748 2687 1852 2725 nitar.
1906 2685 2026 2723 IDEM.

1230 2741 1290 2778 66.
1318 2745 1364 2776 Et
1382 2738 1534 2789 novies]
1565 2737 1786 2786 Legendum
1809 2737 1880 2782 est,
1906 2744 1948 2773 ut
1969 2735 2006 2773 in
2027 2732 2228 2772 manuscrir!

1179 2793 1248 2842 ptis
1275 2791 1540 2839 exemplaribus
1569 2789 1724 2837 legitur,
1761 2794 1848 2825 Huc.
1880 2786 1920 2825 id
1948 2786 1996 2823 est
2017 2813 2028 2829 ‚
2057 2786 2103 2841 ‘in
2132 2785 2225 2820 haee

1180 2843 1308 2880 omnia
1337 2853 1430 2890 quae
1460 2841 1562 2890 supra
1589 2839 1901 2877 commemoravi.
1968 2843 2096 2873 Novtes
2125 2842 2225 2870 tanto

1171 2893 1273 2943 plus:
1303 2893 1376 2930 hoc
1395 2892 1443 2930 est
1457 2921 1468 2937 ,
1495 2903 1568 2930 una
1590 2891 1679 2929 libra
1698 2902 1783 2928 cuni
1808 2887 1984 2927 dimidia:
2021 2883 2123 2935 quod
2145 2882 2226 2919 effi-

1180 2946 1229 2983 cit
1246 2955 1385 2982 novem
1409 2944 1586 2981 sextantes
1602 2971 1612 2988 ‚
1640 2941 1678 2980 id
1697 2941 1764 2985 est,
1794 2940 1919 2979 uncias
1928 2938 2056 2977 deceni
2072 2936 2108 2971 &
2122 2932 2226 2970 odio.

1180 3001 1292 3032 Tanto
1306 3023 1316 3039 ‚
1342 2994 1475 3033 scilicet
1495 2995 1673 3032 sextante.
1702 2993 1802 3031 Nam
1821 2991 1959 3030 dixerat
1979 2985 2088 3035 paulo
2113 2991 2198 3021 ante
2211 3010 2224 3028 ,

1180 3052 1447 3096 Sextantemque
1466 3045 1599 3082 trahat.
1656 3044 1771 3082 IDEM.

1233 3100 1292 3143 67.
1318 3099 1554 3147 ‹Qaecunque
1567 3095 1741 3147 adficiet,]
1759 3093 1903 3146 Malim,
1916 3087 2056 3136 inficiet.
2073 3086 2226 3127 Histris.

1180 3147 1281 3185 Vide
1300 3148 1427 3185 locum
1447 3148 1610 3185 Petronii
1631 3159 1707 3194 cap.
1732 3156 1802 3182 cii.
1822 3142 1859 3178 in
1880 3136 2227 3196 initio-adducium.

1237 3198 1297 3245 69.
1324 3197 1526 3246 Praebere]
1555 3196 1751 3234 Rec‘tiusin
1770 3190 2015 3238 manuscriptis
2038 3187 2227 3235 exempla-

1179 3247 1275 3286 ribus
1292 3248 1447 3296 legitur,
1475 3248 1641 3284 Nudare:
1670 3246 1743 3281 hoc
1762 3243 1810 3279 est
1832 3240 1959 3290 (quod
1985 3240 2086 3285 supra
2106 3237 2227 3286 dixit)

1181 3310 1317 3339 exuere
1336 3299 1381 3338 de
1400 3299 1467 3338 suis
1487 3296 1719 3384 ῑεςιῃίηὼὲε.
1747 3289 2229 3340 i1AR1u5.-Q31dareestve-

1710 3356 1727 3384 e
1741 3355 1819 3383 ece
1849 3355 1868 3382 z
2195 3349 2235 3377 ra
