2553 3676
438 188 585 245 AD
657 180 1110 245 LIV‘IAM
1182 182 1893 247 AUGUSTAM„

2160 192 2253 262 819

275 299 298 347 3
311 295 372 347 35
411 277 697 349 Accipient
716 276 967 351 juvenem
993 268 1315 352 Germanica
1342 273 1484 344 figna
1509 272 1774 329 ferentem

485 349 728 403 Consulis
749 348 974 415 imperio
998 343 1450 416 conspicuumque
1473 345 1652 401 decuS.

413 420 849 488 Gaudebuntque
873 415 990 469 suae
1014 415 1209 468 merito
1233 418 1557 484 cognomine
1584 419 1788 488 gentis;

487 493 654 566 Quod
679 490 846 543 solum
874 487 1085 541 domito
1110 484 1280 540 victor
1304 486 1367 540 ab
1394 486 1542 541 hoste
1565 491 1701 543 tulit.

411 565 524 621 Vix
544 560 766 615 credent
792 574 998 615 tantum
1022 575 1203 614 rerum
1225 556 1416 630 cepiffe
1440 570 1522 611 tot
1546 577 1724 615 annos,

272 657 373 708 340

478 633 679 705 Magna
702 634 800 688 viri
826 634 990 687 latum
1014 648 1270 704 quaerere
1296 629 1429 684 facta
1454 631 1650 685 locum.

407 707 563 764 Haec
591 706 760 779 ipsum
782 705 1001 760 sublime
1028 705 1228 757 ferent:
1266 703 1395 757 haec
1412 743 1427 767 ‚
1452 704 1654 776 optima
1678 714 1876 766 mater,

482 778 794 833 Debuerant
819 776 984 831 lucius
1011 788 1284 829 attenuare
1311 787 1446 830 tuos.

413 851 630 907 Femina
654 851 814 920 digna
840 849 937 902 illis
954 889 968 910 ‚
1010 865 1145 920 quos
1170 865 1327 902 aurea
1351 848 1597 902 condidit
1622 861 1789 912 aetas,

483 923 817 994 Principibus
841 922 1001 983 natis,
1039 919 1284 992 principe
1309 919 1470 992 digna
1495 920 1628 974 viro.

272 1016 371 1068 345
411 995 561 1070 Quid
587 995 773 1050 deceat
799 993 958 1048 Drusi
983 1006 1210 1047 matrem
1226 1033 1241 1056 ,
1283 1006 1615 1065 matremque
1638 990 1898 1055 Neronis„

484 1068 735 1140 Adspice.
775 1084 884 1140 quo
910 1067 1114 1137 surga3‚
1158 1065 1396 1137 adspice,
1433 1075 1590 1119 mane
1615 1077 1753 1119 toro.

413 1141 540 1196 Non
564 1140 755 1195 eadem
781 1141 1075 1211 vulgusque
1102 1137 1327 1200 decent,
1367 1136 1422 1190 &
1450 1138 1646 1191 lumina
1670 1152 1865 1191 rerum

486 1213 579 1268 Est
603 1212 753 1285 quod
777 1209 1339 1283 praecipuumdebeat
1365 1208 1456 1262 ista
1482 1209 1689 1263 domus„²

411 1285 663 1357 Imposuit
688 1297 742 1337 te
767 1284 873 1336 alto
901 1282 1165 1344 Fortuna,
1203 1282 1492 1351 locumque
1519 1281 1657 1335 tueri

270 1376 371 1427 350

119 1570 217 1611 parte
239 1559 351 1596 editus
363 1563 560 1609 &praeceps
579 1586 587 1601 ‚
592 1567 706 1607 pauca
723 1555 944 1594 monimenta
963 1554 1161 1604 quaerebat.

121 1614 173 1648 ita
203 1609 277 1647 fine
304 1610 417 1647 dubio
446 1608 656 1658 legendum.
696 1608 813 1644 Cicer.
848 1619 874 1643 1.
904 1607 941 1643 in
968 1606 1075 1643 Verr.
1105 1618 1162 1643 1o.

123 1667 215 1708 Nego
234 1660 290 1709 effe
306 1661 497 1710 quidquam
523 1657 836 1704 distnmotestibus
851 1685 860 1701 ‚
896 1656 986 1705 quod
1011 1665 1074 1694 aut
1101 1669 1163 1691 ve-

118 1711 230 1757 strum
251 1711 397 1759 cuipiam
415 1709 487 1758 effi’t
503 1709 679 1757 obscurum
693 1736 703 1753 ,
731 1718 795 1744 aut
815 1707 1019 1756 cujusquam
1050 1715 1164 1742 orato-

122 1761 171 1797 ris
206 1761 434 1811 eloquentiam
477 1769 661 1809 quaereret.
700 1758 856 1796 Tertull.
879 1756 923 1794 de
947 1757 1064 1806 Iejun.
1084 1767 1161 1804 cap.

121 1824 195 1848 xxx.
237 1811 387 1857 Vestrum
405 1810 448 1858 est
471 1838 481 1855 ,
508 1811 546 1846 in
576 1808 762 1846 carceribus
775 1808 914 1858 popinas
943 1806 1162 1855 Martyribus

121 1860 277 1898 exhibere
294 1861 433 1898 incertis
446 1889 456 1906 ‚
482 1873 523 1896 ne
539 1859 812 1908 consuetudinem
833 1868 1014 1908 quaerant,
1040 1856 1162 1894 similis

120 1912 178 1949 illa
197 1912 339 1949 locutio
367 1913 427 1949 lib.
452 1924 493 1949 ιι.
525 1912 617 1947 Met.
637 1921 722 1959 239.
750 1909 903 1957 Qaerit
923 1907 1061 1944 Baeotia
1076 1908 1164 1943 Dir-

122 1975 193 1999 cen.
219 1970 257 1999 ut
281 1963 431 2010 quidam
452 1963 499 1999 ibi
519 1961 657 2009 legunt.
692 1960 754 1997 ubi
780 1959 878 1997 vide.
906 1958 1054 1996 credent
1074 1969 1162 2006 ergo

121 2012 180 2049 avi
212 2012 304 2049 faeta
334 2025 462 2061 magna
497 2012 646 2059 longam
668 2010 777 2048 etiam
800 2010 915 2046 vitam
956 2009 1164 2057 requirere,

123 2063 238 2100 latum
259 2063 408 2100 vivendi
428 2064 593 2111 spatium.
621 2069 662 2099 ut
679 2061 780 2099 idem
802 2059 898 2098 dicat
913 2087 924 2104 ‚
957 2060 1061 2109 quod
1090 2070 1164 2097 vir.

125 2113 282 2150 Metam.
302 2125 385 2159 447.

173 2164 210 2199 Si
227 2163 345 2200 titulos
364 2177 537 2213 annosque
550 2173 629 2203 >tuos
649 2174 829 2199 numerare
843 2159 1015 2206 velimus,

172 2216 279 2250 Faffla
291 2224 453 2263 premant
472 2227 589 2251 annos.
643 2213 904 2250 Rumpimus.

175 2276 258 2313 343.
285 2264 451 2301 Condidit
479 2263 613 2313 aetas.]
643 2264 755 2301 More
780 2262 869 2306 su0‚
906 2261 944 2299 id
972 2261 1020 2299 est
1040 2262 1164 2311 inepte

126 2316 165 2352 &
185 2315 287 2352 stulte
302 2341 312 2357 ,
341 2314 508 2352 Gorallus
529 2315 684 2362 explicat
699 2342 708 2357 ‚
737 2314 801 2362 qui
828 2312 966 2350 mortui
986 2324 1028 2350 ac
1049 2313 1164 2360 sepul-

124 2377 187 2402 cro
218 2364 352 2402 conditi
383 2364 444 2401 sub
473 2376 580 2400 aurea
608 2372 738 2401 aetate.
804 2364 906 2401 Itane
932 2374 1022 2400 vero
1046 2361 1060 2398 ?
1089 2371 1164 2400 tam

123 2414 312 2461 δυσφημεῖς
333 2415 449 2451 Poeta
468 2422 694 2461 compararet
714 2413 860 2451 Liviam
873 2413 1027 2460 sepultis.
1046 2414 1166 2451 immo

122 2477 217 2515 quos
235 2465 393 2502 seculum
410 2492 418 2507 ‚
448 2463 550 2512 quod
559 2475 710 2500 aureum
730 2470 867 2500 vocant
881 2490 890 2506 ,
918 2462 1089 2510 protulit,
1108 2464 1167 2501 vel

126 2520 192 2564 (ut
219 2515 394 2564 Micyllus
424 2514 566 2551 videtur
595 2512 738 2562 legisse,
774 2525 859 2562 quas
887 2525 992 2548 aurea
1015 2513 1168 2549 condidit

125 2567 242 2613 aetas)
278 2566 384 2614 digna
415 2565 612 2608 matronis,
650 2576 744 2612 quae
776 2574 887 2600 aureo
915 2561 1036 2599 seculo
1064 2563 1168 2601 vixe-

125 2625 236 2653 runt:
275 2617 312 2653 &
336 2616 468 2663 duplex
499 2615 600 2651 vocis
629 2614 765 2650 condere
797 2613 990 2661 explicatio
1017 2612 1061 2650 ad
1090 2624 1169 2650 ma-

124 2677 214 2703 num
227 2666 286 2703 est.
312 2667 372 2703 vel
389 2666 524 2702 condere
542 2672 646 2702 notat
668 2664 867 2711 producere
881 2690 892 2706 ,
921 2664 957 2700 ὃ(
970 2664 1164 2712 praecipue

128 2716 174 2753 de
193 2717 316 2764 primis
337 2716 557 2753 mortalibus.
586 2724 625 2752 ut
653 2714 780 2763 Virgil.
801 2728 825 2752 1.
848 2725 904 2762 33.

179 2772 312 2802 Tantae
331 2765 427 2802 molis
443 2776 516 2802 erat
541 2772 734 2802 Romanam
759 2764 895 2801 condere
911 2773 1058 2812 gentem.

129 2817 174 2854 Et
195 2817 243 2853 ita
262 2817 417 2863 Jussinus
435 2816 495 2853 lib.
518 2828 563 2853 11.
593 2820 704 2851 Genus
732 2815 927 2850 homonum
945 2828 967 2850 a
985 2814 1165 2851 Deucalio-

129 2880 170 2903 ne
190 2867 364 2902 conditum
382 2865 559 2903 dicit:vel
580 2865 716 2901 condere
729 2893 738 2908 ‚
752 2866 799 2903 est
821 2864 982 2901 celebrare
997 2893 1007 2909 ,
1029 2874 1067 2902 ut
1087 2866 1168 2902 Ser-

129 2918 228 2959 vius,
258 2916 393 2952 condere
414 2915 502 2952 bella
523 2915 618 2964 apud
640 2916 834 2964 Virgilium
870 2915 997 2963 Eclog.
1030 2927 1082 2952 vx.
1110 2916 1167 2952 in-

128 2975 353 3014 terpretatur.
373 2967 410 3002 &
431 2977 476 3003 eo
499 2966 597 3002 sensu
609 2966 742 3003 Plinius
760 2966 820 3003 lib.
844 2978 886 3003 11.
914 2977 990 3012 cap.
1009 2977 1043 3013 9.
1071 2966 1170 3002 Mira

131 3016 279 3052 humani
306 3016 432 3062 ingenii
452 3015 540 3065 peste,
555 3017 758 3063 sanguinem
796 3028 838 3056 (φ
866 3016 998 3052 caedem
1035 3016 1171 3053 condere

129 3066 316 3103 annalibus
336 3067 455 3114 juvat.
502 3067 540 3102 ὃ(
571 3065 628 3101 lib.
661 3078 787 3104 xxxiv.
823 3068 857 3104 8.
892 3065 1078 3113 Artifices,
1110 3067 1171 3115 qui

131 3116 310 3166 compofitis
330 3115 564 3153 voluminibus
586 3115 760 3152 condidere
781 3117 862 3154 haec
888 3144 898 3161 ,
936 3117 1033 3154 miris
1051 3116 1171 3155 laudi-

132 3167 193 3203 bus
213 3167 393 3204 celebrant.
422 3166 580 3204 Ovidius
600 3178 644 3201 11,
666 3166 773 3203 Trist.
797 3168 880 3216 336.

181 3218 318 3254 Divitis
340 3217 465 3264 ingenii
486 3217 527 3265 est
547 3216 720 3254 immania
738 3218 892 3267 Caesaris
912 3220 989 3255 aaa

232 3269 394 3307 Condere.

475 1356 634 1427 Juffit
659 1355 1013 1418 honoratum,
1051 1354 1233 1408 Livia:
1270 1352 1450 1426 perfer
1476 1369 1647 1408 onusov

1215 1567 1270 1595 xv.
1287 1555 1394 1593 Pont.
1417 1566 1490 1594 xn.
1510 1557 1572 1601 272

1263 1619 1419 1668 Dignam
1440 1617 1611 1655 Maeoniis
1632 1615 1827 1654 Phaeacida
1845 1613 1981 1652 condere
2001 1613 2143 1654 chartis.

1215 1678 1367 1725 Quinffit.
1386 1679 1445 1715 lib.
1467 1692 1529 1717 111.
1558 1691 1586 1716 1.
1621 1684 1854 1715 Romanorum
1867 1676 2005 1725 primus
2032 1674 2123 1711 hanc
2144 1681 2255 1712 mate*

1217 1729 1308 1764 riam
1328 1729 1480 1766 condidit
1506 1735 1560 1766 M.
1581 1734 1680 1766 Cato.
1707 1728 1767 1765 ubi
1800 1738 1987 1776 perperam
2010 1726 2160 1762 tradidit
2178 1726 2257 1763 edi-

1218 1778 1271 1816 dit
1290 1779 1509 1818 Obrechtus.
1538 1779 1598 1817 sed
1628 1777 1836 1816 reclamabit
1864 1776 2026 1815 Gallulus
2046 1803 2057 1819 ,
2085 1777 2123 1813 ὃς
2144 1787 2196 1813 res
2217 1777 2257 1813 &i

1218 1828 1297 1866 aeta
1318 1830 1436 1874 condi,
1465 1830 1502 1868 id
1532 1829 1580 1867 est
1610 1829 1802 1872 celebrari,
1823 1827 1920 1865 retste
1942 1826 2012 1864 dici
2031 1826 2256 1870 contendet„

1216 1891 1295 1917 non
1314 1880 1484 1918 homines
1498 1908 1508 1924 ,
1546 1891 1707 1929 quorum
1726 1879 1908 1916 memoria
1931 1876 2129 1925 posteritati
2151 1888 2257 1914 com-

1217 1930 1412 1968 mendatur
1441 1943 1459 1968 a
1487 1931 1623 1968 Poetis.
1656 1929 1910 1967 satisfaciamus
1931 1926 2111 1964 fastidioso
2135 1927 2258 1964 Philo-

1218 1980 1348 2028 sopho.
1383 1981 1542 2019 Ovidius
1572 1992 1626 2018 xv,
1655 1979 1762 2017 Pont.
1791 1991 1827 2017 x.
1854 1990 1913 2026 75.
1946 1977 1991 2015 de
2012 1977 2183 2022 Theseo,
2211 1977 2256 2015 ab

1219 2031 1459 2069 Albinovano
1482 2032 1520 2070 in
1540 2030 1724 2071 Theseide
1743 2030 1801 2068 sua
1822 2029 2024 2066 celebrato:

1269 2094 1344 2142 ‘Qu‘
1355 2107 1571 2145 quamquam
1593 2093 1635 2141 est
1644 2093 1751 2140 fabiis
1768 2091 1905 2140 ingens,
1926 2103 1968 2130 (7
1981 2090 2139 2130 conditur
2160 2102 2182 2127 a
2202 2098 2257 2134 te„

1324 2146 1382 2182 Vir
1400 2155 1520 2190 tanto,
1548 2154 1677 2194 quanto
1700 2142 1816 2180 debuit
1832 2156 1885 2179 ore
1903 2142 1991 2179 cani.

1220 2208 1318 2246 &ita
1329 2207 1470 2257 poffent
1486 2209 1544 2246 illa
1563 2220 1609 2245 ex
1632 2219 1683 2245 xx.
1697 2208 1790 2244 Met.
1810 2205 1892 2242 626.
1904 2205 1981 2253 capi
1995 2203 2041 2248 ,fi
2063 2214 2147 2241 cum
2161 2203 2257 2241 duo-

1220 2258 1285 2296 bus
1313 2259 1496 2296 codicibus
1523 2259 1640 2307 legas,
1651 2257 1714 2304 sed
1738 2257 1835 2293 vieta
1855 2255 1995 2292 libidine
2022 2254 2158 2290 condar.
2195 2253 2258 2291 ubi

1220 2310 1334 2358 vulgo
1347 2337 1356 2354 ‚
1372 2309 1490 2346 credar
1501 2338 1510 2354 ,
1531 2309 1644 2359 qualis
1667 2309 1704 2345 ὅ(
1715 2308 1866 2345 varietas
1878 2306 1925 2343 est
1939 2304 2033 2353 apud
2045 2304 2262 2353 Apulejlib„

1222 2373 1248 2397 1.
1269 2360 1386 2398 Miles.
1406 2361 1536 2398 initio:
1565 2366 1743 2408 Hymettos
1760 2357 1883 2395 Attica
1897 2384 1907 2400 ‚
1935 2354 2127 2402 &Isthmos
2147 2353 2262 2403 Ephy-

1221 2423 1324 2455 raea,
1352 2422 1395 2449 (φ’
1421 2416 1567 2447 Tenaros
1584 2409 1760 2458 Spartiaca
1781 2435 1791 2451 ‚
1815 2406 1931 2455 glebae
1941 2405 2058 2453 felices
2079 2414 2260 2440 aeternum

1222 2460 1319 2497 libris
1328 2460 1540 2507 felicioribus
1552 2459 1714 2496 conditae.
1727 2458 1785 2495 ubi
1798 2457 1902 2494 multi
1915 2457 2058 2493 codices
2074 2483 2082 2498 ,
2097 2454 2257 2491 creditae.

1222 2510 1308 2547 vide
1336 2512 1435 2558 plura
1462 2510 1557 2558 apud
1584 2510 1702 2547 Barth.
1721 2508 1767 2546 ad
1787 2507 1903 2546 Gratii
1923 2508 2101 2556 Cyneget-
2124 2505 2182 2548 ybs.
2199 2504 2260 2553 96.

1223 2560 1486 2599 BURMANNus.

1276 2622 1359 2657 347-
1386 2616 1433 2647 Et
1458 2610 1593 2647 lumina
1623 2609 1779 2658 rerum]
1810 2609 1899 2646 Non
1926 2607 2064 2646 damno
2095 2605 2263 2643 hanclea

1221 2661 1407 2705 ffionem,
1443 2662 1528 2710 quia
1551 2661 1588 2697 in
1609 2660 1818 2707 exemplum
1840 2658 1951 2707 plebis
1979 2658 2156 2706 principes
2177 2667 2262 2704 pro=

1218 2711 1349 2759 positi,
1367 2720 1405 2749 ut
1420 2724 1510 2749 mox
1521 2711 1656 2749 indicat
1669 2739 1678 2753 ‚
1692 2709 1788 2747 rede
1809 2709 1943 2746 lumino
1955 2708 2124 2746 dicuntur
2134 2734 2144 2750 ,
2157 2707 2195 2743 ὃ(
2212 2707 2261 2743 ita

1219 2762 1383 2810 Vellejus
1404 2762 1463 2800 lib.
1485 2774 1530 2799 11.
1553 2774 1613 2809 99.
1641 2761 1791 2797 alterum
1814 2759 1939 2809 reipub.
1967 2758 2084 2795 lumen
2101 2769 2142 2796 εν
2162 2764 2261 2804 caput

1222 2812 1416 2850 Tiberium
1436 2821 1556 2850 vocat.
1584 2813 1643 2849 ubi
1665 2811 1738 2848 vid.
1757 2810 1915 2848 Acidalii
1934 2817 2050 2846 notas.
2077 2807 2197 2844 nescio
2208 2814 2262 2842 ta-

1221 2875 1308 2900 men
1331 2875 1376 2900 an
1399 2863 1569 2911 praestet,
1598 2861 1752 2899 culmina
1771 2874 1897 2898 rerum.
1919 2872 2012 2909 quae
2043 2857 2172 2895 rectius
2192 2857 2262 2911 liu-

1221 2914 1300 2951 mili
1320 2914 1432 2962 vulgo
1456 2921 1704 2962 opponuntur.
1732 2913 1770 2949 δε
1791 2912 1839 2949 ita
1868 2911 2085 2959 Scaligerum
2108 2903 2260 2943 volulsse

1223 2973 1414 3001 notaverat
1427 2964 1742 3001 Francius.Voces
1758 2963 1826 2999 hae
1845 2962 1949 3010 saepe
1969 2973 1988 2997 a
2008 2958 2152 2997 librariis
2171 2967 2260 2993 con<-

1226 3016 1334 3052 fusae.
1364 3015 1435 3052 vid.
1453 3015 1578 3052 Heius.
1595 3014 1641 3052 ad
1661 3014 1786 3052 Claud.
1810 3025 1838 3051 1.
1858 3014 1963 3060 Rapt¹
1985 3010 2016 3046 8.
2030 3008 2127 3046 idem
2149 3005 2262 3055 praef„

1226 3065 1337 3104 Cons.
1356 3065 1473 3103 Manl.
1495 3077 1528 3112 7.

1275 3116 1444 3152 eulmina
1465 3115 1613 3153 Romani
1639 3111 2085 3164 majestatemquefhnatu5‚

1328 3171 1396 3208 Et,
1424 3165 1545 3215 quibus
1562 3166 1711 3214 exsultat
1733 3164 1854 3199 Gallia
1867 3189 1876 3204 ‚
1905 3174 1997 3197 cerne
2017 3159 2121 3196 viros.

1224 3216 1300 3253 Ubi
1336 3215 1474 3252 lamina
1502 3217 1636 3255 habent
1670 3214 1826 3252 Clavem
1862 3211 2018 3250 codices.
2063 3210 2149 3248 Stat„
2179 3210 2266 3247 1‘1‘10'

1223 3266 1345 3305 Theb.
1377 3278 1460 3313 207.

1716 3315 1749 3350 L
1762 3312 1836 3351 llll
1864 3324 1884 3349 a,
2164 3297 2273 3349 'Nunc
