2553 3676
633 155 1270 238 HERo'IDEs
1345 201 1456 235 ΕΡ.
1533 203 1683 241 vn„
2123 203 2215 235 m..

375 277 428 332 Si
450 275 596 328 socer
619 272 837 339 ignavus
861 267 1022 322 vidua
1043 267 1250 323 sedifl'et
1278 270 1333 323 in
1356 271 1497 331 aula;

446 345 624 412 Nupta
646 339 788 394 foret
811 339 992 394 Paridi
1015 353 1212 405 mater,
1249 355 1309 395 ut
1332 356 1452 397 ante
1476 342 1591 397 fuit.

371 417 486 471 Nec
512 426 571 466 tu
593 413 735 466 mille
758 425 895 466 rates
918 411 1224 485 sinuosaque
1248 414 1362 468 vela
1387 415 1611 485 parari33

439 486 555 540 Nec
579 502 830 539 numeros
853 485 1025 539 Danai
1050 486 1255 540 militis:
1295 486 1404 556 ipse
1426 486 1565 540 veni.

263 578 328 627 25
369 558 454 612 Sic
478 575 697 631 quoque
721 575 867 611 eram
890 558 1181 629 repetenda
1207 571 1412 612 tamen:
1451 575 1552 611 nec
1579 568 1732 630 turpe
1756 559 1946 616 marito

443 630 644 701 Aspera
667 648 767 701 pro
793 648 917 683 caro
942 630 1076 684 bella
1100 630 1269 685 tulisse
1295 645 1434 684 toro,

365 702 546 774 Quid?
586 702 736 774 quod
759 720 883 756 avus
906 702 1057 756 nobis
1080 701 1226 757 idem
1249 703 1532 775 Pelopeius
1555 703 1754 758 Atreus
1771 727 1792 760 zv

441 773 513 827 Et
537 773 572 827 si
599 793 710 828 non
733 773 858 828 effes
881 775 961 828 Vir
984 774 1141 837 mihi,

1178 775 1340 830 frater
1364 794 1490 829 eras,

368 844 418 899 V
426 845 497 908 ir,
534 864 753 919 precor,
790 847 973 910 uxori,
1011 846 1171 900 frater
1194 848 1440 903 succurre
1464 847 1636 903 sorori
1649 866 1668 900 ;.

263 936 328 982 30

134 1140 190 1178 ῖς.
217 1128 252 1166 si
276 1138 309 1166 te
327 1131 408 1181 jam
428 1132 579 1183 tangit.]
606 1134 679 1172 Alii
694 1134 752 1185 pia
770 1133 906 1184 tangit,
934 1135 993 1173 alii
1013 1145 1116 1171 nunc.

80 1181 302 1219 EGNATms.
331 1183 470 1220 Dubito
489 1192 613 1222 tamen
637 1198 682 1222 an
705 1198 822 1235 aeque
841 1185 938 1223 reue
957 1199 1038 1222 cura
1056 1186 1116 1234 pia

80 1232 218 1319 dEica{ur
240 1260 250 1276 ,
286 1243 328 1269 ac
362 1246 444 1270 cura
471 1234 549 1283 piae
578 1235 713 1284 sororis.
749 1238 799 1275 ita
827 1244 924 1274 certe
952 1236 1117 1286 loquitur

115 1292 164 1330 pn
183 1308 191 1316 .
212 1295 289 1319 xxv.
316 1295 396 1333 123.

130 1346 187 1377 At
207 1351 247 1377 tu
254 1338 290 1390 fi
304 1355 373 1391 qua
383 1343 462 1392 piae
474 1371 484 1389 ,
513 1349 668 1392 Lynceu,
695 1344 761 1383 tibi
779 1358 861 1382 cura
870 1344 1005 1394 sororis-2

82 1402 206 1449 Quare
226 1402 264 1438 δε
278 1402 338 1439 hic
356 1403 470 1451 posset
485 1404 577 1453 legi,
605 1411 661 1443 At
679 1417 735 1452 te,
757 1420 839 1444 cura
854 1407 932 1457 piae
945 1406 980 1456 fi
994 1417 1026 1444 te
1035 1408 1115 1457 jum

78 1451 214 1500 tangit,
242 1452 360 1499 Oreste.
394 1454 454 1491 sed
477 1468 605 1503 parum
634 1457 728 1495 abest
749 1487 759 1503 ‚
797 1460 886 1508 quin
913 1460 1115 1507 praeferam

78 1501 288 1550 scripturam
318 1503 454 1542 codicis
481 1505 731 1546 Balliolenfis:
770 1514 826 1545 At
854 1519 886 1545 te
913 1508 1023 1558 cauffa
1051 1508 1118 1545 mei

70 1550 106 1602 fi
125 1563 157 1588 te
168 1553 227 1602 pia
245 1554 370 1602 tangit.
396 1555 461 1591 Pia
480 1557 589 1603 cauffiz
604 1558 730 1605 paffim
744 1585 753 1601 ‚
775 1571 841 1606 pro
855 1559 948 1608 justa
962 1588 971 1602 ,
990 1571 1118 1608 aequa.

79 1610 121 1640 ut
147 1615 238 1640 mox
265 1616 302 1641 v.
331 1617 391 1640 20.
422 1605 484 1641 ubi
507 1607 618 1643 etiam
639 1608 699 1645 alii
717 1609 862 1645 codices
879 1609 938 1657 pia
958 1622 1051 1645 cura.
1079 1611 1118 1646 &

80 1663 138 1689 vx.
155 1654 249 1689 Met..
269 1654 352 1701 496.
370 1654 546 1701 Qom'am
559 1656 621 1704 pia
640 1657 750 1705 cauffiz
773 1657 886 1705 coegit.
910 1670 965 1695 11.
985 1659 1119 1696 Amor.

82 1712 162 1739 xvi.
188 1714 246 1748 47.
274 1711 399 1740 tamen
425 1704 538 1742 dixit:
567 1706 601 1741 Si
631 1720 701 1755 qua
728 1707 794 1743 mei
821 1717 940 1743 tamen
966 1708 1009 1754 est
1029 1709 1068 1744 in
1087 1719 1121 1745 te

76 1752 139 1799 pia
165 1765 246 1787 cura
273 1753 392 1790 relic-ii.
421 1754 470 1791 ita
495 1767 624 1802 parum
648 1765 786 1794 certum
810 1769 854 1794 ex
874 1769 951 1795 uno
968 1758 1054 1795 loco
1073 1759 1119 1796 ad

81 1800 235 1837 alterum
253 1811 509 1850 argumentum
530 1804 684 1844 ducitur.
702 1807 870 1845 Francius
883 1836 892 1852 ,
907 1806 942 1856 fi
957 1818 989 1844 te
1010 1809 1118 1845 modo.

79 1850 347 1889 BURMANNUS.

135 1913 191 1948 17.
217 1901 326 1951 Anfi
345 1902 451 1953 quis]
476 1903 746 1953 Argumentum
760 1908 938 1944 aminori.
953 1909 1119 1947 CxorAN.

135 1964 192 1999 17.
226 1953 415 2003 Reclust⁴s.]
462 1955 553 1992 Non
586 1967 694 2004 grave
722 1956 800 1994 satis
827 1958 980 1995 verbum
1007 1987 1016 2002 ‚
1050 1972 1119 1997 nec

82 2011 208 2051 aptum
239 2005 395 2052 raptori,
422 2006 486 2053 qui
520 2006 556 2043 vi
586 2006 776 2056 effringere
798 2008 895 2044 fores
916 2008 1117 2057 fingendus.

84 2052 160 2090 vid.
179 2066 257 2090 xxv.
274 2056 367 2091 Met.
386 2054 468 2099 781.
493 2056 556 2093 ubi
576 2057 621 2094 de
647 2059 776 2106 apertis
798 2058 1004 2096 admodum
1026 2060 1119 2097 leni-

85 2111 141 2140 ter
167 2103 300 2141 foribus
328 2104 527 2144 adhibetur.
554 2107 664 2145 Forte
684 2107 838 2157 scripsit,
869 2108 1031 2158 revulfis,
1060 2110 1118 2148 vel

84 2153 248 2200 refrac'iis.
275 2162 315 2192 ut
335 2167 388 2193 vi.
407 2157 563 2195 Metam.
584 2171 666 2206 597.

413 2232 416 2234 ⁷
431 2222 618 2267 Portasque
634 2217 793 2266 refringit
804 2246 815 2263 ‚

187 2269 464 2316 Germanamque
481 2268 582 2317 rapit.
709 2269 972 2308 BuRMANNus.

138 2340 198 2366 20.
222 2329 290 2365 Cui
301 2330 403 2379 pia.]
433 2331 547 2368 Hunc
574 2332 612 2369 &c
638 2331 851 2382 sequentem
878 2332 1022 2370 versum
1046 2332 1121 2382 ple-

85 2378 187 2428 rique
211 2380 352 2418 codices
370 2393 448 2418 non
470 2382 691 2431 agnoscunt,
709 2383 770 2421 sed
790 2384 896 2421 male.
920 2395 988 2431 pro
1006 2397 1121 2421 vacua

87 2430 170 2466 aula
191 2438 260 2467 tres
280 2431 359 2468 libri
379 2432 502 2469 vidua.
531 2433 740 2471 Hfimsms.

136 2492 192 2518 21.
219 2481 416 2531 stouffen]
447 2483 565 2521 Miror
585 2496 715 2521 omnes
737 2484 953 2534 Interpretes
971 2494 1046 2523 tam
1069 2486 1121 2523 se-

88 2541 170 2567 cure
183 2532 255 2568 hoe
274 2533 426 2570 verbum
447 2533 592 2570 transire
605 2562 615 2578 ‚
629 2546 714 2571 cum
733 2544 828 2573 certe
850 2537 1038 2573 barbarum
1057 2536 1117 2574 fit:

86 2579 281 2619 dicendum
301 2583 399 2620 enim
414 2583 605 2633 sterruiſjet.
641 2585 700 2622 sed
721 2586 795 2623 hoc
814 2587 945 2635 respuit
963 2587 1022 2624 lex
1045 2599 1121 2624 car-

91 2632 206 2684 minis.
233 2645 269 2669 v.
295 2634 464 2671 Voflium
485 2634 530 2671 de
550 2636 708 2684 Analog.
723 2636 783 2673 lib.
806 2649 869 2673 111.
894 2649 924 2674 c.
946 2648 1004 2685 31.
1032 2637 1120 2674 Edi-

94 2686 206 2735 noues
233 2684 400 2721 Venetae
427 2686 465 2721 &
496 2686 651 2734 Gryphii
680 2698 763 2723 cum
797 2687 961 2725 Palatino
991 2688 1121 2725 codice

90 2726 228 2778 stetisset.
253 2734 353 2782 quod
375 2746 491 2784 aeque
511 2736 681 2773 vitiosum
699 2749 789 2781 ,nec
812 2738 930 2775 versus
949 2738 1122 2776 admittit.

98 2787 171 2814 mar
195 2793 217 2818 o
242 2784 385 2833 Micylli
411 2787 448 2822 ὃς
476 2786 681 2824 Beismanni
698 2787 852 2837 sediffi’t,
880 2788 983 2837 quod
1011 2789 1122 2837 recipi

97 2838 146 2875 po
177 2838 233 2868 et:
256 2834 367 2870 Sedere
389 2837 488 2872 enim
511 2839 655 2886 proprie
684 2839 731 2876 est
756 2838 882 2875 desidis
911 2839 949 2876 δε
972 2839 1094 2875 inertis
1110 2867 1120 2882 ,

98 2885 138 2914 ut
169 2880 276 2935 yulgo
312 2886 549 2924 notissimum.
586 2889 625 2925 ὃς
653 2889 700 2925 ita
733 2889 906 2937 Virgilius
937 2889 976 2925 in
1010 2889 1121 2926 nostri

99 2928 229 2965 Ovidii
243 2931 376 2971 sensum
397 2938 510 2975 utitur
527 2951 588 2975 111.
613 2939 749 2988 Georg.
772 2941 854 2987 456.

147 3006 208 3013 -—
225 2991 270 3021 Et
289 2991 423 3028 meliora
443 2996 630 3044 Deosfiui'et
652 2998 768 3034 omnia
782 2999 925 3047 poscens.

98 3036 233 3092 Neque
264 3038 380 3093 minus
409 3047 590 3094 venustate
618 3048 677 3085 sua
702 3049 734 3086 se
756 3049 993 3087 commendat
1013 3050 1121 3098 Regii

37 3126 43 3132 ,
97 3097 202 3124 umus
223 3088 260 3122 ὃ(
281 3088 467 3127 Hemfiani
483 3094 622 3133 alterius
638 3099 769 3136 leftio:

116 3186 125 3193 ,
147 3137 283 3185 Sisocer
298 3138 445 3185 ignavus
461 3141 569 3178 vidua
586 3146 733 3195 plor-afflet
752 3149 791 3185 in
807 3150 902 3188 aula.

95 3185 156 3242 1:st
185 3196 314 3243 autem
337 3188 498 3245 adlusum
520 3191 565 3228 ad
582 3194 688 3240 illud,
715 3200 816 3246 quod
833 3202 989 3248 graviter
1011 3201 1123 3238 Sallu-

95 3236 176 3276 stius
205 3238 344 3277 extulit.
370 3240 475 3278 Catil.
510 3253 565 3289 52.
601 3248 680 3295 Nou
706 3248 796 3285 votis
827 3263 932 3298 neque
958 3252 1125 3301 fizppliciis

435 916 627 973 Instant
652 916 840 973 officio
865 918 1078 974 nomina
1103 919 1224 974 bina
1247 933 1357 976 tuo.

2112 994 2211 1050 'Me

1171 1134 1396 1171 muliebribus
1432 1134 1571 1172 auxilia
1600 1134 1740 1172 deorum
1763 1130 1969 1183 parantur}
2013 1129 2213 1178 vigilando,

1170 1185 1322 1232 agendo,
1341 1185 1420 1222 bene
1448 1185 1645 1235 consulendo
1668 1184 1814 1234 prospere
1839 1182 1955 1219 omnia
1985 1181 2110 1217 cedunt
2141 1182 2215 1218 &c-

1173 1235 1261 1272 Vid.
1285 1237 1322 1273 &
1342 1237 1428 1274 Liv.
1445 1248 1531 1273 xxv.
1554 1248 1612 1285 37.
1641 1235 1688 1272 fic
1711 1237 1749 1272 ὅ(
1766 1234 1899 1271 Noster
1917 1244 1972 1288 vi.
1994 1231 2083 1269 Fast.
2104 1242 2188 1278 444.

1226 1292 1306 1322 Non
1330 1286 1372 1334 est
1390 1286 1566 1323 auxilium
1578 1285 1685 1337 flere,
1713 1284 1899 1329 Metellus,
1933 1292 1998 1320 ait.

1173 1336 1221 1375 Et
1242 1349 1295 1375 iv.
1315 1338 1412 1374 Met.
1433 1337 1519 1385 693.

1641 1385 1887 1423 Lacrimarum
1906 1383 2005 1432 longa
2026 1394 2165 1420 manere

1212 1444 1371 1488 Tempora
1384 1451 1443 1475 vos
1447 1448 1609 1489 poterunt
1621 1468 1630 1484 ,
1641 1438 1688 1475 ad
1700 1447 1788 1486 opem
1801 1435 1915 1473 brevis
1929 1433 2218 1481 horaferendam.’

1172 1490 1220 1527 Et
1243 1501 1296 1526 vr.
1320 1490 1405 1526 611.
2217 1536 2219 1538 q

1428 1545 1508 1576 Non
1526 1539 1567 1587 est
1587 1538 1741 1577 lacrimis
1759 1537 1814 1575 hic
1826 1566 1836 1583 ,
1864 1536 1981 1587 inquit
1992 1564 2003 1581 ,
2022 1534 2193 1584 agendum
2205 1560 2226 1579 ,-

1209 1590 1289 1629 ,δειί
1305 1590 1413 1637 ferro.

1173 1641 1221 1678 Et
1243 1652 1336 1689 quae
1357 1641 1482 1689 paffim
1515 1642 1590 1690 ejus
1612 1642 1752 1690 generis
1775 1638 1872 1688 apud
1891 1648 2023 1675 omnes
2045 1636 2216 1673 cordatos

1172 1691 1360 1738 scriptores
1389 1700 1597 1728 occurrunt.
1624 1691 1724 1728 idem
1755 1689 1871 1727 sensus
1901 1689 2064 1724 eveniret
2091 1694 2215 1728 certe,

1174 1740 1199 1777 fi
1221 1740 1376 1789 stertisset
1405 1741 1520 1789 poll'et
1549 1742 1647 1778 stare.
1676 1752 1762 1777 nam
1792 1740 1948 1776 Terent.
1980 1737 2158 1773 Adel.1v.
2183 1748 2217 1782 ς.

1175 1790 1287 1826 dixit:
1317 1791 1485 1827 Credebas
1502 1790 1686 1827 dormienti
1703 1790 1785 1825 haec
1806 1788 1871 1824 tibi
1889 1787 2091 1832 consefiuros
2112 1791 2213 1822 Deos.

1176 1840 1236 1877 sed
1256 1840 1433 1878 muliebre
1454 1842 1566 1889 magis
1584 1841 1631 1877 est
1652 1840 1804 1888 plorare.
1824 1836 2118 1886 Quinelil.Decl.
2133 1846 2217 1884 343,

1175 1890 1313 1938 Frustra
1325 1890 1539 1940 plorabimus
1558 1890 1649 1941 apud
1661 1890 1804 1938 judices.
1832 1889 2089 1925 BuRMANNus.
2153 1936 2159 1942 ,

1223 1953 1283 1990 7-3,
1312 1948 1392 1978 Non
1420 1953 1460 1978 tu
1489 1941 1585 1978 mille
1612 1950 1702 1978 rates
1724 1938 1925 1988 sinuosaque
1944 1936 2023 1973 vela
2033 1934 2215 1986 paralion]

1177 1998 1247 2027 Nec
1267 2002 1307 2028 tu
1328 1993 1511 2029 meliores.
1542 1992 1675 2029 deinde
1689 1990 1828 2040 pararis
1855 1990 2055 2026 Puteaneus
2075 1989 2113 2024 ὃς
2133 1987 2217 2023 Bar-

1174 2042 1390 2080 berinianuS.
1401 2043 1505 2079 bene.
1517 2043 1729 2080 l-lfimsxus.
1747 2039 1866 2077 Valde
1878 2038 2059 2076 blanditur
2072 2037 2219 2074 Voffia-

1175 2092 1214 2128 ni
1232 2092 1368 2129 codicis
1386 2093 1499 2130 leftio
1515 2121 1525 2137 ‚
1547 2106 1606 2129 nec
1624 2091 1712 2128 mihi
1730 2090 1825 2127 mille
1843 2099 1934 2125 rates
1952 2090 2023 2144 &c3
2043 2089 2090 2143 est
2114 2089 2215 2124 enim

1175 2143 1340 2180 venustas
1362 2143 1544 2192 quaedam
1568 2144 1603 2180 in
1627 2143 1689 2180 illo
1711 2141 1952 2190 praenomine
1973 2138 2061 2175 mihi
2075 2167 2084 2182 ‚
2113 2136 2217 2194 quod

1175 2193 1235 2230 vel
1269 2195 1442 2237 παρέλκει
1464 2223 1473 2238 ,
1513 2202 1552 2231 ut
1578 2194 1681 2241 saepe
1712 2192 1802 2229 solet
1825 2219 1835 2235 ,
1876 2192 1914 2227 ὃς
1940 2190 2072 2226 millies
2092 2201 2111 2225 a
2131 2198 2216 2224 viris

1175 2243 1292 2280 doffis
1324 2244 1540 2281 adnotatum
1564 2259 1574 2287 ;
1612 2244 1672 2280 vel
1702 2243 1763 2280 liic
1791 2242 1870 2279 vim
1898 2239 2146 2295 suam'habess
2174 2245 2215 2274 ut

1175 2294 1314 2337 valeat,
1341 2295 1378 2332 in
1411 2307 1533 2332 meam
1561 2295 1737 2343 gratiam,
1766 2300 1806 2330 ut
1835 2303 1899 2328 me
1916 2290 2077 2328 vind1ces
2097 2300 2116 2325 a
2136 2299 2218 2348 rapt

1175 2352 1258 2381 tore
1279 2374 1289 2389 ‚
1325 2345 1646 2394 quemadmodum
1682 2343 1875 2381 Menelaus
1907 2341 2071 2379 Helenae
2099 2336 2228 2376 caussa.

1176 2396 1274 2433 fecit.
1301 2396 1563 2434 BuRMANNuS.

1228 2458 1285 2493 24.
1315 2453 1386 2483 Nec
1410 2461 1594 2483 numerum
1615 2446 1737 2483 Danai
1759 2442 1922 2492 militis.]
1953 2448 2120 2479 Numeros
2141 2440 2214 2477 Pu-

1175 2504 1325 2534 teaneus
1343 2525 1353 2540 ,
1383 2498 1672 2545 Gottorphianus
1706 2498 1745 2533 &
1775 2493 2045 2548 Ambrosianus.
2074 2490 2122 2528 fic
2148 2502 2228 2546 nus

1176 2548 1263 2583 meri
1283 2548 1452 2584 militares
1477 2548 1614 2595 paffim.
1642 2544 1818 2581 Gallicani
1837 2556 1971 2579 numeri
1986 2570 2008 2586 ,.
2022 2543 2066 2578 ὃς
2079 2553 2216 2576 numeri

1177 2597 1294 2633 Italici
1319 2610 1361 2634 ae
1391 2597 1519 2645 lllyrici
1552 2596 1768 2633 Ammiano.
1796 2593 2042 2630 Tertullianus
2069 2592 2217 2647 Apolo-

1176 2649 1321 2696 getiCOt
1350 2647 1384 2684 Si
1414 2647 1515 2695 hostes
1543 2660 1636 2695 agere
1664 2645 1830 2681 vellemus
1850 2672 1858 2687 ,
1896 2642 2008 2692 deeffet
2041 2641 2134 2677 nobis
2160 2655 2217 2677 vis

1178 2711 1398 2735 numerorum
1424 2711 1466 2737 <J
1495 2699 1665 2747 copiarum
1683 2705 1698 2733 ἒ
1734 2693 1965 2732 Caffiodoms
1983 2692 2042 2747 lib.
2069 2705 2098 2728 Ι.
2124 2693 2216 2729 Hill.
2256 2723 2259 2726 .

1179 2748 1337 2797 Tripart.
1358 2755 1589 2785 Romanorum
1609 2745 1754 2784 cohortes
1772 2758 1864 2781 nunc
1878 2756 2013 2780 numerl
2031 2753 2215 2796 vocantur.

1179 2800 1327 2835 Numeri
1357 2800 1504 2836 Graecis
1534 2800 1683 2841 σπεῖρκι.
1721 2793 2025 2844 ΤὴεορὴγΙ-λξΐυε
2056 2794 2094 2830 in
2123 2794 2216 2829 Aera

1178 2849 1443 2897 Apostolorum
1460 2851 1617 2891 εΣπεῖριὶ
1635 2845 1708 2889 ἐςιν
1730 2846 1753 2883 ὃ.
1766 2849 1947 2887 καλοῦμεν
1965 2848 2021 2878 νῦν
2033 2846 2226 2899 Νσύχῖιερον..

1178 2899 1352 2948 Sequenti
1389 2899 1491 2936 versu
1528 2899 1580 2934 To
1617 2897 1659 2945 est
1697 2897 1868 2934 meliores
1899 2907 1977 2932 non
2006 2899 2216 2942 agnolcuut.

1177 2949 1385 2987 Hemsms.
1422 2949 1520 2986 Vide
1553 2948 1752 2985 Lindenbr.
1783 2947 1826 2984 ad
1855 2946 2042 2982 Ammian.
2067 2943 2227 2980 Mirm„

1177 3012 1255 3036 xiv.
1281 3013 1313 3044 7.
1343 3002 1380 3036 ὃς
1411 3000 1585 3036 Torrent.
1615 2998 1659 3035 ad
1689 2999 1785 3034 Suet.
1808 2996 1953 3044 Vespas.
1976 3007 2028 3031 vx.
2056 3006 2101 3030 ne
2125 3004 2213 3028 vero

1178 3051 1259 3099 quis
1292 3050 1432 3087 dubitet
1456 3051 1528 3087 lioc
1552 3049 1745 3097 sensujam
1769 3059 1864 3085 aevo
1887 3046 2039 3083 Nasonis
2060 3055 2225 3079 numeres

1178 3101 1293 3138 didtos
1315 3099 1406 3144 esse,
1435 3101 1483 3137 ita
1512 3113 1588 3136 111.
1615 3101 1701 3136 Am.
1722 3111 1756 3143 o.

1228 3151 1371 3198 Auxisti
1388 3164 1543 3187 numeros
1564 3150 1654 3186 cultev
1670 3148 1802 3184 Tibulle
1813 3148 1894 3197 pios.

1180 3201 1250 3238 Sed
1281 3204 1319 3238 ὅ(
1350 3214 1416 3249 pro
1446 3200 1683 3238 n‘iultitudine
1713 3198 1813 3247 posse
1841 3197 1915 3250 capi
1940 3206 2013 3231 non
2035 3205 2153 3242 nego,
2175 3202 2223 3233 ut.

1180 3252 1315 3290 numeri
1335 3251 1503 3291 laborum.
1526 3263 1610 3290 vir.
1632 3250 1727 3334 Me}j
1745 3250 1777 3284 8.
1799 3247 1858 3284 ubi
1882 3245 1973 3283 vide.
2001 3246 2195 3329 mel'm

1758 3308 1776 3345 3
2042 3306 2099 3344 3¹»
2127 3304 2129 3307 ’
2155 3308 2233 3344 “ju—’7‘
