2553 3676
271 215 371 271 213
767 199 1320 258 P.OVIDII

1391 198 1917 258 NASONIS

572 295 695 350 Sive
717 292 885 361 redis,
923 293 1199 367 puppique
1223 304 1345 348 tuae
1369 293 1552 348 votiva
1575 308 1825 366 parantur

644 366 907 427 Munei‘a3
949 364 1082 439 quid
1107 368 1302 421 laceras
1323 366 1542 440 petioni
1568 367 1742 422 nostra
1765 370 1949 424 moi-ii?

574 441 732 496 Solve
757 453 942 496 ratem.
987 438 1171 495 Venus
1197 453 1314 496 orta
1341 441 1499 502 mari,
1538 459 1682 494 mare
1708 443 1930 514 praestat
1956 445 2170 500 amanti.

579 515 582 518 ⁴
637 516 789 568 Aura
815 512 961 567 dabit
988 512 1231 575 cursum;
1275 526 1334 566 tu
1358 512 1528 566 modo
1551 514 1695 567 solve
1718 528 1903 571 ratem.

433 606 533 655 215
571 585 683 661 lpse
712 585 1027 659 gubernabit
1051 585 1284 640 residens
1308 585 1363 638 in
1385 602 1565 656 puppe
1590 584 1839 657 Cupido:

649 659 761 732 Ipse
788 659 933 714 dabit
959 660 1143 713 tenera
1168 658 1311 720 vela,
1350 657 1630 730 legetque,
1669 675 1844 716 mann.

579 733 703 789 Sive
723 733 869 804 juvat
894 734 1054 802 longe
1079 729 1265 800 fugiffe
1290 731 1560 802 Pelasgida
1584 729 1797 802 Sappho
1807 757 1827 795 ,3

657 807 819 877 (Non
842 819 1022 858 tamen
1044 803 1312 867 invenies,
1349 822 1446 858 cur
1471 821 1575 874 ego
1602 803 1763 875 digna
1787 805 1968 876 fuga.)

581 878 716 936 Hoc
745 878 926 932 saltem
951 876 1170 930 miserae
1198 876 1429 931 crudelis
1454 876 1670 949 epistola
1697 877 1866 932 dicat:

438 971 544 1006 220

292 1155 427 1205 virgil,

345 1207 408 1245 Sed
430 1205 597 1292 quidlego
628 1207 710 1248 haec
735 1216 858 1246 autem
877 1208 1107 1260 nequicquam
1129 1205 1269 1257 ingrata
1289 1219 1344 1244 re·

477 1271 519 1293 vo
538 1267 608 1295 vo?

294 1307 508 1357 Quomodo
529 1308 605 1346 fere
628 1309 850 1358 Apollonius
867 1310 928 1348 lib.
947 1323 1009 1348 111.

291 1357 301 1362 ”
349 1357 472 1395 'Ama
492 1358 550 1399 ‘tin
574 1359 665 1396 τάδε
684 1373 736 1397 τοι
757 1361 965 1407 {asa-audium
986 1358 1096 1399 meve-³
1117 1361 1290 1408 ἀγορεύως

291 1409 443 1448 'nudior
457 1410 636 1459 Queroli:
651 1411 713 1448 Sed
731 1411 817 1462 quid
833 1425 886 1460 ego
910 1413 1148 1462 nunc3s0lum
1171 1413 1231 1448 hoc
1242 1411 1345 1459 restat

295 1460 409 1506 mihi,
438 1471 479 1497 ut
492 1462 646 1511 profare
660 1462 740 1511 jam
758 1476 852 1500 nunc
871 1473 1001 1502 tenear.
1019 1464 1193 1503 Prudent.
1215 1462 1277 1501 lib.
1298 1473 1346 1500 11.

297 1520 426 1552 contra
446 1512 659 1561 Syinmach.

351 1564 414 1600 Sed
433 1563 519 1614 quid
535 1577 588 1612 ego
609 1564 691 1602 haec
712 1565 887 1606 meditor?

297 1612 407 1654 Idem
430 1615 660 1662 Apotheosi:

349 1665 413 1701 Sed
430 1665 516 1714 quid
537 1679 590 1714 ego
610 1665 694 1702 haec
712 1676 830 1704 autem
848 1667 1022 1705 titubanti
1040 1682 1120 1707 voce
1137 1672 1263 1707 retexoj

293 1713 418 1756 Pofl'et
442 1716 554 1753 etiam
574 1717 611 1753 in
634 1717 783 1754 Nasone
802 1719 958 1768 corrigi:

352 1771 408 1802 En
427 1767 513 1817 quid
530 1777 615 1815 ago?
638 1767 792 1817 precibus
803 1771 960 1819 peb't'usne
978 1770 1101 1819 agreste
1118 1781 1290 1808 movetur.

298 1815 364 1854 De
382 1828 459 1866 quo
478 1816 523 1855 ad
545 1819 742 1855 Maronem
765 1819 841 1857 dixi
857 1820 1018 1858 Aeneid.
1043 1835 1079 1859 x.
1106 1821 1161 1865 sss.
1182 1823 1266 1869 675.
1298 1822 1352 1860 Si-

301 1868 666 1958 giiii-riaffisqpmm
695 1873 788 1905 Haec
818 1883 881 1918 ego.
910 1872 999 1909 Vid.
1029 1872 1139 1921 Epist.
1162 1885 1197 1911 x.
1218 1873 1272 1916 ybs.
1295 1884 1356 1923 37.

355 1975 449 2007 Haec
468 1969 554 2021 quid
573 1983 626 2019 ego
638 1980 653 2009 ἒ
680 1983 729 2009 an
747 1958 905 2021 precibits
930 1971 997 2010 tibi
1005 1974 1124 2023 pectus
1139 1974 1264 2024 agreste
1284 1989 1359 2014 mo-

488 2031 617 2059 vetar?

307 2070 445 2112 Forte:

361 2122 496 2174 Ecquid
509 2151 519 2167 ,
543 2122 595 2168 ie,
618 2123 773 2173 precibus
793 2124 858 2163 tibi
873 2127 985 2176 peft'as
1006 2126 1130 2175 agreste
1148 2136 1334 2167 movetur!

308 2174 366 2212 Ut
390 2187 456 2212 111.
477 2175 573 2212 Met.
591 2187 673 2221 442.

361 2224 488 2273 Ecquis
507 2224 540 2261 ἑὸ
551 2223 655 2274 filvis
676 2226 870 2272 crudelius,
898 2228 1016 2278 inquit
1029 2255 1040 2273 ,
1067 2228 1236 2267 amavit?

312 2275 531 2315 Hzmsxus.

364 2338 450 2365 211.
478 2326 691 2379 Parantur.]
711 2328 753 2366 ln
772 2328 960 2367 nonnullis
972 2338 1153 2379 paramus.
1172 2332 1363 2370 Nauem.

311 2378 410 2427 Quis
438 2390 518 2416 non
547 2379 648 2417 videt
682 2381 795 2418 etiam
832 2381 1055 2419 reclamante
1088 2383 1261 2421 codicum
1291 2383 1365 2421 fide

309 2429 513 2479 legendum
528 2439 698 2480 paramus
716 2460 726 2477 ‚
762 2443 842 2469 non
863 2441 1041 2481 parantur
1069 2445 1113 2470 ex
1135 2434 1290 2472 amantis
1311 2434 1367 2472 af-

313 2479 446 2520 seem?
474 2480 673 2531 fignificare
701 2483 803 2521 enim
823 2483 944 2521 voluit
970 2479 1185 2534 nuncupata'
1201 2498 1221 2523 a
1239 2485 1275 2523 se
1294 2484 1367 2534 ipsa

316 2541 407 2571 vota
423 2544 492 2581 pro
513 2533 671 2572 Phaonis
695 2534 827 2572 reditu.
851 2535 1078 2573 EGNATlus.
1113 2537 1239 2574 Locus
1262 2536 1367 2575 vide-

318 2590 388 2620 tur·
409 2582 635 2627 mendosus;
675 2584 750 2623 nifi'
771 2585 852 2634 post
887 2586 962 2623 hoc
991 2585 1170 2625 distichon
1199 2588 1370 2637 sequatur

319 2633 409 2671 illud
432 2663 447 2679 ,
472 2632 549 2684 five
567 2637 681 2685 juvat
708 2635 813 2686 longe.
848 2637 888 2674 &
913 2645 1003 2675 tunc
1037 2638 1212 2676 constabit
1238 2639 1369 2677 sensus.

322 2683 535 2723 Heinsius.
571 2687 619 2724 Et
642 2687 682 2725 in
713 2688 888 2726 Lincoln.
916 2695 1076 2739 quatuor
1104 2690 1218 2728 medii
1250 2690 1370 2729 versus

324 2732 625 2790 desiderabantur.
652 2738 719 2778 nisi
747 2751 834 2790 ergo
857 2740 896 2778 in
925 2741 1131 2790 parenthesi
1161 2748 1370 2791 ponantur,

323 2784 367 2821 ἃ
395 2785 478 2830 hic,
498 2785 574 2835 sive
602 2790 713 2836 redis,
734 2791 835 2842 puppi
861 2804 930 2829 ecce
959 2802 1040 2828 tuae
1060 2791 1188 2830 votiva
1203 2801 1372 2842 paramus

327 2834 490 2884 legatur,
517 2837 656 2878 sensum
678 2843 740 2880 vix
763 2842 890 2882 video.
917 2842 1182 2883 BURMANNus.

325 2947 344 2978 8
377 2899 469 2974 31}
492 2888 787 2976 Qidflaceras]
815 2894 916 2943 Qid
945 2896 1078 2934 crucias
1100 2898 1237 2947 pestora
1263 2896 1376 2946 nostra

347 2950 411 2976 uss.
469 2950 581 2976 raneo
602 2967 610 2976 .

381 3000 466 3038 213.
494 2989 648 3046 Praestat
667 2995 848 3045 amanti.]
879 2997 1194 3038 Slichtenhorstius
1212 3000 1377 3049 legebat,

655 950 733 1007 Ut
757 949 890 1005 milii
913 948 1220 1006 Leucadiae
1244 950 1350 1005 fata
1375 963 1627 1023 petantur
1652 968 1834 1024 aquae.

2228 1025 2360 1083 ΕΡ
2397 1024 2447 1085 Ι·-

1398 1153 1609 1195 ΗΕῐΝεηιε.
1637 1155 1722 1205 Ego
1737 1156 1828 1195 nihil
1847 1164 1969 1195 muto.
1996 1166 2112 1194 omen
2130 1156 2230 1194 enim
2252 1157 2291 1194 &
2310 1164 2445 1195 votum

1397 1207 1486 1244 latet
1502 1236 1511 1252 ,
1540 1217 1580 1246 ut
1599 1208 1644 1246 ad
1668 1208 1702 1245 se
1722 1208 1855 1246 rediret
1875 1219 2022 1251 amans,
2050 1206 2155 1256 quod
2172 1207 2198 1245 fi
2219 1208 2326 1246 faciat
2339 1237 2349 1252 ,
2368 1220 2449 1245 cer-

1398 1265 1480 1296 tum
1503 1259 1552 1296 est
1571 1260 1762 1297 Venerem
1784 1271 1884 1298 mare
1903 1258 2176 1308 praestituram3
2205 1258 2291 1307 quia
2305 1287 2316 1303 ‚
2333 1267 2375 1296 ut
2395 1258 2448 1296 se·-
2475 1277 2477 1280 v

1400 1311 1529 1359 quenti
1567 1310 1723 1360 Epistola
1745 1340 1755 1355 ,
1801 1311 1840 1347 in
1870 1324 1967 1347 mare
1994 1310 2055 1359 jas
2092 1308 2196 1346 habet
2229 1318 2305 1345 orta
2345 1309 2450 1347 mari.

1399 1360 1575 1408 Praestare
1590 1364 1701 1400 etiam
1718 1374 1797 1399 non
1812 1360 2044 1399 movendum
2062 1389 2071 1405 ,
2094 1361 2181 1398 licet
2201 1361 2312 1398 etiam
2324 1359 2450 1407 sternet

1400 1411 1610 1451 Bersnianni
1638 1425 1766 1462 margo
1794 1413 1936 1450 habeat.
1963 1412 2012 1450 est
2034 1411 2135 1449 enim
2158 1419 2199 1449 ut
2221 1414 2259 1450 &
2278 1410 2450 1461 praebere

1402 1462 1687 1502 benevolentiae
1709 1464 1876 1502 verbum.
1893 1477 1938 1501 11.
1959 1463 2069 1500 Trist.
2094 1474 2176 1508 170.

1456 1514 1509 1551 Sic
1527 1515 1671 1565 adsueta
1692 1517 1762 1553 tuis
1770 1515 1903 1566 semper
1922 1514 2071 1551 victoria
2091 1512 2208 1562 castris

1510 1572 1617 1603 Nunc
1636 1581 1767 1618 quoque
1782 1567 1818 1617 se
1834 1566 1987 1616 praestet.

1405 1616 1455 1656 Et
1472 1617 1521 1655 ita
1537 1618 1610 1667 seq.
1627 1618 1738 1667 Epist.
1758 1630 1816 1664 24.
1834 1618 1987 1666 quidam
2008 1616 2154 1654 codices
2172 1615 2330 1664 praestet}

1484 1673 1628 1703 Somnus
1642 1696 1652 1712 ‚
1681 1668 1741 1717 qui
1752 1667 1789 1716 ſse
1809 1668 1901 1704 male
1915 1666 2054 1716 praebet
2076 1667 2229 1703 amanti.

1406 1717 1504 1757 Flor.
1536 1731 1598 1755 111.
1628 1731 1661 1766 ς.
1698 1724 1800 1754 Lana
1830 1717 1868 1766 se
1896 1716 2059 1767 praebuit
2092 1717 2270 1755 Romanis.
2302 1714 2379 1753 vid.
2411 1712 2462 1755 ad

1408 1769 1591 1819 Quinffil.
1609 1769 1718 1807 Decl.
1738 1769 1821 1819 338.
1843 1770 1880 1806 &
1902 1770 1985 1806 infr.
2010 1779 2039 1806 1.
2061 1768 2193 1805 Amor.
2214 1769 2248 1805 6.
2270 1767 2461 1805 Bonnam.

1460 1832 1544 1867 217.
1582 1820 1794 1870 Legetque.]
1837 1826 2004 1870 Regetque
2033 1818 2204 1856 nonnulli
2233 1819 2364 1866 scripti.
2398 1817 2461 1855 sed

1409 1883 1602 1921 perperam
1626 1884 1634 1908 :
1674 1878 1915 1920 opponuntur
1935 1871 2036 1906 enim
2063 1869 2148 1905 dare
2174 1868 2255 1905 vela
2281 1870 2319 1905 ὅς
2347 1867 2468 1917 legere.

1412 1929 1510 1960 Dare
1540 1922 1585 1959 ad
1617 1922 1759 1959 cursum
1790 1919 2078 1963 instituendum,
2108 1919 2236 1967 legere,
2264 1931 2348 1957 cum
2377 1931 2464 1967 por·
2536 1917 2539 1959 ἶ

1413 1981 1495 2012 tuin
1514 1973 1673 2021 attigerit
1690 1971 1807 2016 navis,
1821 1971 1859 2008 δε
1883 1968 2022 2008 ceffarit
2041 1982 2061 2007 a
2078 1971 2327 2019 navigatione.
2340 1970 2472 2019 Valer2.

1414 2023 1510 2062 Flac.
1537 2035 1594 2062 11.
1625 2035 1683 2073 13.

1723 2072 1902 2110 Flumineo
1925 2072 2021 2121 cujus
2036 2071 2219 2109 redeuntia
2236 2082 2342 2109 vento

1468 2124 1551 2162 Vela
1569 2125 1697 2174 legunt.

1415 2176 1473 2214 Ita
1493 2176 1594 2224 legere
1604 2177 1732 2224 sanem
1749 2174 1855 2213 idem
1873 2187 1902 2212 1.
1923 2185 2007 2223 314.
2027 2174 2111 2211 dare
2127 2172 2210 2210 vela
2230 2173 2386 2214 obvium
2405 2169 2479 2236 estss¹

1416 2227 1685 2266 Bunmmmus.

1470 2278 1555 2316 218.
1585 2285 1666 2315 Non
1693 2287 1812 2315 tamen
1839 2275 2040 2326 invenies.]
2068 2276 2146 2314 Hic
2168 2275 2290 2314 versus
2319 2289 2385 2326 per
2404 2278 2470 2326 pass

1418 2329 1616 2368 renthesim
1634 2330 1793 2367 omnino
1813 2327 1989 2377 legendus
2010 2328 2069 2366 est.
2092 2329 2321 2366 Eomnus.
2347 2327 2474 2374 Bene,
2529 2317 2531 2329 ⁴

1420 2382 1486 2431 qui
1505 2382 1606 2419 hunc
1632 2381 1776 2418 versum
1807 2377 2013 2429 parenthesi
2037 2378 2243 2418 includunt.
2271 2379 2386 2426 Hoc,
2412 2378 2473 2426 nit

1421 2434 1559 2471 mirum
1574 2461 1585 2477 ‚
1613 2431 1755 2470 modo:

1475 2484 1554 2522 Sive
1566 2484 1679 2533 juvat
1697 2483 1790 2532 longe
1799 2481 1922 2532 fugisse
1943 2480 2122 2531 Pelasgida
2140 2481 2268 2532 Sappho

1525 2536 1632 2584 (Non
1647 2546 1768 2572 tamen
1786 2532 1943 2571 invenies
1962 2546 2022 2569 cur
2041 2546 2094 2581 ego
2112 2533 2218 2582 digna
2229 2532 2348 2582 fuga)

1473 2592 1545 2624 Hoc
1554 2585 1686 2633 saltem
1704 2584 1846 2635 miserae
1866 2583 2013 2622 crudelis
2029 2583 2162 2634 epistola
2180 2584 2276 2621 dicat
2288 2611 2300 2629 ,
2326 2586 2404 2624 &cl

1422 2638 1529 2678 DAN.
1558 2639 1772 2675 HmNsxus.

1475 2702 1563 2738 219.
1591 2696 1662 2725 Hoc
1677 2689 1807 2738 saltem
1827 2684 2004 2737 mifitrae]
2031 2691 2060 2721 Ο
2073 2684 2204 2735 saltem
2221 2697 2306 2724 cum
2326 2684 2360 2723 sc
2378 2685 2479 2775 Ὲὶίῼ
2522 2679 2524 2691 '

2443 2749 2477 2775 1.
2520 2747 2524 2764 ι

1424 2748 1467 2780 ut
1495 2740 1637 2779 dierum
1664 2740 1711 2778 ad
1738 2739 1939 2789 Epistolam
1966 2737 2137 2786 primam.
2173 2737 2351 2775 Ceterum

1428 2793 1529 2831 chon
1544 2792 1619 2829 hoc
1641 2792 1868 2840 postremum
1887 2801 1955 2838 pro
1971 2788 2142 2836 legitimo
2163 2787 2319 2826 Nasonis
2337 2788 2400 2826 vix
2424 2785 2472 2826 est

1428 2853 1470 2883 ut
1499 2842 1695 2893 agnoscam
1718 2856 1726 2879 :
1766 2853 1836 2880 nec
1863 2840 1943 2878 satis
1971 2838 2139 2887 afl‘equor
2165 2839 2254 2888 quid
2282 2839 2346 2877 sibi
2375 2838 2473 2877 velit.

1430 2896 1643 2934 Hizmsxus.
1672 2893 1777 2931 Nihil
1802 2890 1997 2940 indignum
2029 2889 2174 2928 Ovidio
2195 2889 2331 2929 video:
2358 2887 2479 2928 sensus-
2518 2882 2523 2924 ζ’

1433 2947 1494 2985 est.
1515 2948 1589 2985 hoc
1601 2974 1611 2990 ,
1623 2945 1758 2983 scilicet
1767 2945 1899 2993 juvare
1914 2950 1952 2980 te
1971 2942 2095 2990 fugam
2110 2941 2255 2984 ‚saltem
2276 2941 2372 2979 dicat
2390 2939 2480 2996 Epi·
2517 2950 2553 3031 A

361 3050 454 3076 emet
474 3050 593 3086 emm,
622 3044 660 3081 &
690 3052 787 3082 certe
813 3059 941 3084 amans
968 3050 1097 3086 Phaon
1125 3062 1203 3087 non
1221 3051 1294 3087 dici
1313 3062 1381 3099 po·
1435 3050 1542 3098 pitio.
1562 3047 1656 3096 saxa
1676 3054 1854 3096 petantur.
1880 3045 2018 3097 Regius
2038 3053 2149 3084 etiam
2166 3072 2178 3092 ,
2203 3043 2308 3095 quod
2323 3052 2402 3083 non
2418 3040 2484 3097 ab:
2516 3039 2553 3079 *il

334 3090 418 3131 test.
449 3091 489 3131 ὃς
522 3093 621 3132 eunti
657 3094 707 3134 est
740 3095 780 3134 in
808 3096 932 3137 multis
961 3098 1183 3139 editionibus
1213 3101 1384 3151 antiquis.
2464 3099 2468 3104 ·

1434 2999 1543 3042 stola;
1572 3005 1614 3035 ut
1636 3003 1732 3034 certa
1757 2992 1936 3042 propositi
1962 2993 2017 3030 tui
2046 2993 2164 3049 perire
2183 2992 2315 3042 possim
2342 3000 2483 3041 praeel-

1437 3100 1598 3151 surdum.
1622 3098 1894 3149 BuuMANNus3
