2553 3676
708 177 1357 239 HEROIDES
1431 202 1527 239 EP.

1600 206 1682 245 xv.
2121 213 2214 266 199

382 282 459 336 At
482 276 610 332 mihi
632 268 911 341 Pegafides
935 267 1265 323 blandiffima
1290 272 1520 327 carmina
1547 274 1772 333 dictant:

444 350 561 418 jam
585 343 790 398 canitur
815 354 936 396 toto
960 359 1161 396 nomen
1182 341 1239 395 in
1263 343 1393 397 orbe
1416 364 1612 402 meum.

378 421 492 476 Nec
515 418 630 489 plus
652 413 910 480 Alcaeus,
948 414 1163 469 consors
1188 416 1496 489 patriaeque
1520 420 1796 495 lyraeque,

269 513 338 559 30
445 489 647 545 Laudis
673 488 860 543 habet:
899 489 1140 563 quamvis
1166 488 1417 560 grandius
1439 491 1525 545 ille
1551 493 1715 548 sonet.

372 563 426 617 Si
450 562 580 616 mihi
604 559 839 616 difficilis
862 562 1091 616 formam
1113 576 1299 616 natura
1320 564 1564 635 negavit;

459 635 682 706 Ingenio
706 634 911 689 formae
936 635 1130 689 damna
1156 637 1398 707 rependo
1423 655 1589 692 meae.

373 708 503 763 Sum
536 707 738 770 brevis;
781 721 833 762 at
859 725 1088 772 nomen,
1126 709 1276 780 quod
1303 723 1465 765 terras
1489 711 1707 784 impleat
1736 729 1951 777 01111163,

443 779 536 835 Est
561 781 718 836 mihi:
759 782 1059 837 mensuram
1080 782 1311 836 nominis
1337 784 1444 855 ipsa
1467 783 1598 841 fero,

78 987 162 1026 totis
179 984 258 1034 post
279 982 423 1033 Sappho
443 982 676 1033 Olympiadis
698 983 825 1022 claruit
845 997 853 1021 :
883 995 968 1022 cum
990 991 1118 1022 tamen

77 1036 341 1076 Hermefianax
362 1035 397 1072 id
414 1035 586 1073 traditum
606 1035 805 1084 reliquerit.
833 1036 885 1072 At
911 1035 956 1072 de
975 1035 1116 1072 Alcaeo

14 1100 15 1104 ¹
79 1088 238 1136 Sapphus
271 1086 419 1124 aemulo
442 1115 452 1131 ‚
492 1087 586 1124 inter
612 1085 802 1134 scriptores
834 1086 1021 1123 convenit.
1056 1085 1118 1122 sed

14 1157 15 1160 ¹
78 1150 162 1177 cum
184 1139 360 1176 Erinnam
388 1137 614 1187 Olympiade
647 1149 727 1174 cvr.
758 1134 918 1174 claruiffe
943 1135 1117 1174 Eusebius

77 1189 116 1228 in
145 1190 336 1227 Chronicis
357 1188 557 1226 contendat
576 1217 586 1233 ,
623 1200 702 1225 non
729 1188 852 1236 potuit
872 1198 954 1224 eam
974 1185 1117 1224 novisse

12 1278 13 1283 ,
75 1240 235 1297 Sappho.
261 1239 327 1278 11111
354 1239 441 1278 duas
468 1237 572 1277 fuiffe
603 1240 755 1277 Erinnas
777 1234 1026 1275 concedimus.
1055 1238 1116 1275 De

75 1301 152 1340 ejus
183 1295 279 1329 66116
309 1291 422 1341 patria
451 1291 567 1328 varias
594 1290 792 1339 opiniones
829 1287 957 1326 Surdas
986 1300 1117 1326 recen-

72 1342 148 1386 set,
177 1354 261 1380 cum
286 1350 412 1379 tamen
438 1341 601 1379 Teniam
631 1341 796 1389 plerique
823 1339 979 1382 faciant,
1008 1347 1049 1376 ut
1076 1340 1115 1377 &

74 1391 274 1441 Stephanus
295 1392 491 1441 Byzantius
518 1393 557 1430 in
583 1393 617 1426 T
620 1392 705 1432 ἧνος.
732 1389 913 1428 Tatianus
942 1389 1115 1428 Lesbiam

73 1443 256 1481 Oratione
273 1443 439 1482 adversus
460 1444 634 1481 Graecos.
656 1443 871 1480 Hizmsms.

128 1494 183 1532 18.
214 1501 294 1532 Non
313 1494 416 1531 oculis
428 1504 534 1543 grata
552 1494 594 1542 est
612 1493 762 1538 Atthis,
788 1502 830 1528 ut
856 1491 962 1537 ant),
989 1490 1114 1541 meis.]

74 1541 117 1582 In
135 1545 290 1584 versibus
305 1574 315 1590 ‚
343 1557 436 1594 quos
469 1545 695 1593 Hephaestio
724 1556 770 1582 ex
792 1543 992 1592 Sapphone
1007 1544 1115 1588 citat,

71 1594 179 1646 huj-us
198 1597 320 1634 Atthis
338 1596 481 1632 mentio
501 1595 551 1632 est
572 1596 626 1632 his
647 1594 785 1632 verbis:

130 1647 244 1688 Ἀτθὶς
262 1648 314 1682 σοὶ
334 1640 365 1680 δ’
385 1646 505 1690 ἐμέθεν
521 1647 585 1687 μὲν
605 1645 805 1688 ἀπήχθετο.
860 1645 1077 1681 Gonnus.

70 1695 235 1734 Attliidis
254 1697 426 1734 meminit
447 1697 486 1732 δε
498 1694 745 1732 Terentianus
756 1693 908 1731 Maurus
927 1693 973 1731 de
985 1694 1114 1732 Metris

11 1742 13 1782 Ϊ
73 1755 153 1794 pag.
182 1758 242 1793 91.

147 1795 332 1832 Aeolicum
352 1809 394 1831 ex
415 1795 479 1830 illa
494 1795 616 1841 genuit
634 1793 820 1841 doffl'ffima
839 1794 965 1843 Sappho
977 1822 988 1838 ‚

81 1870 84 1873 <
147 1845 254 1882 Cordi
265 1845 403 1894 quando
416 1842 594 1893 fuiffefibi
617 1845 713 1880 canit
724 1845 883 1880 Atthida
894 1853 1072 1892 parvam,

84 1922 86 1924 -
148 1896 267 1933 Florea
283 1896 472 1944 virginitas
485 1894 555 1942 sua
575 1907 654 1930 cum
665 1895 771 1939 fhret.
795 1895 1063 1934 Buxtmmnus.

126 1959 182 1996 19.
209 1949 309 1995 Qus
338 1946 393 1982 hic
414 1944 488 1994 fine
518 1943 697 1994 crimina]
729 1945 816 1981 Non
850 1944 1052 1993 displiceret
1073 1959 1115 1986 ea

69 1996 208 2042 166110,
234 2009 345 2047 quarn
378 1997 583 2034 adstruxere
605 2025 615 2041 ‚
654 2008 741 2045 quas
770 2008 838 2032 non
858 1994 934 2044 fine
976 1998 1119 2034 crimine

73 2048 198 2084 amavi
221 2076 231 2091 ,
270 2048 331 2085 sed
364 2048 498 2084 iterum
537 2046 700 2095 ampliari
737 2046 922 2096 judicium
960 2048 1117 2096 postulo.

72 2098 298 2137 EGNATws.
323 2100 423 2146 Qas
443 2111 509 2134 non
524 2095 599 2146 fine
619 2096 762 2134 crimine
779 2097 927 2140 amavi,
947 2097 996 2135 fic
1011 2107 1117 2137 vetus

72 2147 205 2187 166110.
236 2161 278 2186 ac
307 2161 390 2186 mea
414 2150 590 2186 sententia
614 2147 722 2185 16616.
749 2149 788 2185 &
811 2149 960 2185 inferius
981 2150 1115 2195 etiam,

73 2199 227 2236 Lesbides
246 2200 416 2246 infamem
434 2213 522 2248 quae
542 2213 596 2236 me
612 2198 734 2246 fecistis
752 2209 903 2236 amatae.
932 2199 979 2237 Et
999 2212 1115 2238 nemo

71 2250 184 2288 nescit
211 2250 300 2299 quid
330 2250 375 2287 de
406 2251 570 2299 Sapphus
599 2251 636 2287 in
660 2249 794 2297 puellas
809 2250 996 2288 amoribus
1016 2251 1116 2289 dica-

73 2307 140 2338 tur.
160 2301 416 2339 Nauotuius.
444 2303 546 2349 §Quas
567 2300 707 2350 hicsine
727 2301 869 2337 crimine
888 2302 963 2337 fere
984 2313 1115 2341 omnes

70 2350 199 2400 scripti.
224 2353 284 2390 sed
302 2353 399 2390 recte
419 2366 478 2389 nec
497 2352 712 2401 repositum,
726 2351 775 2389 fic
794 2353 1008 2391 Metam.11.
1029 2365 1115 2403 433.

72 2407 144 2440 Nec
172 2407 210 2452 se
228 2402 302 2453 fine
340 2404 482 2441 crimine
505 2403 632 2453 prodit.
672 2403 758 2440 Stat.
790 2415 842 2440 xx.
874 2403 998 2440 Theb.
1031 2415 1116 2451 757.

72 2453 170 2490 Male
185 2454 349 2492 dilectum
367 2455 508 2504 miserae
529 2454 673 2501 Cydona
688 2453 797 2502 sorori
814 2453 928 2497 dixin
957 2454 1021 2492 ubi
1040 2455 1115 2493 vid.

71 2503 302 2543 Scholiastcn.
331 2506 591 2542 BuRMAnuus.

120 2566 179 2604 23.
204 2560 252 2592 Et
281 2555 531 2605 pharetram]
560 2560 608 2591 Et
634 2554 823 2591 pharetras
839 2583 848 2599 ,
877 2565 917 2591 ut
938 2554 1004 2591 eris
1024 2555 1117 2594 Scri-

12 2600 14 2627 3
71 2607 161 2642 vetii
192 2606 321 2645 codex.
349 2607 447 2644 16616
477 2618 567 2643 vero
588 2606 828 2643 Bersmannus
848 2604 918 2643 effe
937 2607 1117 2644 imitatio-

72 2665 159 2694 nem
177 2657 339 2706 Propert.
363 2670 409 2696 ex
426 2658 487 2695 lib.
508 2669 560 2694 xv.
582 2658 680 2705 Eleg.
701 2670 735 2694 2.
758 2669 816 2706 3¹·
836 2658 994 2695 notavit.

124 2707 182 2743 26.
211 2714 281 2744 Nec
299 2708 438 2759 norat.]
467 2714 607 2745 Norant
625 2708 736 2745 malo.
766 2711 974 2745 Haustus.

127 2768 186 2802 29.
213 2758 407 2809 Alcaeus.]
447 2760 522 2797 Hic
553 2772 640 2797 curn
672 2759 816 2808 Sappho
847 2760 1010 2797 certavit.
1037 2760 1114 2798 vid.

77 2803 197 2861 Schol.
223 2808 416 2848 Theocrit.
446 2810 538 2860 Idyl.
568 2824 639 2848 vn.
668 2811 728 2860 63.
752 2820 792 2847 ut
813 2810 850 2847 ὅ(
872 2810 1005 2859 Myrtis
1025 2822 1111 2849 cum

75 2855 257 2911 Pmdarp,
283 2868 321 2896 ut
342 2862 506 2899 observat
534 2861 722 2900 Salmasius
745 2861 804 2898 lib.
836 2873 864 2897 1.
892 2860 1003 2908 Epist.
1026 2874 1111 2899 X1v.

76 2906 255 2961 Grfzndtus
274 2909 370 2947 illam
385 2911 506 2959 fimare
531 2941 540 2956 ,
579 2913 663 2951 dicit
685 2941 695 2956 ,
729 2921 768 2949 ut
794 2912 973 2949 Horatius
1001 2911 1110 2949 dicit:

77 2962 234 2995 Mmaces
259 2958 377 2995 Alcaei
400 2967 600 3002 camoenas.
622 2965 829 3002 Heinsius.
851 2962 1041 3001 Horat.11.
1056 2973 1112 3012 13.

180 3007 306 3056 Sappho
320 3009 438 3057 puellis
457 3012 497 3047 de
514 3015 728 3065 popularibus
742 3042 753 3059 ‚

176 3063 225 3095 Et
248 3070 280 3094 te
290 3058 471 3106 fimantem
484 3063 614 3110 plenius
635 3079 751 3111 aureo,

231 3115 269 3146 A
273 3109 359 3145 lcaee
371 3138 381 3154 ,
394 3109 529 3159 plestro.

131 3173 190 3212 30.
220 3161 281 3199 1lle
292 3160 419 3218 simei]
446 3161 504 3197 Ille
517 3163 620 3210 fimat
633 3166 769 3216 Regius
789 3168 827 3206 &
843 3179 938 3207 unus
955 3166 1112 3213 Heinfii.

81 3213 154 3252 vid.
165 3214 255 3263 supr.
267 3213 310 3250 ad
323 3214 432 3262 Epist.
442 3225 513 3249 vix.
532 3225 592 3258 29.

133 3275 192 3314 32.
216 3269 362 3304 Damna
389 3263 529 3318 rependq
553 3263 688 3314 mean]
714 3266 847 3306 Malim
859 3269 972 3307 malae
985 3271 1119 3314 ;t0ties
1170 3268 1380 3316 legebatur:

1972 876 2035 924 35
2073 857 2213 913 Can-

1173 982 1274 1019 enim
1295 995 1371 1019 mea
1397 983 1435 1021 86
1456 984 1553 1020 mala
1573 985 1736 1022 confusa.

1226 1045 1284 1082 33.
1310 1040 1393 1070 Sum
1412 1034 1525 1071 brevis
1545 1035 1635 1083 ew]
1665 1037 1800 1083 Longe
1819 1033 1958 1072 diversa
1976 1033 2020 1072 ab
2039 1046 2080 1072 ea
2095 1063 2104 1079 ,
2123 1047 2220 1085 quae

1175 1084 1519 1129 circumferebatur,
1547 1085 1732 1131 166110116,
1762 1094 1865 1122 vetus
1885 1086 1977 1123 haec
1997 1085 2130 1130 166110,
2158 1086 2219 1125 sed

1175 1134 1214 1171 &
1233 1135 1343 1184 longe
1363 1137 1455 1174 mihi
1477 1137 1550 1174 visa
1571 1136 1618 1174 est
1641 1136 1843 1186 elegantior
1862 1164 1871 1180 ‚
1901 1147 1943 1174 ac
1961 1135 2038 1174 fieri
2065 1138 2218 1186 quidem

1171 1186 1319 1233 potest,
1357 1195 1397 1225 ut
1419 1196 1578 1237 utroque
1606 1188 1723 1225 modo
1757 1187 1916 1225 Ovidius
1947 1187 2131 1236 scripserit.
2159 1187 2220 1226 sed

1171 1235 1209 1274 id
1237 1236 1262 1273 fi
1295 1249 1423 1275 verum
1455 1238 1524 1282 est,
1552 1239 1626 1276 hoc
1656 1240 1765 1287 pacto
1797 1238 1991 1286 castigavit.
2019 1246 2081 1275 aut
2099 1238 2219 1286 prima

1170 1286 1229 1324 illa
1246 1287 1359 1325 166110
1386 1288 1580 1326 subdititia.
1608 1290 1739 1326 Unum
1759 1290 1835 1326 hoc
1852 1289 1945 1326 mihi
1965 1288 2112 1326 credant
2129 1287 2219 1326 boni

1171 1338 1261 1382 viri,
1286 1338 1435 1377 credant
1455 1339 1603 1377 eruditis
1620 1339 1780 1388 pluribus
1801 1368 1812 1384 ‚
1848 1351 1941 1389 quos
1981 1351 2000 1376 a
2030 1350 2091 1375 me
2118 1350 2220 1376 nunc

1170 1389 1357 1427 nominari
1383 1401 1461 1427 non
1493 1390 1541 1427 est
1574 1389 1716 1428 necesse
1737 1418 1748 1435 ,
1785 1391 1849 1439 qui
1876 1389 2155 1427 vetustissimum
2181 1388 2220 1426 id

1172 1439 1359 1487 exemplar
1385 1441 1479 1478 inter
1508 1449 1627 1479 cetera
1659 1441 1989 1491 castigatiffimum,
2017 1452 2062 1477 ex
2083 1451 2159 1490 quo
2180 1439 2221 1477 ὅ(

1169 1488 1238 1527 alia
1258 1491 1358 1538 plura
1379 1492 1417 1528 &
1435 1492 1526 1530 haec
1546 1493 1712 1537 correxi,
1742 1492 1934 1536 viderunt,
1962 1492 2001 1528 &
2021 1491 2113 1528 mihi
2133 1501 2223 1538 pro-

1170 1539 1339 1578 batissimi
1365 1542 1474 1592 hujus
1501 1544 1554 1581 rei
1583 1543 1687 1581 testes
1713 1543 1816 1586 sunt;
1845 1542 1937 1581 nihil
1957 1553 1976 1579 a
1998 1553 2061 1579 me
2089 1540 2219 1579 fictum

1172 1591 1221 1628 est
1244 1619 1254 1636 ,
1299 1592 1389 1630 nihil
1428 1593 1606 1631 additum.
1650 1606 1895 1644 quaecunque
1936 1593 2220 1630 immutavimus

1170 1646 1312 1688 praeter
1333 1654 1447 1690 pauca
1464 1644 1646 1692 quaedam
1659 1672 1670 1689 ‚
1698 1656 1793 1694 quae
1813 1645 1850 1681 ὅ(
1869 1642 2049 1680 lectorem
2067 1643 2222 1679 monui-

1171 1702 1278 1736 mus,
1322 1694 1371 1731 ita
1398 1694 1516 1732 videri
1550 1694 1658 1732 nobis
1697 1693 1929 1743 castiganda;
1978 1705 2022 1730 ex
2058 1693 2218 1742 antiquis

1171 1743 1437 1791 exemplaribus
1463 1745 1755 1783 immutavimus.
1783 1746 1832 1782 ita
1857 1752 1897 1781 ut
1914 1744 2005 1781 nihil
2026 1741 2222 1780 industriae

1172 1801 1234 1830 aut
1261 1794 1413 1842 ingenio
1443 1806 1531 1831 meo
1547 1823 1556 1838 ,
1583 1795 1698 1832 labori
1725 1802 1822 1831 certe
1845 1805 1933 1830 meo
1952 1793 2224 1841 aliquantulum

1173 1842 1356 1882 debeatur.
1384 1845 1641 1882 Nauenmus:
1689 1843 1842 1883 Diversa
1865 1844 1978 1892 longe
2004 1843 2053 1881 est
2082 1843 2221 1888 166110,

1170 1905 1265 1943 quae
1282 1907 1381 1933 nunc
1401 1897 1658 1934 circumfertur
1675 1896 1833 1940 scilicet,
1854 1894 1937 1943 sum
1960 1893 2074 1930 brevis
2101 1904 2140 1930 at
2158 1908 2222 1930 no-

1171 1958 1261 1983 men.
1291 1958 1360 1986 (Vc.
1391 1948 1614 1984 EGNA'rms.
1644 1953 1715 1984 Nec
1733 1960 1787 1984 me
1808 1946 1989 1995 despicias,
2009 1942 2134 1994 fiſsam
2153 1944 2222 1982 tibi

1175 2006 1302 2045 corpore
1327 2006 1443 2047 parva
1467 2015 1477 2033 .·
1517 1997 1789 2048 Mensarumque
1823 1996 1938 2033 brevis
1972 1995 2121 2032 nominis
2149 1995 2221 2044 ipsa

1165 2047 1252 2092 fero.
1280 2049 1401 2086 Etiam
1421 2049 1482 2086 hic
1502 2048 1639 2086 diverse
1659 2050 1802 2097 legitur.
1832 2048 1917 2084 Una
1935 2047 2087 2096 quidem
2105 2046 2220 2084 166110

1174 2108 1216 2133 ea
1243 2097 1316 2142 est,
1342 2111 1455 2147 quam
1483 2099 1600 2137 modo
1634 2100 1838 2137 citavimus
1868 2099 1969 2147 cujus
2002 2097 2119 2135 sensus
2145 2097 2219 2134 est:

1174 2148 1264 2185 Non
1285 2148 1418 2186 debere
1432 2150 1467 2186 se
1487 2150 1669 2198 despicere
1682 2179 1692 2195 ‚
1711 2151 1796 2200 quia
1812 2149 1930 2186 brevis
1950 2148 2010 2186 seu
2030 2159 2140 2197 parva
2159 2147 2217 2192 sit,

1172 2199 1212 2235 &
1239 2199 1349 2236 breve
1382 2211 1524 2237 nomen
1550 2201 1681 2238 habeat
1707 2229 1717 2245 ‚
1752 2200 1851 2238 nulla
1877 2199 2034 2248 subjecta
2062 2199 2218 2235 ratione.

1174 2248 1301 2287 Altera
1318 2279 1328 2295 ‚
1356 2263 1451 2300 quae
1480 2252 1518 2288 ὃς
1547 2252 1788 2288 communior
1817 2250 1866 2289 est
1886 2279 1896 2295 ‚
1933 2252 1970 2287 in
1998 2248 2138 2286 Aldinis
2165 2248 2218 2284 ita

1172 2299 1347 2339 habetur:
1377 2308 1460 2338 Sum
1480 2301 1615 2347 brevis,
1635 2312 1675 2339 at
1692 2315 1815 2338 nomen
1835 2300 1925 2352 quod
1945 2311 2053 2336 terras
2071 2297 2217 2347 impleat

1173 2364 1286 2388 omnes
1308 2381 1318 2396 ‚
1357 2353 1414 2400 Est
1444 2353 1535 2390 mihi
1556 2369 1566 2388 .·
1611 2353 1810 2402 mensuram
1849 2351 1995 2389 nominis
2034 2349 2101 2397 ipsa
2126 2349 2217 2394 fera.

1171 2403 1280 2451 Quae
1298 2402 1410 2441 166110
1434 2404 1605 2440 ἀντιθέσει
1625 2413 1784 2442 ornatur.
1814 2403 1983 2451 Opponit
2002 2401 2101 2436 enim
2120 2400 2218 2437 inter

1168 2453 1204 2489 se
1224 2454 1392 2492 staturam
1423 2456 1586 2504 corporis
1624 2456 1661 2492 ὃς
1682 2456 1841 2491 famam:
1870 2453 2028 2499 dicitque
2044 2478 2054 2494 ‚
2081 2449 2114 2486 se
2134 2449 2218 2486 bre-

1174 2505 1326 2542 vitatem
1354 2507 1517 2553 corporis
1554 2505 1719 2542 mensura
1741 2504 1904 2540 nominis
1930 2502 2034 2538 tueri.
2062 2501 2218 2538 M1crt..

1172 2560 1245 2590 Nec
1261 2569 1316 2592 me
1332 2555 1511 2604 despicias,
1529 2553 1656 2603 stfitm
1678 2553 1741 2589 tibi
1764 2562 1888 2602 corpore
1904 2560 2042 2601 parva,
2070 2550 2216 2598 Mensu-

1172 2619 1317 2655 ramque
1346 2606 1460 2642 brevis
1493 2605 1640 2642 nominis
1666 2604 1735 2652 ipsa
1752 2606 1837 2649 sera.
1866 2602 1976 2640 Hanc
2000 2601 2135 2639 habent
2163 2601 2218 2637 le·-

1172 2656 1338 2694 6110116111
1372 2657 1572 2694 Vaticanus
1601 2657 1638 2693 ὃς
1670 2653 1890 2691 Maffeianus
1914 2652 2005 2690 libri.
2043 2652 2119 2689 Alii
2145 2652 2217 2690 viri

1172 2706 1272 2745 (10611
1296 2709 1424 2757 legunt
1449 2737 1459 2753 ,
1497 2720 1542 2745 ex
1570 2707 1646 2744 aliis
1671 2705 1828 2753 antiquis
1849 2732 1859 2749 ,
1898 2708 1980 2740 Sum
2007 2701 2146 2746 brevis,
2175 2712 2215 2738 ac

1172 2772 1294 2795 nomen
1307 2788 1316 2804 ,
1346 2758 1436 2809 quod
1453 2769 1563 2796 terras
1581 2755 1720 2806 impleat
1739 2768 1875 2798 omnes,
1902 2753 1959 2801 Est
1978 2752 2087 2790 mihi.-
2117 2766 2214 2789 men-

1160 2810 1286 2858 suram
1307 2810 1456 2847 nominis
1474 2811 1543 2858 ipsa
1563 2810 1648 2853 fero.
1676 2809 1755 2855 Qui
1773 2805 1893 2843 versus
1911 2805 1991 2842 sunt
2008 2802 2115 2853 plane
2139 2804 2215 2840 616-

1167 2861 1362 2909 gantiores.
1391 2863 1515 2910 Atque
1542 2861 1592 2897 ita
1609 2858 1643 2896 se
1666 2858 1812 2906 Sappho
1833 2857 2020 2906 pulchram
2043 2866 2120 2891 non
2141 2852 2212 2890 esse

1168 2912 1300 2949 fatetur
1317 2940 1327 2955 ,
1356 2910 1440 2948 ciim
1471 2910 1512 2948 sit
1537 2921 1652 2959 parvo
1687 2920 1852 2958 corpore.
1882 2906 2058 2944 Mulieres
2078 2933 2088 2948 ,
2111 2915 2212 2959 ¹quae

1169 2962 1349 3012 ejusmodi
1366 2961 1471 3005 sunt,
1498 2972 1577 2999 non
1596 2960 1789 3009 pulchrae,
1811 2957 1871 2996 sed
1889 2958 2061 2994 venustae
2083 2954 2212 2990 dicun-

1168 3023 1236 3052 tur.
1266 3012 1504 3050 Pulchritudo
1523 3013 1622 3049 enirn
1638 3039 1648 3055 ,
1675 3019 1715 3049 ut
1737 3010 1844 3048 sentit
1865 3006 2073 3046 Aristoteles
2088 3032 2098 3047 ,
2119 3014 2216 3058 con-

1166 3065 1251 3104 sistit
1280 3065 1318 3102 in
1346 3075 1484 3112 magno
1509 3075 1687 3111 corpore:
1715 3073 1833 3110 quae,
1860 3068 1900 3097 ut
1922 3059 1971 3094 ait
1989 3057 2042 3092 M.
2065 3053 2213 3091 Tullius

1166 3117 1227 3155 lib.
1255 3128 1313 3153 iv.
1341 3115 1492 3152 Tuscul.
1522 3114 1688 3162 Disput.‚
1717 3113 1766 3150 est
1791 3120 1872 3158 apta
1896 3107 2145 3159 membrorum
2167 3102 2213 3140 fi·

1168 3179 1256 3216 gum
1279 3178 1364 3204 cum
1392 3167 1554 3214 corporis
1581 3165 1767 3202 suavitate.
1796 3163 1963 3198 CiofAN.
1991 3157 2209 3210 Hocf-:tiam

1171 3214 1351 3255 distichon
1378 3217 1614 3266 Naugeriano
1641 3216 1734 3256 libro
1759 3213 1920 3252 debetur.
1955 3208 2055 3246 Ante
2082 3203 2213 3243 insulse

2139 3307 2215 3354 Nat·
