2553 3676
9 3035 11 3040 .
74 3008 202 3054 perire.
223 3008 283 3045 lib.
307 3022 336 3047 1.
358 3011 458 3058 Eleg.
484 3014 544 3049 ult.

643 177 1184 242 AMORUM
1257 200 1431 237 LIB.

1506 185 1577 238 II.
1656 198 1739 259 14.

314 294 345 345 5
383 276 537 349 Quae
558 273 724 345 prima
749 267 971 322 instituit
997 278 1210 320 teneros
1235 269 1539 325 convellere
1568 271 1772 339 foetus,

452 345 649 399 Militia
670 342 842 395 fuerat
868 339 1029 410 digna
1053 339 1229 410 perire
1253 341 1357 394 sua.

380 417 618 477 Scilicet,
653 426 713 467 ut
739 426 912 466 careat
937 428 1188 482 rugarum
1210 412 1434 467 crimine
1458 428 1674 481 venter,

448 488 721 540 Sternatur
745 503 955 557 pugnae
980 483 1135 538 tristis
1162 502 1315 538 arena
1342 498 1479 540 tuae.

376 560 429 614 Si
451 575 567 611 mos
592 559 817 631 antiquis
841 557 1111 630 placuifl'et
1134 558 1387 612 matribus
1411 558 1590 622 idem3

272 651 334 688 10

447 628 596 684 Gens
623 632 903 686 hominum
930 631 1063 685 vitio
1089 629 1393 701 deperitura
1418 630 1546 686 fuit:

373 703 592 775 Quique
615 704 811 758 iterum
835 705 1042 775 generis
1062 702 1261 772 jaceret
1285 704 1579 776 primordia
1604 705 1767 760 nostri

443 775 503 828 In
526 794 695 831 vacuo
721 778 917 848 lapides
942 777 1101 838 orbe,
1137 777 1398 847 parandus
1425 789 1552 832 erat.

370 847 506 920 Quis
531 849 725 904 Priami
754 849 987 921 tregiffet
1013 866 1169 920 opeS‚
1204 848 1242 901 fi
1266 866 1466 903 numen
1490 867 1746 922 aquarum

436 920 576 990 Justa
601 921 876 976 recusaffet
901 922 1140 994 pondera
1165 920 1307 976 ferre
1333 921 1560 975 Thetis?

261 1008 323 1061 15
358 992 445 1048 Ilia
470 993 508 1047 fi
531 995 741 1049 tumido
768 996 1008 1066 geminos
1032 995 1087 1048 in
1110 1007 1298 1048 ventre
1322 993 1578 1059 necaffet,

439 1066 665 1122 Casurus
690 1067 940 1122 dominae
965 1067 1218 1122 conditor
1247 1066 1403 1122 Urbis
1426 1079 1553 1121 erat.

368 1139 423 1194 Si
444 1140 630 1196 Venus
657 1143 880 1195 Aenean
904 1141 1120 1213 gravida
1143 1139 1441 1194 temerasset
1465 1140 1521 1194 in
1546 1139 1697 1204 alvo3

440 1212 748 1268 Caesaribus
777 1215 927 1268 tellus
952 1213 1080 1267 orba
1107 1213 1285 1267 futura
1310 1213 1425 1268 fuit.

368 1285 462 1340 Tu
487 1303 732 1360 quoque,
769 1305 893 1340 cum
918 1285 1088 1358 poffes
1114 1286 1281 1349 nasci,
1316 1285 1571 1349 formosa,
1611 1285 1858 1358 periffes3

260 1375 330 1411 20

126 1548 161 1596 ς.
189 1547 289 1596 Qae
302 1546 419 1596 prima
436 1546 585 1594 instituit
607 1558 734 1586 teneros
758 1548 944 1586 convellere
964 1548 1114 1599 fhetus.]

74 1597 231 1646 Legitur
256 1599 294 1634 in
325 1599 588 1646 exemplaribus
617 1601 727 1636 etiam
757 1599 926 1643 avellere,
954 1612 1046 1649 quae
1065 1601 1117 1637 le·

74 1649 153 1685 ‹Stio
177 1648 289 1695 magis
309 1649 436 1695 placet.
464 1660 550 1686 nam
578 1650 663 1686 licet
689 1650 788 1687 idem
814 1649 1013 1698 significet,
1042 1651 1115 1688 hoc

71 1705 202 1734 tamen
234 1698 378 1735 mollius
409 1698 457 1735 est
477 1727 488 1743 ,
515 1698 602 1736 illud
627 1700 780 1748 asperius
811 1711 956 1738 carmen
983 1701 1112 1738 reddit.

71 1747 254 1785 Mmms.
282 1749 340 1785 Sic
357 1750 394 1785 in
413 1761 491 1785 uno
512 1749 700 1787 Maffeian.
731 1750 771 1786 ln
793 1750 928 1793 altero,
957 1751 1111 1797 evellere,

70 1807 153 1834 non
183 1797 354 1845 displicet.
388 1800 604 1836 CIOFANUS.
631 1799 832 1836 Convellere
848 1800 967 1849 scripti
986 1803 1112 1849 potio-

71 1858 141 1885 res.
168 1846 216 1884 fic
238 1848 343 1896 Epist.
366 1859 461 1884 xv11.
486 1861 564 1886 111.

123 1909 245 1958 Define
264 1909 383 1954 molle,
405 1920 541 1959 precor,
568 1910 684 1949 verbis
705 1910 890 1949 convellere
901 1914 1027 1962 peft'as.

70 1970 230 2012 Metam.
251 1988 302 2013 xr.
325 1986 405 2024 123.

122 2037 202 2073 Sive
222 2038 320 2088 dapes
337 2039 442 2075 avido
465 2038 651 2076 convellere
672 2038 771 2075 dente
787 2037 946 2088 parabat.
966 2039 1112 2082 Hizms,

72 2098 239 2136 'Avellere
268 2102 359 2138 olim
388 2102 476 2140 editi
506 2102 635 2150 plures.
663 2101 738 2139 duo
766 2101 910 2150 scripti,
939 2102 1111 2138 divellere.

3 2147 6 2202 J
72 2151 176 2199 quod
198 2153 311 2200 magis
332 2153 470 2201 placet,
500 2152 689 2190 visceribus
709 2154 809 2190 enim
832 2154 1013 2191 excutitur
1030 2154 1110 2190 foe-

71 2208 130 2238 tus
151 2202 190 2238 δε
207 2202 399 2241 divellitur.
427 2205 475 2241 ita
494 2216 572 2240 xiv.
592 2204 748 2240 Metam.
771 2215 849 2251 115.
865 2209 928 2240 Suo
948 2203 1111 2240 divellere

72 2259 217 2296 trunco,
245 2261 284 2290 ut
306 2253 353 2290 est
372 2255 409 2291 in
436 2254 540 2290 MSS.
569 2253 829 2290 BuRMANNus.

124 2312 155 2348 7.
184 2309 227 2339 Ut
247 2304 399 2354 careat.]
429 2311 473 2341 Ut
504 2314 644 2341 careant
671 2317 837 2353 rugarum
860 2303 1001 2342 crimine
1023 2318 1110 2342 ven-

70 2361 141 2390 tres
159 2353 414 2393 Scrivetianus.

126 2415 161 2451 9.
185 2405 219 2441 si
243 2406 360 2455 mos.]
389 2405 563 2456 Ejusdem
595 2406 755 2456 argutiae
785 2406 961 2444 sententia
990 2406 1038 2444 est
1070 2407 1109 2444 in

77 2452 202 2491 Senec.
240 2456 420 2494 Controv.
455 2469 509 2493 vr.
542 2461 627 2504 Ergo
654 2456 689 2504 fi
724 2457 795 2493 illis
820 2455 1023 2506 temporibus
1052 2457 1109 2504 iste

72 2505 228 2551 carnifex
259 2508 458 2556 apparuisset
478 2535 487 2551 ‚
536 2507 741 2542 conditorem
770 2509 876 2555 saum
907 2513 1014 2544 Roma
1041 2521 1109 2544 non

6 2552 8 2584 ἰ
74 2552 222 2592 haberet.
248 2557 307 2594 sed
325 2559 432 2595 nimis
450 2558 561 2605 longe
580 2558 748 2604 petitum.
776 2558 934 2594 DOUZA.

128 2616 182 2643 10.
210 2611 299 2643 Gens
319 2608 500 2644 hominnm
517 2608 605 2643 vitio
625 2607 816 2656 deperitura
828 2607 960 2656 foret.]
989 2607 1108 2645 Barth.

8 2687 9 2695 1
75 2654 172 2693 Adv.
196 2669 228 2694 X.
251 2670 370 2696 xxvn.
392 2664 480 2695 Gens
501 2658 682 2695 hominum
701 2658 798 2694 vitae
811 2659 1042 2707 praeperitura
1053 2660 1110 2705 fh·

8 2722 9 2727 ¹
73 2715 136 2743 ret.
170 2717 293 2757 argute
321 2710 545 2747 mehercules
568 2725 579 2753 ;
624 2709 751 2746 dubito
779 2717 903 2746 tamen
929 2721 975 2746 an
1012 2721 1109 2746 vere.

8 2765 9 2807 ᾗ
75 2768 178 2794 meus
209 2759 426 2798 Chartaceus
450 2789 460 2804 ‚
496 2760 580 2796 vino
607 2760 808 2809 deperitura.
834 2759 921 2796 alter
943 2761 1107 2805 Moreti,

76 2818 145 2842 non
157 2808 309 2855 peritura
319 2811 420 2855 foret.
446 2811 533 2848 latet
555 2810 702 2860 aliquid.
722 2811 816 2847 forte
831 2838 840 2854 ,
850 2824 930 2858 gens
949 2811 1107 2847 hamana

9 2866 10 2907 i
67 2855 187 2904 simul.
208 2858 416 2897 Hemsxus.
436 2861 597 2899 Barthius
621 2861 869 2909 conjecturam
892 2861 989 2898 illam
1008 2861 1108 2898 suam

8 2926 10 2952 t
77 2906 245 2945 adstruxit
270 2910 355 2947 loco
383 2912 532 2949 Aeneae
564 2913 700 2950 Gazaei
730 2924 811 2960 pag.
834 2911 894 2948 28.
921 2912 983 2948 ubi
1003 2911 1107 2949 illum

77 2957 174 2995 vide.
197 2957 257 2995 sed
285 2959 426 3009 deperire
452 2964 590 3000 retium
617 2963 665 3001 est
680 2977 692 3005 ;
720 2974 806 3000 nam
834 2969 938 2999 notat
964 2963 1108 3010 penitus

127 3065 212 3110 Ergo
234 3074 310 3097 cam
322 3061 431 3110 filices
443 3090 452 3105 ,
480 3070 559 3097 cunt
572 3063 654 3099 dens
663 3095 665 3099 .
668 3063 834 3112 patientis
852 3063 967 3100 aratri

177 3120 367 3161 Depereant
388 3125 472 3147 aevo
486 3139 495 3153 ,
525 3114 680 3148 carmina
702 3127 808 3151 morte
826 3125 953 3152 carent.

76 3162 167 3200 Vitio
186 3172 307 3201 autem
331 3162 536 3209 impliciter
554 3162 711 3208 positum
725 3191 734 3205 ,
760 3177 825 3212 pro
845 3177 954 3213 prave
967 3192 976 3209 ,
1003 3165 1110 3215 culpa

78 3223 234 3251 matrum
251 3225 363 3262 .quae
383 3210 650 3263 praeceii‘erant.
674 3213 799 3252 Tibul.
820 3226 850 3255 1.
869 3216 971 3265 Eleg.
991 3220 1027 3255 ic.
1049 3227 1111 3267 73.

132 3270 202 3300 Nec
219 3265 310 3312 sarit
339 3264 397 3300 hoc
424 3262 521 3299 vltt'0.

439 1358 744 1424 Tentaffet‚
783 1359 932 1433 quod
957 1373 1044 1423 m,
1082 1358 1120 1413 fi
1145 1371 1232 1414 tua
1259 1371 1428 1413 mater
1454 1376 1600 1431 opus

2101 1433 2211 1508 Ipse

1171 1548 1247 1587 Ubi
1268 1547 1570 1586 vid.Broukhufii
1589 1556 1705 1586 notas.
1726 1548 1774 1586 ita
1797 1548 1886 1585 vitio
1908 1546 2013 1584 creati
2034 1549 2216 1595 consules‚'

1170 1611 1236 1648 pro
1257 1611 1334 1636 non
1359 1601 1449 1641 rite,
1468 1608 1594 1636 contra
1612 1600 1776 1647 auspicia.
1806 1600 1864 1637 cui
1886 1600 1976 1636 haec
1996 1599 2115 1636 minus
2136 1600 2215 1648 pla-

1171 1650 1342 1738 gennlisse
1361 1648 1479 1698 posset
1494 1661 1557 1698 per
1577 1650 1906 1699 interrogationem
1930 1661 1974 1687 ex
1986 1649 2128 1688 Moreti
2148 1661 2215 1696 cog

1195 1713 1251 1738 ree
1287 1712 1415 1748 egere:

1218 1769 1308 1801 Gens
1326 1765 1506 1803 hominum
1529 1767 1616 1804 vitio
1636 1781 1702 1804 non
1720 1766 1874 1817 peritura
1892 1767 1984 1812 sbret
1998 1776 2014 1805 ἓ

1166 1825 1458 1865 Incommodum
1477 1837 1602 1868 tamen
1623 1829 1739 1865 fateor
1758 1826 1846 1862 vitio
1865 1828 1914 1864 ita
1933 1827 1994 1863 hic
2004 1825 2213 1874 simpliciter

1167 1879 1267 1925 poni.
1296 1879 1322 1916 fi
1350 1880 1474 1916 liceret
1504 1879 1729 1927 conjungere
1757 1888 1842 1913 cum
1872 1875 2051 1913 hominum
2072 1876 2214 1924 planior

1168 1926 1254 1965 efl'et
1272 1928 1470 1974 sententia,
1499 1930 1537 1966 ὃς
1565 1930 1613 1966 ita
1636 1941 1716 1976 gens
1744 1934 1943 1975 poneretur
1961 1927 2121 1964 absolute
2142 1938 2209 1975 pro

1166 1989 1298 2026 genere
1326 1981 1492 2018 humano
1516 2007 1526 2024 ,
1565 1987 1604 2017 ut
1638 1980 1676 2015 ὃς
1703 1991 1809 2026 gen-as
1843 1977 1939 2026 apud
1970 1977 2121 2015 Phaedr.
2156 1989 2211 2014 rr.

1167 2030 1389 2078 Prolog.ve1
1409 2029 1701 2072 hominum‚licet
1720 2027 1831 2065 semel
1848 2027 2021 2075 ponatur,
2033 2028 2084 2065 bis
2105 2027 2213 2064 intel-

1164 2078 1353 2127 ligendum
1384 2081 1433 2118 est
1452 2108 1461 2124 ,
1497 2079 1596 2129 quasi
1618 2076 1757 2115 dixisset
1783 2090 1870 2127 gens
1896 2079 2096 2117 hominum
2116 2078 2210 2116 vitio

1165 2129 1365 2168 hominum
1388 2131 1591 2179 deperitura
1613 2130 1720 2166 foret.
1746 2128 1901 2166 Remed.
1927 2141 1986 2178 30.

1215 2195 1262 2227 Et
1283 2206 1435 2243 quarum
1455 2192 1544 2229 vitio
1565 2190 1665 2228 nulla
1676 2188 1726 2240 fit
1747 2189 1826 2227 orba
1840 2199 1978 2239 parens.

1165 2253 1300 2293 Horat.
1324 2269 1355 2294 1.
1379 2255 1452 2293 Od.
1470 2267 1506 2292 2.

1218 2306 1305 2342 Vitio
1330 2316 1514 2356 parentum
1544 2311 1638 2342 Rara
1660 2306 1842 2354 juventus.

1165 2355 1213 2392 Et
1234 2357 1294 2394 ille
1315 2358 1431 2405 saepe.
1458 2356 1721 2394 BURMANNUS.

1218 2419 1271 2453 14.
1298 2408 1405 2455 Justa
1431 2407 1625 2457 pondera]
1664 2406 1707 2444 Id
1734 2406 1782 2443 est
1811 2404 1940 2443 debita.
1970 2402 2074 2451 Quid
2101 2404 2202 2441 enim

1165 2457 1213 2495 est
1229 2457 1355 2507 justius
1370 2487 1379 2503 ,
1404 2457 1519 2507 quam
1540 2467 1696 2495 matrem
1727 2457 1818 2493 ferre
1843 2457 1880 2492 in
1899 2462 2002 2491 utero
2023 2455 2204 2490 infantem

1164 2520 1277 2557 quem
1297 2517 1515 2557 conceperat
1537 2507 1552 2544 ἓ
1589 2508 1630 2544 In
1658 2506 1898 2543 vetustissimis
1923 2513 2048 2541 tamen
2067 2503 2208 2540 codici-

1164 2559 1228 2595 bus
1248 2560 1418 2607 scriptum
1433 2559 1611 2606 legimus,
1642 2556 1709 2603 Ista
1724 2583 1733 2599 ,
1762 2567 1839 2592 non
1866 2554 1982 2601 Justa.
2012 2553 2076 2601 Ista
2097 2554 2207 2601 igitur

1165 2609 1353 2657 pondera,
1366 2609 1411 2647 de
1434 2609 1562 2658 quibus
1582 2607 1791 2654 loquimur:
1814 2604 1852 2642 id
1873 2604 1919 2641 est
1939 2605 2071 2641 foetus.
2100 2604 2207 2640 Haec

1166 2660 1299 2697 melior
1329 2659 1377 2696 est
1408 2660 1532 2697 lee‘tio.
1562 2658 1741 2694 MArsz.
1789 2656 1912 2692 Immo
1941 2653 2035 2703 justa
2056 2653 2205 2702 pondera

1164 2709 1274 2755 sunt,
1324 2722 1418 2759 quae
1457 2718 1602 2756 tempus
1631 2706 1749 2744 foetui
1780 2704 1996 2742 destinatum
2025 2705 2205 2752 implent,

1165 2772 1260 2809 quae
1297 2773 1375 2798 non
1408 2758 1662 2807 intempestive
1700 2756 1962 2799 excutiuntur,
2006 2763 2203 2803 antequam

1162 2821 1281 2859 partus
1304 2811 1344 2848 fit
1367 2819 1527 2850 maturus
1548 2824 1558 2852 ;
1599 2809 1637 2845 ὅ(
1666 2808 1715 2845 ita
1741 2807 1865 2844 omnia
1883 2805 1975 2854 justa
2000 2814 2202 2848 vocantur,

1163 2873 1258 2910 quae
1278 2872 1452 2899 numeros
1471 2860 1552 2897 suos
1570 2858 1747 2906 implent;
1776 2865 1815 2894 ut
1835 2855 1932 2902 Jasti
1950 2855 2037 2891 amu·
2056 2868 2088 2891 x.
2108 2855 2204 2891 Met.

1166 2912 1222 2960 36.
1249 2912 1354 2959 Justa
1371 2911 1509 2958 statura
1531 2910 1628 2947 Suet.
1654 2908 1781 2946 Tiber.
1803 2906 1861 2943 68.
1889 2906 1994 2952 Justiz
2021 2904 2200 2952 mensura,

1164 2962 1209 2999 de
1227 2974 1298 3011 qua
1320 2961 1462 3000 Salmas.
1480 2960 1525 2998 ad
1545 2960 1650 2996 Tert.
1671 2959 1743 2995 Pal.
1761 2969 1839 3006 pag.
1864 2968 1944 3008 103.
1962 2955 2076 3011 'Just'a
2097 2965 2198 2988 arms

1114 3047 1117 3050 .
1164 3023 1237 3051 eye.
1263 3012 1337 3050 vid.
1367 3014 1536 3049 Gronov.
1564 3009 1608 3047 ad
1635 3010 1719 3046 Liv.
1749 3021 1845 3044 xxn.
1873 3007 1930 3052 425.
1958 3019 2004 3042 ua
2034 3003 2197 3051 sequenti

1163 3063 1267 3112 Eleg.
1293 3063 1328 3100 6.
1356 3067 1400 3098 Et
1422 3062 1571 3111 digitum
1591 3061 1633 3108 ja
1648 3073 1678 3095 το
1697 3058 1889 3095 commodas
1909 3055 1982 3092 orbe
2002 3066 2099 3089 teras.
2127 3052 2202 3094 Ja-

1155 3113 1251 3161 stum
1267 3122 1400 3163 pugnae
1422 3122 1551 3162 tempas
1568 3112 1669 3159 virg.
1692 3123 1725 3147 x.
1749 3108 1905 3146 Aeneid.
1925 3119 1966 3142 11.
1986 3105 2169 3161 numm.

1220 3176 1275 3211 15.
1303 3164 1498 3212 Geminos]
1530 3162 1734 3199 Romulum
1758 3161 1795 3196 &
1816 3156 2176 3211 RemuanLiOFAN.

1220 3214 1276 3251 18.
1304 3220 1438 3250 Futura
1450 3212 1564 3262 fain]
1596 3218 1729 3248 Futura
1750 3212 1843 3256 foret
1866 3208 2014 3243 Sarravu
2037 3207 2072 3238 ὸς
2092 3212 2202 3249 quin-

1165 3263 1288 3305 decim
1305 3264 1367 3305 alii
1385 3275 1471 3304 cum
1490 3264 1605 3312 prima
1628 3261 1803 3296 editione.

1612 3309 1687 3344 Kk
1708 3308 1731 3344 k
1768 3318 1790 3344 2
2026 3311 2085 3340 21.
2112 3304 2206 3338 Cum
