2553 3676
382 173 756 232 ARTIS
829 167 1600 227 AMAT‘ORIAE
1674 194 1848 232 ιῐΒ.

1923 178 1982 234 Π.

2162 183 2259 233 601

402 258 682 334 Ingenium
707 258 839 311 mala
863 254 1015 325 saepe
1043 245 1281 310 movent.
1320 259 1436 330 quis
1461 256 1709 313 crederet
1733 277 1986 334 umquam
1998 299 2017 328 ‚

475 334 660 388 Aerias
685 328 961 382 hominem
986 343 1205 397 carpere
1228 329 1375 408 pofle
1397 332 1536 386 vias?

291 426 362 481 45
401 403 714 473 Remigium
737 400 982 454 volucres
1006 398 1239 472 dilponit
1262 418 1317 452 m
1344 402 1534 457 ordine
1557 421 1784 475 pennas:

470 475 543 529 Et
566 476 684 528 leve
708 489 805 544 per
830 472 923 526 lini
947 472 1154 528 vincula
1178 470 1342 526 nectit
1367 489 1525 544 opus:

395 548 611 619 Imaque
635 563 752 618 pars
775 546 909 599 ceris
935 545 1278 617 adstringitur
1302 545 1428 616 igne
1452 546 1659 602 solutis:

469 619 784 692 Finitusque
807 636 977 673 novae
998 618 1104 690 jam
1126 618 1274 672 labor
1299 618 1423 672 artis
1448 632 1574 674 erat.

392 690 452 746 T
452 690 681 746 »factabat
705 709 993 765 ceramque
1018 709 1152 773 puer
1173 709 1482 765 pennasque
1505 693 1784 756 renidenS,

280 785 350 835 50

457 765 678 820 Nescius
704 765 835 819 haec
859 766 1094 819 humens
1117 778 1464 845 arma-parata
1487 766 1602 821 suis,

388 837 499 893 Cui
526 850 702 910 pater,
740 836 876 901 His,
912 837 1117 910 inquit,
1149 851 1317 908 patria
1341 836 1416 890 est
1440 837 1687 894 adeunda
1714 839 1929 894 carinis}

462 910 587 966 Hac
612 911 764 964 nobis
788 910 976 965 Minos
998 908 1342 982 effugiendus
1365 926 1484 981 ope.

389 984 534 1039 Aera
557 1001 667 1038 non
692 984 872 1055 potuit
897 983 1114 1044 Minos;
1157 983 1252 1036 alia
1279 984 1457 1037 omnia
1480 981 1674 1036 clausit.

448 1056 631 1128 Quem
659 1057 813 1120 licet,
850 1056 1079 1111 inventis
1103 1059 1223 1109 a'e'ra
1247 1073 1437 1128 rumpe
1462 1056 1610 1109 meis,

278 1147 343 1200 55
384 1128 490 1185 Sed
516 1129 610 1183 tibi
636 1147 736 1184 nec
764 1130 917 1201 virgo
941 1128 1223 1200 Tegeaea,
1262 1146 1551 1201 comesque
1577 1128 1787 1188 Bootae

457 1201 681 1276 Enfiger
716 1202 892 1259 Orion
918 1202 1288 1276 adspiciendus
1314 1202 1430 1258 erit.

6 1447 9 1453 .
83 1421 224 1459 horum
245 1421 484 1470 poeticorum
505 1421 697 1473 Apulejus.
725 1424 762 1462 in
781 1422 936 1462 Floridis
956 1428 1134 1475 quoque.

87 1471 152 1509 nbi
171 1473 245 1521 agit
264 1472 310 1510 de
330 1473 488 1523 Aquila,
516 1483 608 1522 puto
629 1475 857 1513 scribendum
873 1503 882 1519 ‚
912 1486 1042 1513 natatu
1070 1476 1137 1513 cle-

85 1524 198 1560 menti
217 1523 350 1560 labitur
364 1552 381 1568 „
402 1524 595 1571 velificatus
624 1526 701 1562 alas
721 1540 786 1577 quo
807 1526 909 1562 libuit
936 1528 1136 1566 advertens.

88 1574 186 1611 male
214 1575 310 1617 illic,
330 1584 420 1611 nutu
444 1576 612 1613 clementi.
651 1577 708 1614 Sic
730 1577 931 1614 clementem
963 1578 1136 1615 cli-valum

81 1624 186 1663 idem
224 1625 316 1662 Met.
354 1637 410 1662 lv.
438 1626 572 1663 clivum
603 1626 785 1664 clementer
814 1628 1037 1676 assurgentem
1057 1630 1136 1667 Ta-

85 1675 179 1712 citus
220 1675 323 1713 dixit.
370 1689 447 1712 cum
484 1676 555 1713 illis
585 1678 671 1726 fessa
708 1679 797 1726 sunt
824 1680 970 1727 remigia
1003 1689 1136 1729 penna-

82 1738 188 1769 rum,
226 1725 272 1763 de
299 1726 424 1764 avibus
441 1727 565 1766 libello
593 1727 638 1765 de
670 1729 756 1766 Deo
781 1729 948 1767 Socratis.
978 1731 1137 1770 Marcia-

79 1786 150 1814 nus
162 1776 310 1824 Capella
332 1777 392 1814 lib.
415 1790 458 1815 vi
471 1790 524 1815 11.
549 1784 672 1815 Verum
691 1780 768 1815 alae
786 1793 863 1816 cum
877 1781 999 1829 pennis
1019 1781 1136 1830 hyali-

80 1825 136 1863 nis
151 1854 161 1870 ,
181 1837 225 1865 (φ’
254 1826 432 1864 volitandi
444 1837 505 1877 per
525 1829 699 1865 mundum
725 1831 868 1878 remigia
895 1831 1042 1868 crebrius
1070 1846 1136 1869 au-

80 1887 165 1933 rata
195 1877 397 1927 crispantur.
445 1880 495 1916 D.
520 1879 688 1917 Paulinus
717 1882 880 1919 carmine
919 1882 965 1921 ad
994 1883 1136 1932 Cythe-

79 1938 208 1967 mum:

128 1990 282 2039 Desueta
302 1990 395 2039 longo
415 1990 557 2038 remigia
571 1999 768 2041 pennarum
782 1992 878 2043 senio

131 2042 240 2077 Natis
259 2042 427 2090 magistris
446 2042 624 2081 inchoant.

78 2104 142 2144 De
161 2106 300 2154 aquilis.
338 2112 502 2143 ceterum
531 2107 567 2143 in
589 2107 754 2156 quinque
774 2107 909 2157 scriptis
937 2109 1132 2159 Remigium

79 2154 232 2192 volucris
250 2156 393 2205 legitur.
421 2156 481 2193 sed
500 2156 655 2193 volucres
671 2167 805 2207 pennas
818 2187 828 2203 ,
856 2169 896 2197 ut
908 2172 1001 2198 unus
1022 2162 1132 2199 habet

77 2204 262 2244 Palatinus
276 2236 286 2251 ,
326 2207 483 2254 probum
514 2208 573 2245 est.
616 2209 773 2257 eleganti
799 2210 1043 2258 appositione.
1083 2212 1132 2249 fic

77 2255 217 2293 volucer
237 2257 389 2307 Cupido,
428 2259 467 2295 ὅ(
487 2257 632 2297 similia.
660 2261 810 2296 volucris
834 2261 940 2298 turba
962 2274 1030 2311 pro
1052 2264 1132 2301 avi-

76 2304 143 2346 bus
165 2308 260 2347 Met.
279 2321 315 2347 v.
338 2320 423 2358 301.
450 2320 495 2346 ex
512 2310 662 2358 optimis
679 2310 798 2349 libris:

671 2378 841 2421 Nuper&¹
860 2372 940 2420 istae

129 2422 323 2456 Auxerunt
340 2420 514 2457 volucrem
532 2422 646 2458 vietae
666 2426 851 2460 certamine
871 2424 1025 2464 turbam.

77 2479 171 2517 Non
203 2480 397 2518 voluerum.
443 2481 534 2520 Fast.
558 2495 589 2520 1.
616 2495 700 2532 449.
737 2497 782 2522 ex
810 2487 969 2534 antiquis
997 2486 1129 2525 itidem

30 2532 31 2567 i
75 2528 190 2568 libris:

129 2598 221 2630 Tuta
243 2595 304 2632 diu
324 2595 476 2634 volucris
494 2598 600 2648 proles
619 2608 695 2636 tum
717 2599 863 2650 denique
884 2600 977 2650 caesa
996 2601 1051 2649 est.

78 2658 291 2697 Hliiusms.
316 2662 422 2700 Plura
450 2663 534 2702 vide
562 2664 661 2713 apud
690 2665 747 2704 Cl.
774 2666 1055 2706 Drakenborch.
1083 2669 1128 2707 ad

77 2708 140 2747 Sil.
160 2709 236 2747 Ital.
252 2723 321 2748 ΧΠ.
341 2713 400 2758 98.

129 2773 189 2807 49.
228 2762 423 2813 Pennasque
448 2765 655 2817 reniden5.]
704 2766 867 2804 Renitens
906 2768 977 2806 sex.
1005 2770 1127 2806 remit-

73 2820 160 2848 tens.
188 2810 273 2848 duo.
301 2815 458 2851 recudens
484 2818 665 2855 Palatinus
695 2819 734 2855 &
766 2819 977 2857 Vaticanus.
1015 2835 1128 2858 recen-

71 2872 123 2899 tes
150 2861 224 2898 duo
252 2861 344 2899 libri.
369 2867 508 2902 reneHit
532 2869 680 2917 Regius.
734 2882 866 2907 omnes
896 2871 1031 2909 frustra.
1051 2872 1126 2910 vid.

75 2912 206 2951 I-Ieins.
228 2911 272 2949 ad
290 2915 430 2952 x.Met.
449 2918 528 2966 558.
558 2920 700 2968 &quae
712 2932 779 2956 nos
791 2920 836 2957 ad
847 2921 929 2957 Val.
942 2921 1125 2960 Flacciv.

2145 1295 2244 1354 Me

1192 1425 1228 1461 ia
1247 1423 1308 1463 lib.
1327 1422 1544 1463 v.Aene·1·d.
1569 1434 1625 1470 14.
1644 1424 1843 1473 interprete
1861 1421 1992 1461 Servio
2008 1450 2019 1469 ,
2039 1423 2079 1461 δε
2103 1422 2166 1462 lib.
2182 1431 2252 1466 vr:

1193 1487 1277 1525 353.
1324 1475 1468 1514 Noster.
1496 1489 1551 1514 xr.
1582 1476 1678 1513 Met.
1711 1487 1796 1524 513.
1844 1475 1981 1524 aliique
2006 1475 2147 1513 Poetae
2168 1504 2179 1521 ,
2207 1485 2249 1515 ut

1192 1528 1326 1564 Gracci
1359 1526 1458 1562 ἔπλει
1488 1526 1644 1564 Hefiod.
1670 1525 1747 1572 ἐργ.
1774 1528 1858 1570 627.
1886 1525 2066 1574 Apollon.
2099 1538 2129 1564 1.
2162 1527 2247 1576 369.

1193 1579 1230 1615 &
1255 1579 1366 1615 ceteri
1393 1577 1532 1625 passim.
1560 1577 1658 1615 unde
1678 1591 1817 1613 armare
1840 1578 1878 1613 ὅ(
1897 1590 2078 1613 exarmare
2102 1576 2248 1617 claffem

1192 1629 1370 1666 &similia
1384 1629 1491 1665 obvia
1504 1657 1515 1673 ,
1528 1627 1573 1665 de
1593 1627 1723 1677 quibus
1735 1627 1808 1665 vid.
1830 1627 2035 1665 C1.Schu1r.
2056 1626 2100 1665 ad
2116 1628 2247 1668 Senec.

1192 1691 1255 1718 xm.
1288 1680 1418 1717 Gontr..
1447 1680 1502 1716 16.
1520 1691 1601 1728 pag.
1625 1692 1709 1716 211.
1737 1679 1999 1716 Bunmaunus.

1243 1741 1301 1779 51.
1329 1731 1392 1766 His
1411 1730 1568 1780 inquit.]
1599 1737 1675 1766 Hac
1694 1730 1836 1773 carina,
1866 1728 1931 1765 hac
1952 1728 2046 1766 nobis
2063 1742 2149 1768 m.e.
2169 1729 2250 1770 erit..v

1192 1782 1341 1831 Regius.
1368 1789 1423 1830 ope
1443 1780 1485 1826 est
1507 1781 1622 1818 Aldus
1644 1782 1683 1818 &
1707 1781 1944 1818 recentiores.

1244 1845 1301 1881 54.
1327 1834 1412 1880 §Qua
1430 1830 1551 1880 licea]
1580 1832 1623 1868 In
1641 1831 1845 1874 nonnullis,
1875 1844 1981 1880 quam
1992 1830 2081 1869 licet.
2101 1839 2246 1871 utrum-

1191 1895 1264 1932 que
1283 1883 1393 1920 reete.
1420 1883 1677 1919 NAUGERms.
1705 1884 1820 1929 Qem
1842 1881 1920 1917 licet
1952 1881 2124 1920 meliores
2155 1895 2244 1924 cum.

1190 1935 1308 1982 prima
1341 1933 1517 1971 editione.
1561 1933 1731 1970 nonnulli
1764 1934 1878 1979 {Quem
1916 1931 2000 1968 libet
2034 1935 2246 1973 Commen-

1189 1986 1317 2022 nianus
1353 1985 1391 2022 ὃ(
1417 1992 1486 2021 tres
1513 1984 1607 2028 alii,
1643 1982 1850 2032 Qamlibet
1873 2011 1883 2027 ‚
1913 1984 2024 2020 etiam
2057 1995 2132 2022 non
2165 1997 2245 2023 man

1187 2035 1234 2073 le.
1260 2035 1358 2073 vide
1387 2035 1646 2083 NotasEp.vx.
1666 2035 1724 2077 ybs.
1750 2046 1830 2081 140.
1859 2035 2000 2072 HfflNs.
2029 2035 2099 2072 Sed
2119 2037 2244 2085 &qua

1187 2085 1268 2123 licet
1295 2086 1454 2137 probum
1481 2085 1541 2123 est.
1571 2085 1645 2124 vid.
1674 2084 1783 2134 Epist.
1814 2097 1892 2122 xvi.
1911 2097 1996 2135 235.
2019 2089 2102 2123 a'e‘ra
2123 2096 2242 2136 carpe,

1214 2150 1303 2176 unii.

1187 2137 1207 2183 J
1243 2202 1300 2238 55.
1328 2187 1513 2240 comesque
1532 2187 1688 2238 Bootes.]
1717 2189 1822 2226 Novi
1842 2188 1901 2226 illa
1921 2188 2124 2238 Hesychii,
2155 2188 2239 2241 Βοώ-

1190 2254 1280 2284 της,
1309 2236 1481 2283 §.O-'picum
1502 2240 1540 2276 &
1570 2240 1739 2284 Rom-ssu,
1761 2238 1934 2286 ἀροτριᾷν.
1970 2241 2031 2276 ὅτε
2064 2242 2078 2276 ὁ
2111 2241 2238 2282 Ω’ρὶων

1189 2292 1271 2331 δύνῃ
1292 2293 1476 2333 Λάκωνες.
1502 2290 1579 2327 Ubi
1601 2291 1724 2328 Orion
1745 2302 1830 2328 cum
1856 2296 1962 2327 1300th⁴
1987 2290 2240 2328 confunditur.

1188 2342 1388 2392 quomodo
1417 2342 1477 2379 alii
1509 2353 1594 2378 cum
1626 2341 1744 2379 Icario
1789 2353 1905 2380 unum
1946 2342 2093 2378 faciunt.
2138 2341 2239 2379 unde

1188 2396 1343 2430 Aetaeus
1364 2400 1476 2430 Bootes
1495 2392 1648 2429 Valerio
1669 2392 1801 2430 Flacco
1823 2392 1937 2429 dictus
1958 2392 2016 2428 lib.
2036 2403 2090 2428 11.
2105 2389 2161 2433 fils.
2175 2393 2238 2440 69.

1183 2446 1247 2495 qui
1278 2444 1381 2482 locus
1407 2456 1487 2481 non
1509 2443 1557 2481 est
1576 2442 1833 2481 sollicitandus.
1860 2442 2051 2490 Propertio
2081 2453 2238 2492 quoque

1181 2496 1244 2535 lib.
1266 2508 1321 2534 11,
1340 2495 1395 2533 El.
1423 2507 1564 2532 xxxin.

1235 2559 1396 2596 Flebtunt
1417 2558 1520 2595 Icarii
1530 2555 1645 2605 fidera
1662 2557 1769 2594 tarda
1794 2557 1907 2609 boves.

1185 2620 1262 2658 Hic
1288 2629 1414 2658 tamen
1443 2620 1576 2663 scribe,
1614 2627 1737 2657 Bootae
1763 2633 1848 2658 cum
1873 2621 2020 2668 optimo
2049 2622 2170 2671 Regio
2193 2624 2235 2662 δε

1183 2684 1261 2709 uno
1289 2672 1479 2709 patavino.
1529 2671 1663 2720 Neque
1683 2672 1820 2716 obstat,
1855 2670 1965 2709 sidera
1992 2673 2083 2709 haec
2113 2675 2235 2713 minus

1183 2722 1247 2760 fibi
1268 2723 1388 2760 vicina
1412 2721 1505 2767 effe,
1534 2733 1618 2759 cum
1649 2725 1688 2759 ὃς
1720 2722 1906 2766 Catullus,
1925 2723 2128 2771 proximum
2160 2732 2235 2774 Hy-

1182 2773 1324 2810 drochoo
1345 2774 1506 2810 Orionem
1525 2782 1662 2820 ponat,
1692 2775 1853 2810 carmine
1871 2773 1916 2810 de
1938 2772 2061 2810 Com-a
2084 2775 2232 2813 Bereni-

1184 2835 1264 2867 ces,
1296 2824 1360 2861 nisi
1380 2837 1445 2872 pro
1460 2823 1656 2872 Hydrochoo
1673 2823 1902 2861 scribendum
1924 2824 2020 2869 illic,
2049 2826 2234 2864 Henioche.

1184 2876 1397 2912 Hans-xus.

1234 2927 1290 2973 56.
1319 2923 1452 2974 Enfifer
1472 2924 1617 2974 Orion.]
1648 2923 1782 2975 Ensiger
1801 2927 1938 2975 Regius
1957 2938 2041 2964 cum
2065 2928 2227 2976 quinque

74 2974 160 3011 234.
209 2961 373 3001 dabimus
406 2966 613 3015 aliquando.
653 2970 783 3019 pinnas
818 2972 930 3008 etiam
975 2973 1122 3022 Regius,
1179 2977 1254 3014 aliis
1276 2978 1313 3014 ὅ(
1333 2979 1450 3025 prima
1476 2975 1651 3014 editione.
1678 2977 1726 3014 fic
1747 2979 1784 3015 &
1804 2979 1976 3016 meliores
1996 2978 2075 3015 libri
2094 2985 2223 3025 quarto

77 3013 348 3052 BURMANNUS.

130 3077 190 3113 ςο.
218 3068 336 3101 Arma
356 3073 496 3113 param.
516 3065 532 3114 ]
560 3068 730 3108 Francius
754 3072 933 3116 malebat,
969 3073 1090 3111 vincla
1105 3103 1114 3120 ,

75 3124 118 3154 ut
137 3116 188 3153 bis
210 3124 313 3153 terve
331 3126 450 3153 vocat.
478 3117 535 3154 vel
560 3145 569 3160 ,
597 3119 696 3157 dona.
724 3121 783 3158 sed
808 3136 995 3173 perperam
1015 3155 1025 3171 ‚
1054 3126 1117 3164 ad·

75 3166 169 3205 ludit
188 3167 289 3203 enim
312 3167 355 3204 ad
367 3168 516 3204 navium
540 3181 643 3204 arma
662 3170 722 3207 vel
733 3184 953 3212 armamenta
970 3205 978 3218 ‚
992 3186 1032 3214 ut
1052 3189 1120 3213 vo-

77 3217 262 3255 cabantur.
307 3230 391 3255 nam
424 3230 513 3255 mox
544 3220 700 3256 carinam
729 3232 838 3260 vocat
872 3226 909 3261 ὃ(
940 3220 1121 3275 remigium

79 3267 181 3318 (upra
193 3268 254 3316 ,&
272 3280 364 3308 vers.
384 3270 442 3317 64.
454 3269 547 3308 vela.
562 3272 610 3308 ita
629 3284 732 3309 arma
752 3275 1044 3326 vocatVirgilius
1064 3291 1126 3315 ve-

1180 3027 1367 3065 Fastorum
1392 3027 1476 3076 388.

1225 3090 1363 3140 Enstger
1383 3092 1490 3129 Orion
1508 3106 1651 3142 aequore
1668 3096 1796 3145 mersus
1815 3104 1901 3132 erat.

1174 3156 1272 3205 apud
1295 3158 1488 3195 Lucanum
1509 3167 1635 3197 tamen
1656 3161 1734 3199 libr.
1760 3174 1789 3199 1.
1810 3160 1894 3206 665.

1231 3220 1378 3269 Ensiferi
1415 3223 1567 3260 nimium
1599 3224 1711 3274 fulget
1749 3225 1842 3262 latus
1881 3217 2027 3257 orionis.

1181 3280 1401 3320 Hizmsms.

1466 3332 1501 3381 G
1514 3342 1602 3380 agg
2105 3328 2227 3380 5808&
