2553 3676
275 226 380 295 684
773 215 835 273 P.
911 212 1323 272 ovimi

1395 211 1949 270 NASONIS·-

573 305 631 362 Si
653 302 933 362 Venerem
958 304 1110 358 Cous
1137 321 1400 379 nusquam
1423 305 1674 378 posuisset
1700 307 1919 380 Apelles
1935 330 1955 371 ς

648 377 831 433 Mersa
855 377 948 433 sub
975 379 1254 450 aequoreis
1279 379 1361 433 illa
1383 379 1572 433 lateret
1596 379 1760 453 aquis.

575 451 731 525 Quid
754 452 955 524 petitur
983 451 1165 515 sacriS‚
1202 452 1299 506 nifi
1324 465 1534 505 tantum
1557 451 1721 517 fama,
1744 453 1954 526 poetis?

654 523 1009 579 Hoovotum
1033 524 1196 578 nostri
1220 524 1421 578 summa
1448 523 1641 577 laboris
1664 526 1842 580 habet.

427 616 533 670 405
571 596 721 653 Cura
745 597 966 653 Ducum
993 596 1210 651 fuerunt
1237 597 1365 649 olim
1390 595 1719 668 Regumque
1741 604 1963 669 po‘e'tae:

657 671 1008 743 Praemiaque
1038 668 1244 741 antiqui
1267 685 1463 739 magna
1490 667 1660 722 tulere
1685 669 1854 724 chori.

581 743 879 818 San6³taque
903 741 1169 812 majestaS,
1205 741 1261 794 δε
1287 754 1400 795 erat
1429 739 1736 796 venerabile
1761 759 1964 801 nomen

647 817 902 874 Vatibus:
943 814 999 868 &
1024 814 1199 887 largae
1223 814 1377 887 saepe
1404 813 1665 868 dabantur
1692 831 1838 887 opes.

575 889 782 947 Ennius
811 887 1073 952 emeruit,
1110 887 1350 943 Calabris
1375 888 1431 942 in
1458 886 1733 942 montibus
1764 901 1943 954 οπως,

433 970 540 1036 [410

651 962 960 1035 Contiguus
987 961 1146 1034 poni,
1184 961 1368 1040 Scipio
1392 978 1615 1032 magne,
1655 960 1768 1015 tibi.

501 1052 505 1055 ’
581 1037 743 1093 Nune
769 1036 964 1090 ederae
990 1035 1096 1089 fine
1120 1034 1331 1088 honore
1356 1047 1555 1103 jacent:
1599 1046 1926 1107 operataque
1951 1032 2130 1090 dof’tio'

654 1109 801 1164 Cura
827 1109 955 1180 vigil
980 1106 1149 1161 Musis
1173 1123 1377 1160 nomen
1399 1106 1585 1170 inertis
1611 1106 1786 1162 habet.

587 1182 695 1237 Sed
720 1181 890 1235 famae
916 1180 1134 1251 vigilare
1155 1178 1335 1250 juvet:
1374 1180 1492 1252 quis
1519 1178 1692 1235 noffet
1716 1179 2061 1246 Homerum,

658 1254 771 1309 Ilias
795 1252 1138 1309 aeternumsi
1162 1251 1389 1309 latuisset
1414 1254 1581 1326 opus?

286 1449 344 1485 nit
365 1445 579 1485 Athenaeus
597 1444 660 1483 lib.
671 1456 771 1505 Νιωτ.
799 1444 945 1484 Zenoni
975 1454 1221 1486 coaetaneum
1255 1445 1343 1485 facit

289 1549 521 1587 continentia
542 1547 717 1586 Clemens
739 1548 1011 1587 Alexandrinus
1029 1549 1091 1587 lib.
1116 1563 1181 1587 111.
1208 1549 1345 1587 Strom.

288 1599 470 1637 Aelianus
494 1600 633 1637 Histor.
655 1599 819 1636 Animal.
837 1599 898 1636 lib.
919 1612 973 1637 vi.
991 1612 1070 1648 cap.
1092 1613 1120 1638 1.
1148 1601 1187 1638 ὃς
1208 1600 1345 1638 Variae

287 1649 476 1688 Historiae
492 1650 555 1688 lib.
574 1663 636 1688 ω.
657 1661 735 1698 cap.
757 1662 842 1687 XXX.
870 1651 990 1688 Miror
1008 1652 1246 1700 interpretes,
1274 1652 1348 1689 im—

290 1701 418 1750 primis
442 1701 672 1745 Ciofanum,
700 1701 760 1738 cui
783 1702 890 1750 copia
919 1702 988 1739 fuit
1018 1710 1077 1739 tot
1098 1710 1269 1740 veterum
1299 1702 1346 1740 li-

287 1752 442 1790 brorum
456 1780 467 1797 ,
485 1752 744 1796 hunclocum,
764 1751 982 1801 praeteriisse
990 1752 1187 1791 indictum.
1199 1753 1309 1790 Hm
1318 1766 1348 1791 s.

290 1801 527 1841 Confirmant
555 1802 701 1841 Heinfii
728 1803 1003 1842 correctionem
1032 1801 1181 1842 Gloffae
1210 1803 1348 1842 codicis

290 1853 465 1892 Francos.
484 1854 692 1903 adscriptae.
720 1866 817 1904 quae
841 1855 1048 1904 explicant:
1095 1861 1285 1893 cantorem
1305 1866 1350 1896 ω’

291 1907 439 1942 Ροέτιυη
455 1932 465 1950 ,
492 1906 581 1943 unde
603 1918 743 1942 carmen
763 1907 992 1944 Amoebeum.

343 1968 431 2001 400.
463 1963 597 2006 Ignotae
604 1957 722 2005 gratia
739 1969 867 2006 magna
887 1957 1037 2008 Lyrae.]
1054 1957 1198 1996 Adlufit
1217 1957 1263 1997 ad
1280 1970 1352 1996 no-

290 2006 470 2046 tissimum
500 2009 730 2046 Graecorum
750 2009 988 2057 proverbium
1004 2038 1014 2053 ,
1036 2010 1101 2052 τῆς
1124 2010 1354 2053 λανθανούσης

291 2060 461 2102 μουσικῆς
490 2058 598 2101 visen,-
626 2061 747 2105 λόγος.
792 2059 839 2097 de
865 2072 943 2110 quo
967 2060 1051 2098 vide
1074 2061 1211 2098 Erasm.
1235 2061 1355 2110 Adag.

291 2109 331 2146 in
343 2110 454 2149 titulo
465 2110 622 2147 occulta.
652 2122 733 2159 pag.
748 2122 830 2159 547.
858 2112 899 2148 ὃς
910 2112 1128 2150 Comment.
1139 2112 1185 2149 ad
1197 2112 1354 2150 Sueton.

293 2159 441 2200 Neron.
463 2173 540 2212 cap.
557 2173 617 2200 xx.
639 2163 677 2199 ἃ
696 2162 746 2199 ita
770 2162 962 2201 Claudian.
983 2175 1039 2201 iv.
1067 2163 1178 2201 Cons.
1203 2164 1356 2203 Honor.

293 2221 380 2250 220.

345 2262 420 2300 Vile
439 2262 553 2301 latens
576 2263 712 2308 virtus,
746 2264 832 2314 quid
851 2264 944 2302 enim
957 2264 1138 2314 submerfiz
1155 2265 1303 2303 tenebris

345 2314 510 2352 Proderit
530 2314 664 2364 obfiuro
677 2319 692 2351 !
721 2315 833 2352 veluti
845 2314 920 2363 fine
938 2317 1062 2365 remige
1080 2317 1200 2365 puppis
1214 2345 1225 2361 ,

345 2365 405 2402 Vel
428 2366 507 2414 lyra
523 2394 532 2411 ,
547 2380 635 2418 quae
658 2366 774 2403 reticet
786 2395 796 2410 ‚
809 2366 866 2402 vel
887 2367 947 2417 qui
961 2381 1029 2403 non
1041 2368 1202 2404 tenditur
1211 2381 1328 2406 arcus.

294 2415 464 2466 Quidam
483 2417 544 2455 hic
564 2417 711 2455 codices
731 2417 901 2455 sollemni
921 2418 1218 2466 perturbatione,
1241 2419 1355 2468 gloria

295 2481 439 2518 magna;
464 2467 568 2518 quod
589 2469 726 2506 eodem
748 2468 854 2506 redit.
908 2468 1176 2506 Burmannus.

345 2531 433 2565 401.
459 2518 586 2568 Cous.]
617 2519 890 2567 Coisnunquam
901 2518 977 2557 duo
988 2519 1355 2559 Bersmanni&unus

297 2569 441 2608 Heinfii
461 2584 469 2607 :
492 2571 606 2608 etiam
627 2582 704 2607 non
729 2571 837 2607 male.

346 2633 431 2666 401.
461 2627 659 2671 Nunquam
684 2621 846 2670 pinxiffiet
878 2619 1050 2670 Apellen]
1082 2620 1271 2670 Nusquam
1293 2630 1356 2670 po-

290 2670 406 2719 suisset
426 2673 542 2720 prima
564 2672 680 2710 editio
696 2700 705 2716 ‚
733 2683 826 2710 cum.
839 2672 962 2722 Regio
984 2699 994 2715 ‚
1023 2672 1262 2716 Sar-raviam,
1291 2674 1354 2717 Ju-

299 2724 369 2759 reti
391 2725 568 2772 excerptis
583 2753 593 2768 ,
624 2724 660 2760 &
676 2724 842 2773 quinque
855 2731 918 2761 aut
934 2722 994 2760 sex
1014 2723 1089 2761 aliis
1107 2722 1257 2772 scriptis.
1276 2724 1354 2762 Re.-

301 2771 370 2809 ite.
399 2773 574 2811 Horatius
596 2774 656 2812 lib.
674 2786 727 2811 iv.
748 2774 824 2811 Od.
845 2773 879 2812 8.

347 2822 415 2859 Hic
438 2836 512 2859 aere
527 2851 536 2865 ‚
565 2835 603 2859 at
626 2825 770 2873 liquidis
793 2824 855 2861 ille
872 2823 1035 2862 coloribus

349 2873 470 2910 Sollers
492 2887 584 2909 nunc
601 2874 774 2913 hominem
788 2885 910 2925 ponere
924 2904 934 2920 ‚
961 2888 1055 2912 nunc
1076 2875 1190 2914 deum.

304 2924 430 2973 Atque
458 2925 509 2962 ita
540 2924 730 2963 Salmasius
757 2938 911 2975 quoque
939 2938 984 2963 ex
1010 2928 1125 2964 veteri
1145 2925 1277 2964 codice
1308 2926 1355 2965 ad

297 2976 455 3013 Panium
476 2974 697 3012 Tertulliani
719 2976 889 3024 reposuit.
917 2977 1017 3014 reete
1037 2978 1164 3015 addito
1183 2979 1258 3015 hoc
1276 2977 1356 3026 ipso

304 3027 514 3064 Horatiano
541 3026 628 3063 loco
648 3053 657 3070 ,
691 3028 753 3074 qui
774 3027 973 3063 Nasoniani
989 3028 1064 3064 loci
1084 3029 1354 3066 restitutionem

302 3079 447 3127 egregie
468 3076 662 3114 confirmat
672 3091 684 3119 3
713 3085 753 3114 ut
772 3076 1015 3115 dubitandum
1036 3088 1113 3114 non
1131 3077 1173 3114 fit
1191 3078 1235 3115 de
1250 3079 1357 3125 Regii

300 3129 438 3166 codicis
455 3128 639 3176 scriptura.
693 3129 830 3176 Neque
858 3129 960 3166 aliter
986 3128 1092 3165 Echo
1114 3127 1212 3176 apud
1233 3128 1358 3165 Auso-

301 3180 406 3216 nium
430 3181 467 3217 in
489 3179 794 3227 Epigrammatis:

350 3236 443 3266 Vane
457 3259 467 3275 ,
498 3230 584 3281 qaid
604 3229 743 3278 aff'ecflas
754 3227 902 3278 speciem
922 3227 1012 3265 mihi
1028 3237 1150 3278 ponere
1168 3228 1286 3279 piflor.

299 3281 509 3319 Hmnsnis.
539 3280 704 3322 Vid.lib.
738 3292 773 3320 x.
793 3280 890 3321 Met.
920 3280 1003 3335 ςῑόἔ
1032 3280 1079 3333 de
1104 3281 1255 3333 Venere
1270 3293 1360 3323 vero

298 3343 389 3380 supr.
406 3345 489 3382 224.

2312 1326 2455 1402 Quis·

1450 1458 1534 1494 404.
1561 1450 1706 1486 Summa
1726 1446 1893 1498 laboris]
1923 1451 2034 1485 Fama
2056 1443 2183 1483 laboris
2207 1443 2357 1484 Saravii.
2375 1443 2468 1485 viclo¹>

1400 1497 1446 1536 ad
1457 1499 1567 1547 Epist.
1586 1511 1659 1537 vu.
1683 1511 1739 1538 12.
1767 1501 1806 1536 &
1826 1499 1872 1537 ad
1891 1512 1946 1537 rx.
1966 1500 2127 1537 Metam.
2143 1509 2199 1542 14.

1452 1561 1537 1598 405.
1564 1555 1664 1587 Cura
1693 1556 1837 1587 Ducum
1867 1549 2053 1598 fuerant]
2101 1547 2219 1586 Deum
2246 1547 2385 1596 Regius
2411 1547 2454 1586 8:

1401 1609 1561 1650 quatuor
1581 1601 1654 1639 alii.
1681 1601 1808 1650 Elegia
1824 1601 1863 1638 in
1884 1591 2052 1639 Obituns
2063 1598 2206 1637 Tibulli
2231 1598 2365 1637 Noster
2391 1597 2458 1639 lib,
2504 1593 2505 1597 ¹
2545 1584 2548 1589 Ι

1402 1664 1468 1690 111.
1493 1653 1620 1690 Amor.
1644 1664 1681 1700 9.

1454 1707 1511 1739 At
1522 1703 1617 1752 sacri
1637 1713 1761 1747 vates,
1789 1714 1833 1743 (5³
1854 1701 1985 1739 divum
2004 1714 2089 1738 cura
2107 1713 2288 1739 vocamur.
2451 1749 2456 1754 ἱ

1405 1754 1590 1792 Minutius
1618 1754 1782 1793 Octavio
1798 1782 1808 1798 ,
1829 1766 1908 1803 cap.
1929 1766 1963 1802 5.
1991 1752 2066 1800 Qu
2085 1751 2201 1788 adhuc
2225 1750 2308 1789 rudi
2320 1747 2459 1806 sheculjo

1403 1804 1442 1841 in
1462 1803 1561 1854 ipsius
1579 1806 1705 1842 mundi
1724 1804 1904 1842 natalibus
1917 1833 1927 1848 ‚
1955 1813 2156 1841 meruerunt
2183 1808 2271 1840 Deos
2296 1801 2355 1838 vel
2362 1803 2458 1848 fact·-

1405 1855 1451 1892 les
1474 1856 1619 1901 habere,
1647 1856 1706 1893 vel
1717 1863 1826 1905 Reges.
1853 1855 1915 1893 sed
1929 1863 2056 1893 tamen
2074 1854 2204 1892 ducum
2220 1867 2305 1892 cura
2321 1853 2460 1901 retines:
2492 1863 2510 1894 ,’

1405 1908 1435 1945 ri
1458 1907 1571 1945 malo.
1601 1908 1735 1945 Horat.
1754 1912 1833 1945 Art.
1854 1909 1959 1955 poe't.
1981 1917 2042 1955 73.

1460 1964 1522 1995 Res
1536 1958 1643 2007 gestae
1662 1971 1846 2008 regumque
1867 1957 2085 2006 ducumque,
2111 1967 2155 1997 ω’
2171 1955 2283 2004 tristia
2305 1954 2409 1995 bella.
2432 1984 2434 1986 v

1407 2008 1600 2048 Claudian.
1617 2009 1663 2047 de
1678 2010 1851 2058 Scipione
1862 2008 2048 2047 Praefflib.
2064 2007 2166 2046 11.de
2178 2007 2277 2046 laud.
2289 2007 2364 2046 Stil.
2374 2020 2411 2055 4.

1460 2066 1594 2109 Semper
1611 2070 1687 2097 erat
1708 2070 1840 2097 vatum
1858 2059 2020 2097 maxima
2038 2072 2122 2096 cura
2141 2059 2231 2096 duci.

1407 2111 1600 2150 Praeterea
1615 2111 1996 2161 fuerunt-legendum
2018 2122 2105 2148 cum
2135 2109 2315 2159 excerptis
2334 2109 2466 2157 Jureti:

1409 2162 1496 2201 vide
1520 2163 1639 2200 Notas
1658 2163 1704 2200 ad
1723 2162 1834 2212 Epist.
1854 2161 1997 2205 vimis.
2018 2162 2098 2199 166.
2129 2162 2263 2199 Po'e'tas
2282 2160 2376 2199 olim
2393 2161 2463 2208 duq
2516 2163 2517 2166 ’

1413 2214 1513 2251 cibus
1532 2225 1640 2252 curae
1659 2212 1762 2251 fuisse
1783 2214 1974 2252 Pausanias
1995 2212 2107 2250 docet
2125 2213 2164 2250 in
2183 2211 2315 2250 Atticis
2334 2224 2464 2250 exem-

1411 2265 1475 2314 plo
1495 2265 1689 2302 Philoxeni
1708 2265 1747 2302 δε
1761 2265 1876 2302 Arati.
1905 2265 1964 2302 Sic
1976 2263 2168 2313 Euripides
2179 2263 2364 2301 Archelao
2376 2264 2465 2301 Ma-

1412 2315 1591 2353 cedoniae
1612 2316 1710 2365 regi,
1739 2316 1941 2353 Anacreon
1959 2315 2144 2364 Polycrati
2165 2315 2313 2358 Samio,
2341 2315 2469 2353 Simo·-
2540 2309 2542 2311 ’

1410 2366 1513 2404 nides
1524 2394 1533 2411 ,
1548 2366 1724 2404 Pindarus
1738 2394 1748 2410 ‚
1759 2365 1985 2404 Bacchilides
1997 2366 2157 2403 Hieroni
2178 2365 2321 2403 Siciliae
2340 2374 2468 2415 tyran-

1409 2429 1481 2455 no:
1513 2417 1627 2455 iidem
1646 2429 1802 2466 quoque
1826 2418 2044 2461 Anacreon,
2073 2417 2112 2453 &
2131 2415 2341 2454 Simonides
2367 2418 2465 2466 Hip-

1409 2468 1547 2516 parcho
1577 2468 1740 2506 Piiistrati
1770 2467 1848 2506 filio
1879 2467 2047 2506 cariffimi
2074 2468 2189 2505 fuere.
2230 2469 2282 2504 At
2307 2469 2402 2505 Cato
2424 2470 2464 2506 in

1413 2520 1596 2557 Oratione
1608 2520 1662 2556 M.
1678 2519 1865 2557 Nobiliori
1876 2519 2020 2568 objicit,
2039 2517 2142 2568 quod
2154 2518 2311 2556 poetam
2323 2519 2361 2556 in
2373 2519 2464 2555 Pro-

1412 2571 1574 2608 vinciam
1603 2568 1781 2614 duxiffet,
1817 2571 1881 2620 qui
1912 2571 2077 2608 Ennium
2097 2581 2144 2607 eo
2176 2568 2340 2607 duxerat.
2374 2569 2463 2608 vide
2522 2565 2526 2567 “

1411 2621 1531 2659 Cicer.
1549 2621 1610 2659 lib.
1630 2622 1753 2671 primo
1774 2621 1888 2659 Tusc.
1910 2620 2062 2670 Quaest.
2082 2621 2279 2670 principio.
2313 2620 2465 2661 stnss

1460 2672 1548 2720 406.
1573 2672 1751 2722 Magna.]
1782 2672 1905 2709 Multa
1923 2681 1995 2710 tres
2013 2671 2105 2709 libri.

1460 2735 1547 2771 409.
1574 2724 1711 2760 Ennius
1735 2723 1882 2760 emeruit
1910 2721 2073 2758 Calabris
2099 2721 2140 2758 in
2166 2720 2342 2760 montibus
2370 2726 2466 2763 ortu}

1408 2774 1601 2823 Contiguus
1616 2774 1716 2823 poni,
1735 2773 1839 2823 Scipio
1858 2785 1981 2822 magne
2003 2801 2013 2817 ‚
2034 2771 2129 2822 tibi.]
2155 2772 2274 2811 Aliter
2287 2775 2324 2812 in
2337 2777 2464 2815 omni-

1343 2872 1348 2875 ·
1410 2825 1496 2862 bus:
1525 2826 1617 2862 mihi
1637 2834 1787 2868 tamen,
1814 2825 1879 2874 qui
1906 2824 1975 2861 hos
2006 2823 2126 2860 versus
2152 2824 2203 2861 ita
2222 2825 2467 2874 castigarunt',

1409 2875 1511 2913 recte
1530 2875 1735 2913 admodum
1757 2874 1822 2913 visi
1842 2875 1922 2912 sunt
1939 2873 2118 2924 castigasse
2134 2903 2145 2919 ‚
2173 2883 2285 2925 atque
2296 2877 2384 2916 ideo
2399 2890 2465 2918 eos

1410 2927 1555 2964 secutus
1571 2927 1665 2965 sum.
1693 2927 1955 2964 quonmus.
1986 2926 2076 2963 Hoc
2095 2926 2275 2964 distichon
2299 2930 2464 2976 primus,

1410 2977 1514 3027 quod
1536 2977 1644 3015 sciam
1659 3005 1671 3021 ‚
1705 2976 1753 3014 fic
1772 2976 1988 3014 emendavit
2008 2976 2184 3014 eruditiss.
2201 2978 2403 3018 Parrhasius
2423 2982 2463 3020 in

1412 3029 1690 3066 commentariis
1706 3028 1744 3064 in
1754 3027 2014 3064 Claudianum.
2044 3030 2169 3077 Atque
2192 3040 2263 3078 ego
2285 3031 2466 3072 declaravi

1412 3079 1450 3115 in
1471 3079 1624 3116 Scholiis
1643 3079 1680 3115 in
1699 3078 2018 3115 lib.11.Tristium.
2048 3079 2264 3117 Cios-xnus.
2292 3081 2346 3120 Ita
2368 3085 2466 3133 opti-

1414 3140 1476 3165 me
1495 3130 1594 3166 hunc
1610 3129 1738 3166 locum
1759 3128 1912 3166 restituit
1930 3130 2041 3176 Janus
2066 3130 2269 3169 Parrhasius
2287 3133 2325 3170 &
2344 3133 2463 3173 felicia

1413 3186 1468 3216 ter
1490 3179 1744 3228 interpretatus
1762 3179 1810 3216 est
1830 3180 2117 3218 Commentario
2135 3181 2180 3219 ad
2199 3182 2362 3231 Raptum
2375 3186 2464 3224 Pro-

1413 3229 1576 3279 serpinae
1600 3230 1817 3273 Claudiani,
1834 3231 1895 3269 lib.
1919 3243 2020 3278 1.42.
2049 3243 2134 3270 cum
2147 3233 2184 3270 in
2194 3233 2330 3283 scriptis
2340 3237 2462 3274 omni-

1416 3281 1481 3318 bus
1492 3280 1548 3326 fit,
1560 3281 1686 3326 hortos,
1704 3282 1764 3319 vel
1783 3292 1881 3319 ortos.
1894 3283 1933 3320 ὃ(
1952 3282 2145 3332 posteriori
2163 3284 2282 3329 versu,
2294 3287 2463 3336 contiguos

1412 3341 1514 3387 poene
1532 3331 1624 3381 tibi,
1649 3332 1739 3382 vel,
1766 3333 1849 3387 tuis.
1875 3334 2037 3386 Regius,
2059 3334 2186 3386 poenis.
2205 3335 2309 3386 poni,
2335 3337 2464 3387 sepeli-

2423 3400 2467 3434 ri,
