2553 3676
240 195 307 246 26

716 177 776 233 P.
851 171 1270 232 OVIDII
1343 172 1878 230 NASONIS

534 268 731 325 Adfuit
753 265 976 331 Alecto,
1011 265 1262 321 brevibus
1285 278 1533 341 torquata
1570 266 1835 330 colubris;

394 362 493 400 120

605 343 848 416 Suntque
872 339 1148 412 sepulcrali
1169 340 1368 395 lumina
1391 354 1538 394 mota
1563 339 1697 395 face.

535 415 748 473 Moesta
773 429 953 468 tamen
975 412 1221 485 scopulos
1246 412 1606 486 fruticosaque
1630 414 1787 469 litora
1815 413 1992 478 calm,

612 489 844 561 Quaque
870 498 1055 559 patent
1080 486 1248 540 oculis
1272 504 1506 560 aequora
1530 487 1631 539 lata
1655 488 1803 542 meiS.

538 562 662 618 Sive
689 561 776 614 die
803 561 1006 615 laxatur
1030 560 1221 614 humus
1237 599 1252 623 ‚
1288 559 1379 614 seu
1403 558 1598 631 frigida
1621 558 1804 615 lucent

612 633 826 695 Sidera3
868 633 1165 706 prospiciO,
1202 632 1320 705 quis
1343 630 1480 685 freta
1504 643 1696 686 ventus
1723 646 1858 704 agat.

397 726 461 764 12
470 726 497 777 ς
532 706 606 763 Et
631 724 1005 781 quaecumque
1029 707 1222 778 procul
1246 704 1516 759 venientia
1539 705 1700 758 lintea
1723 706 1863 768 vidi,

615 780 868 837 Protinus
890 779 975 832 illa
1002 795 1153 832 meos
1178 795 1412 849 auguror
1436 776 1539 831 effe
1565 776 1730 832 Deos.

543 854 604 910 In
630 853 765 908 freta
788 869 1081 924 procurr0,
1119 850 1213 906 vix
1235 869 1323 905 me
1348 849 1701 906 retinentibus
1725 850 1911 916 undi5‚

619 925 834 981 Mobile
859 942 963 998 qua
986 925 1180 998 primas
1203 924 1432 997 porrigit
1456 941 1658 997 aequor
1682 943 1856 999 aquas,

546 1000 677 1073 Quo
702 999 867 1070 magis
891 997 1187 1060 accedunt3
1228 997 1403 1052 minus
1429 997 1484 1051 &
1506 997 1680 1052 minus
1704 999 1846 1056 utilis
1869 996 2045 1055 adsto:

401 1088 504 1140 130
615 1073 894 1146 Linquor,
931 1071 988 1128 &
1010 1071 1209 1127 ancillis
1234 1070 1553 1146 excipienda
1576 1069 1731 1129 cad0.

253 1275 408 1317 solvere.
435 1275 540 1314 Hine
560 1274 599 1316 &
621 1274 814 1314 Homerus
837 1273 968 1326 Odyff.
987 1279 1037 1314 A.
1058 1275 1104 1315 de
1124 1277 1307 1326 Neptuno

257 1330 299 1367 &
320 1328 430 1378 Tyro
453 1327 567 1366 dixit:
597 1329 697 1363 Λῦσε
716 1326 757 1364 δὲ
781 1328 965 1373 παρθενίην
984 1327 1115 1373 ζώνην,
1145 1330 1246 1365 κατὰ
1273 1323 1307 1363 δ’

256 1379 362 1416 ὕπνον
387 1378 528 1426 ἔχευεν.
579 1378 627 1416 Et
648 1378 811 1416 Catullus
843 1378 889 1416 ad
917 1377 1093 1428 passerem
1109 1407 1119 1424 ,
1147 1379 1193 1416 de
1218 1379 1310 1417 Ata-

255 1431 355 1470 lanta
382 1430 540 1480 loquens
564 1442 572 1466 z
611 1433 700 1466 Tam
723 1439 869 1479 gratum
896 1429 1020 1476 mihi,
1057 1443 1166 1480 quam
1184 1431 1312 1477 ferunt

254 1480 390 1532 puellae
409 1480 544 1518 Pernici
561 1480 740 1517 aureolum
752 1480 854 1529 fluisse
872 1480 1030 1526 malum,
1059 1481 1165 1530 Quod
1180 1494 1312 1518 zonam

249 1531 365 1582 fhlvit
393 1531 455 1568 diu
482 1531 654 1581 ligatam,
682 1533 756 1569 &c.
785 1533 897 1570 Hanc
921 1544 1059 1570 zonam
1082 1532 1253 1570 Musaeus
1274 1532 1314 1569 in

260 1583 410 1621 historia
439 1582 602 1620 Leandri
632 1583 672 1620 δε
703 1583 849 1627 Herus,
878 1582 1008 1628 μῑτρειν
1026 1591 1162 1628 vocat,
1189 1584 1239 1620 ita
1258 1583 1316 1620 in-

261 1634 415 1684 quiens:
445 1631 515 1675 “Ως
533 1632 550 1675 ἦ
572 1636 637 1678 μὲν
659 1629 768 1670 ταῦτ’
785 1630 887 1670 εἶπεν
902 1660 912 1677 ,
932 1633 947 1669 ὁ
966 1628 998 1669 δ’
1018 1633 1158 1670 avetinu
1176 1635 1316 1670 λύσαιτο

263 1685 404 1729 μίτρην.
431 1684 522 1722 Sunt
542 1684 608 1732 qui
630 1683 796 1728 tradant,
823 1684 919 1721 hanc
937 1683 1161 1723 solutionem
1182 1695 1317 1728 zonae,

263 1736 303 1773 in
333 1736 520 1773 honorem
550 1734 641 1772 deae
662 1762 673 1779 ,
711 1735 771 1772 cui
791 1734 1001 1784 Virginensi
1023 1747 1166 1773 nomen
1186 1735 1319 1779 fuerit,

264 1786 345 1824 fieri
369 1785 514 1823 solitam
536 1783 652 1822 fuisse.
680 1784 781 1822 Vide
803 1785 947 1823 Annot.
965 1786 1120 1834 Joannis
1139 1786 1319 1833 Scoppae.

267 1837 496 1874 Mrcrttus.
551 1834 755 1884 Cingulum
792 1834 966 1874 solutum.
1018 1836 1135 1874 Hunc
1172 1846 1321 1872 morem

268 1887 427 1926 ostendit
459 1887 514 1924 M.
541 1886 676 1923 Varro,
732 1886 866 1924 Novos
885 1887 1035 1926 maritos
1054 1887 1184 1925 tacitus
1204 1886 1322 1924 taxim

269 1939 396 1977 uxoris
415 1937 578 1976 solvebat
596 1937 786 1986 cingulum
803 1966 812 1982 ,
840 1950 955 1988 quem
984 1937 1106 1977 multo
1127 1938 1241 1986 magis
1260 1936 1325 1974 de·-

270 1990 381 2028 clarat
410 1988 532 2026 Festus
562 1989 601 2026 iu
630 1989 745 2026 verbo
770 1988 917 2038 Cingulo
940 2003 949 2027 ι
989 1990 1092 2040 cujus
1120 1990 1214 2027 haec
1244 1987 1327 2026 sunt

271 2040 410 2078 verba:
448 2038 595 2088 Cingulo
626 2052 720 2076 nova
746 2049 853 2089 nupta
885 2039 1171 2090 praecingebatur
1190 2068 1201 2085 ‚
1236 2038 1330 2089 quod

273 2091 335 2129 vir
355 2091 394 2127 in
414 2089 495 2127 leffe
509 2089 671 2139 fhlvebat
692 2118 702 2134 ,
721 2091 864 2137 fastam
891 2105 933 2128 ex
950 2091 1036 2129 lana
1057 2090 1133 2129 ovis
1153 2107 1165 2128 :
1200 2100 1241 2128 ut
1259 2087 1328 2140 fic-

275 2151 318 2180 ut
351 2141 415 2178 illa
450 2141 489 2178 in
519 2140 647 2190 glomos
672 2141 818 2190 sublata
852 2145 1036 2191 consanam
1072 2143 1164 2179 inter
1189 2142 1230 2190 stt
1256 2140 1327 2188 fit,

269 2191 321 2244 fic
350 2193 409 2229 vir
429 2192 515 2241 suus
534 2192 654 2241 ficum
674 2192 830 2238 cintius,
858 2193 1066 2242 vincYusque
1090 2191 1175 2241 esset.
1226 2198 1330 2228 Hunc

280 2243 492 2281 Herculaneo
531 2243 617 2279 nodo
652 2243 815 2280 vinc‘ffum
857 2244 918 2280 vir
947 2244 1059 2292 fhlvit
1093 2242 1218 2280 ominis
1249 2255 1333 2292 gra-

281 2295 335 2331 tia
358 2311 368 2331 .·
408 2305 448 2330 ut
468 2292 518 2343 fic
544 2293 712 2343 ipseselix
730 2292 779 2343 fit
805 2294 845 2331 in
862 2294 1084 2344 suscipiendis
1111 2293 1226 2331 liberis
1245 2322 1256 2338 ,
1293 2303 1334 2330 ut

276 2346 355 2394 fuit
377 2345 536 2381 Hercules
554 2373 564 2389 ,
594 2345 653 2394 qni
681 2357 766 2382 Lxx.
788 2344 907 2381 liberos
925 2345 1080 2396 reliquit.
1133 2345 1335 2383 Dicebatur

285 2398 326 2434 ὃς
347 2395 482 2434 cestus:
512 2395 624 2433 Unde
646 2396 800 2433 incestae
828 2398 978 2445 nuptiae
999 2396 1222 2446 appellatae,
1249 2408 1337 2445 pro-

284 2447 445 2491 hibitae,
473 2458 552 2484 non
573 2447 761 2495 legitimae
775 2475 783 2489 ,
802 2447 840 2484 in
861 2448 991 2496 quibus
1016 2447 1128 2486 cestus
1149 2460 1228 2485 non
1251 2444 1338 2485 effet

287 2498 478 2536 adhibitus.
526 2497 732 2548 Hypsipyle
752 2498 850 2547 apud
881 2498 1038 2538 Statium
1064 2500 1125 2538 lib.
1149 2512 1186 2538 v,
1214 2498 1341 2538 Theb.

291 2550 352 2587 sub
374 2549 622 2597 principium:

346 2600 412 2636 illa
429 2599 570 2649 Paphon
587 2610 737 2635 veterem
749 2628 758 2644 ,
789 2609 992 2652 centumque
1008 2600 1141 2638 altaria
1158 2601 1318 2652 linquens

349 2657 421 2686 Nec
439 2650 558 2695 vultu,
570 2664 628 2686 nec
649 2652 740 2687 crine
752 2651 858 2699 prior,
863 2651 997 2702 solviffie
1012 2653 1168 2701 jugalem
1211 2652 1340 2700 Ceston.

297 2701 516 2738 Cioraxus.
590 2702 695 2739 Haec
742 2702 956 2741 illustrarunt
995 2703 1079 2741 Viri
1128 2703 1342 2742 Doetiffimi

299 2755 344 2790 ad
384 2752 531 2789 Callim.
570 2752 687 2800 Hyin.
728 2753 765 2789 in
800 2754 952 2801 Jovem.
987 2765 1024 2791 v.
1065 2766 1125 2792 21.
1157 2756 1195 2792 ὅ(
1231 2754 1345 2802 Span-

300 2806 402 2842 hem.
422 2803 466 2839 ad
492 2803 608 2850 Hym.
630 2804 666 2839 in
688 2804 799 2841 Dian.
820 2817 871 2849 14.
901 2802 1112 2843 Briffon.de
1135 2807 1207 2844 ritu
1228 2806 1345 2855 Nupt.

299 2867 336 2903 p.
359 2867 418 2901 49.
440 2853 624 2890 ssrotisoeus
646 2853 691 2891 ad
716 2855 871 2893 Aiitliol.
901 2856 964 2894 lib.
1001 2868 1082 2895 111.
1110 2869 1190 2906 cap.
1224 2868 1280 2895 12.
1309 2856 1349 2893 δε

302 2906 376 2943 alii.
405 2904 662 2942 ssm'xMANNUs.

360 2967 441 3001 117.
469 2956 629 2991 [remiba
653 2953 860 3005 Tifiphone.]
893 2957 1096 3007 Interpres‚
1125 2959 1163 2996 δί
1182 2956 1281 3006 quasi
1302 2956 1355 2995 se-

304 3007 454 3056 questris
483 3016 692 3054 nuptiarum
718 3034 727 3050 ‚
766 3019 860 3056 quae
888 3020 933 3044 ex
956 3018 1054 3057 parte
1078 3009 1147 3045 viri
1170 3010 1208 3044 &
1232 3009 1355 3045 uxoris

306 3059 387 3096 sunt
409 3058 678 3094 contrahenti-ae
694 3085 703 3099 ,
732 3058 863 3095 dicitur
885 3059 1059 3106 pronuba.
1088 3057 1191 3107 quod
1214 3059 1357 3106 epithe-

310 3119 377 3147 ton
400 3109 535 3154 junoni
561 3107 675 3144 (latur.
708 3107 806 3146 Infra
838 3109 936 3158 epist.
959 3121 1019 3147 vi.
1048 3109 1259 3146 Ciofimus.
1298 3110 1357 3146 Sic

314 3161 451 3197 senet-a
473 3159 607 3207 Oedip.
633 3162 716 3204 (³44.

364 3216 410 3245 Et
434 3223 566 3246 mecam
585 3215 745 3257 lirmnyn
759 3210 954 3258 pronubam
973 3209 1128 3251 thalami
1143 3209 1302 3251 traham.

315 3262 459 3301 Auctor
479 3261 659 3301 octaviae
684 3273 775 3301 vers.
799 3275 858 3309 24.

2322 1140 2421 1204 Est

1468 1273 1559 1321 Illa,
1587 1275 1653 1315 illa
1674 1277 1758 1316 meis
1778 1276 1884 1327 tristis
1903 1277 2059 1326 Erinnys

1470 1326 1653 1365 Thalamis
1671 1329 1800 1379 Stygios
1808 1329 1978 1380 praetulit
1996 1329 2100 1377 ignes.
2167 1325 2383 1365 HEINsms.

1364 1377 1470 1417 Nihil
1499 1379 1726 1430 frequentius
1752 1381 1875 1419 Poetis
1899 1409 1912 1426 ‚
1946 1392 2062 1430 quam
2094 1377 2254 1417 infaustis
2283 1377 2424 1426 nuptiis

1365 1429 1549 1479 pronubas
1595 1432 1634 1469 &
1687 1431 1848 1482 auspices
1886 1431 2027 1470 Furias
2090 1431 2225 1469 facere.
2276 1429 2423 1468 Lucan.

1366 1493 1483 1520 vrri.
1502 1493 1566 1530 90.

1471 1537 1535 1569 Me
1544 1532 1703 1583 pronuba
1720 1533 1825 1572 duxit
1843 1532 2012 1583 Erinnys.

1369 1581 1469 1620 Vide
1489 1584 1669 1622 Nostrum
1690 1586 1799 1633 Epist.
1824 1598 1885 1623 x1.
1908 1597 1989 1634 103.
2013 1584 2053 1622 &
2073 1594 2136 1621 vi.
2156 1582 2316 1619 Metam.
2336 1586 2427 1631 430.

1373 1632 1460 1670 Stat.
1482 1645 1539 1670 1v.
1560 1634 1686 1672 Theb.
1709 1646 1792 1683 133·
1821 1637 1860 1672 ὃς
1881 1647 1943 1672 xi.
1962 1646 2050 1683 491.
2069 1633 2203 1670 Aesch.
2225 1633 2426 1681 Agamem.

1372 1694 1459 1730 471.
1480 1682 1605 1721 Valer.
1625 1684 1722 1722 Flac.
1745 1697 1800 1722 11.
1827 1696 1910 1734 173.
1942 1697 1980 1722 v.
2011 1684 2137 1723 Heins.
2166 1682 2213 1722 ad
2239 1683 2369 1722 Claud.
2394 1693 2429 1721 1.

1375 1733 1421 1771 de
1444 1734 1554 1781 Rapt.
1570 1735 1669 1771 Pros.
1688 1747 1749 1780 40.
1775 1735 2038 1772 BuRMANNus.

1417 1793 1446 1839 ⁸1
1458 1795 1513 1831 19.
1543 1783 1759 1840 Torquata.]
1799 1785 1857 1823 Sic
1887 1787 1927 1823 ὃς
1957 1793 2142 1834 torquatae
2161 1781 2328 1820 colubrae.
2348 1782 2430 1821 Pri-

1377 1833 1486 1872 scian.
1504 1833 1682 1884 Perieges.
1702 1847 1737 1890 p.
1759 1846 1846 1883 395.

1429 1881 1602 1933 Psittacus
1617 1885 1674 1923 hic
1692 1886 1821 1923 vuidis
1837 1885 2014 1924 decoratus
2033 1894 2152 1937 torque
2170 1883 2311 1922 rubenti

1432 1934 1609 1984 Nascitur.

1381 1986 1516 2025 Horat.
1537 1987 1606 2035 Ep.
1628 2000 1663 2024 v.

1486 2038 1642 2075 Canidia
1660 2037 1822 2076 brevibus
1841 2038 2021 2091 implicata
2037 2038 2165 2089 viperis

1486 2089 1639 2126 Eminet.
2010 2091 2221 2129 Hiemsxus.

1441 2151 1523 2178 120.
1550 2140 1705 2177 Lamina
1730 2141 1863 2191 mota]
1894 2142 2068 2179 Invenies
2095 2140 2267 2179 eamdem
2295 2140 2439 2189 phrasin

1385 2190 1522 2229 Amor.
1547 2203 1578 2229 1.
1598 2192 1702 2241 Eleg.
1729 2205 1783 2230 11.
1811 2205 1868 2231 11.
1895 2194 1933 2231 ὃς
1962 2194 2061 2230 Met.
2090 2205 2147 2230 tv.
2171 2191 2256 2240 508.
2284 2194 2322 2229 ὅς
2343 2205 2376 2229 x.
2401 2204 2439 2238 7..

1387 2254 1500 2291 quare
1521 2242 1618 2280 male
1638 2244 1802 2288 faciunt,
1830 2245 1895 2294 qui
1926 2255 1972 2282 ex
2001 2244 2109 2282 MSS.
2130 2243 2191 2280 hic
2213 2242 2341 2279 limina
2358 2242 2442 2281 sub-

1388 2294 1551 2332 stituunt.
1578 2294 1775 2332 Voffianus
1796 2295 1972 2343 lataface.
1999 2295 2262 2333 BuRMANNus.

1446 2357 1529 2382 122.
1556 2349 1722 2396 Aequora
1749 2345 1865 2395 lata]
1898 2346 2028 2394 Scripti
2055 2357 2187 2383 omnes
2214 2344 2318 2381 litora
2342 2344 2445 2392 lata,

1390 2394 1459 2434 nisi
1489 2395 1595 2446 quod
1623 2398 1662 2435 in
1691 2397 1802 2436 tribus
1831 2397 1873 2436 sit
1893 2397 1997 2434 litora
2019 2407 2112 2435 nota.
2144 2408 2224 2435 non
2248 2396 2356 2434 male.
2375 2397 2448 2447 Ep.

1394 2459 1458 2485 xv.
1488 2459 1569 2494 147.

1448 2498 1595 2547 Agnovi
1606 2497 1729 2548 pressas
1749 2499 1821 2536 noti
1838 2498 1929 2536 mihi
1950 2498 2076 2553 cespitis
2092 2497 2226 2537 herbas.
2298 2499 2449 2537 Heius.

1398 2549 1511 2587 Certe
1538 2563 1686 2600 aequora
1717 2549 1792 2586 lata
1822 2552 1884 2589 hic
1916 2551 2045 2589 locum
2076 2550 2211 2590 habere
2243 2558 2450 2599 nequeunt.

1396 2612 1484 2638 nam
1516 2601 1574 2638 illa
1606 2602 1733 2639 calcari
1757 2600 1857 2651 pofl‘e
1886 2602 1948 2639 vix
1977 2601 2100 2640 credo.
2127 2613 2197 2639 nec
2224 2600 2339 2638 sensus
2357 2611 2450 2637 con-

1398 2651 1478 2696 stat,
1489 2651 1556 2689 nisi
1574 2651 1859 2702 subintelligatur
1876 2652 1976 2691 aliud
1992 2653 2158 2691 verbum.
2179 2662 2290 2700 quare
2312 2651 2448 2688 vitium

1396 2703 1471 2740 hoc
1483 2702 1774 2741 Disticholatere
1786 2704 1954 2752 suspicor.
1983 2705 2019 2741 in
2033 2703 2144 2752 priori
2166 2701 2267 2738 versu
2277 2699 2451 2750 fluctuosa

1401 2753 1478 2791 duo
1500 2753 1657 2791 codices.
1684 2754 1834 2792 Dousae
1854 2752 2024 2803 placuisse
2039 2751 2315 2803 scrapicosaque,
2342 2760 2450 2790 notat

1402 2805 1586 2843 Francius.
1615 2807 1653 2843 &
1684 2813 1781 2843 certe
1802 2805 1971 2854 fruticosa
2000 2804 2104 2842 litora
2129 2831 2138 2848 ,
2172 2815 2267 2853 quae
2295 2803 2454 2849 sterilia,

1404 2856 1553 2894 arenosa
1582 2857 1620 2893 δε
1649 2855 1724 2894 sine
1754 2856 1943 2894 fruticibus
1972 2856 2048 2893 fere
2072 2855 2174 2898 sunt,
2202 2854 2309 2892 facile
2332 2863 2455 2892 muta-

1407 2919 1486 2944 rem
1503 2936 1512 2951 ‚
1525 2907 1551 2945 fi
1571 2907 1785 2956 exemplum
1809 2908 1885 2957 ejus
1900 2907 2001 2944 vocis
2014 2906 2174 2943 exstaret.
2194 2905 2218 2942 si
2231 2904 2459 2955 scruposaque

1409 2958 1616 2996 rescriberet
1638 2959 1718 3008 quis
1747 2957 1818 3006 (de
1844 2970 1915 3006 qua
1935 2969 2030 2994 voce
2053 2956 2138 2994 vide
2159 2956 2285 2993 Heins.
2306 2956 2351 2994 ad
2372 2956 2453 2993 Val.

1411 3009 1507 3046 Flac.
1535 3021 1590 3046 11.
1616 3008 1727 3057 518.)
1755 3021 1833 3046 non
1865 3007 2012 3046 difficile
2040 3020 2169 3045 manus
2191 3006 2330 3045 darem.
2353 3006 2456 3055 lapil-

1411 3059 1452 3096 lis
1472 3059 1573 3096 enim
1593 3062 1631 3096 ὅ(
1652 3059 1784 3108 scrupis
1803 3060 1908 3097 litora
1937 3058 2042 3106 plena
2074 3056 2143 3096 effe
2173 3059 2253 3108 quis
2282 3056 2457 3106 ignorat?

1414 3109 1487 3146 vid.
1512 3122 1557 3146 11.
1582 3110 1713 3146 Amor.
1738 3122 1799 3147 x1.
1830 3121 1884 3159 13.
1914 3109 1974 3147 sed
2003 3110 2087 3159 quia
2115 3110 2153 3147 in
2173 3108 2331 3147 secundo
2354 3107 2460 3146 versu

1416 3159 1620 3197 constanter
1642 3160 1721 3197 libri
1740 3160 1856 3208 scripti
1881 3160 1984 3196 litora
2002 3162 2159 3205 habent,
2189 3161 2225 3196 ὃ(
2249 3159 2307 3195 illa
2330 3159 2460 3197 calcari

1414 3212 1513 3248 reete
1543 3209 1687 3259 poss'unt
1708 3239 1718 3255 ,
1754 3212 1887 3248 vitium
1913 3212 2026 3250 latere
2046 3213 2084 3251 in
2103 3209 2334 3262 praecedenti
2357 3209 2463 3248 versu

1414 3262 1592 3312 suspicor-3
1613 3263 1652 3301 ὃς
1673 3262 1872 3313 legendum
1894 3263 2012 3302 forte:

2338 3310 2468 3362 Moesta
