2553 3676
655 179 1178 246 'AMORUM
1251 181 1428 239 141ss:

1498 185 1600 243 ΙΙΙ.
1674 194 1727 248 il

254 265 326 352 ἰς
363 283 471 339 Sed
493 282 714 338 nimium
739 274 952 330 demiffa
969 274 1145 345 jacent
1169 273 1264 329 tibi
1287 274 1436 346 pallia
1460 286 1646 331 terrae.

433 355 670 423 Collige;
710 348 796 402 vel
821 346 998 418 digitis
1023 363 1091 401 en
1115 363 1218 416 ego
1243 348 1374 400 tollo
1397 348 1543 402 meis.

357 426 536 481 Invida
557 421 708 477 vestis
730 436 871 482 eraS,
906 437 1040 492 quae
1064 430 1174 472 tam
1195 417 1335 472 bona
1357 436 1510 472 crura
1533 422 1772 492 tegebas:

425 497 659 568 Quoque
682 493 847 564 magis
869 491 1095 565 speeieS,
1132 490 1314 546 Invida
1336 489 1488 545 vestis
1511 507 1636 546 eras,

63 696 103 732 τε
126 690 242 731 amica
266 691 491 741 adjunxerit,
520 692 557 729 in
584 699 752 730 extremo
771 693 809 730 δε
829 692 947 730 lineae
967 693 1091 742 proxi-

8 761 10 774 =
64 755 129 781 mo
157 743 241 781 loco
262 772 272 788 ,
309 743 410 792 quod
436 751 558 791 aperte
586 744 702 781 menti
729 744 867 781 Poetae
889 752 1089 792 repugnat,

7 811 10 829 ι
59 794 126 842 -qui
143 793 227 832 dicit
244 794 279 830 se
299 791 434 830 veniffe
447 821 458 837 ,
479 801 520 830 ut
534 793 768 842 loqueretur,
788 795 826 831 δε
845 793 983 832 sederet
1003 806 1088 832 cum

2032 566 2187 625 Talia

1143 689 1260 740 ipsum
1277 689 1521 729 mediocribus
1539 695 1662 727 ortum
1680 688 1882 736 parentibus
1899 718 1909 735 ,
1937 702 1978 732 ω’
1997 692 2078 742 quia
2097 699 2185 742 nup-5

1144 742 1213 778 tias
1230 741 1426 791 desperabat
1437 769 1447 785 ‚
1460 740 1550 789 quod
1560 749 1694 789 poterat
1717 749 1848 783 tamen,
1856 742 2008 787 puellam
2027 754 2181 780 extrema

1143 793 1271 829 amoris
1300 792 1392 828 linea
1418 791 1615 839 diligentem
1639 818 1650 834 ,
1689 789 1886 837 satisfecisse
1914 792 2028 827 animo
2047 792 2116 840 solo
2141 806 2182 829 a-

59 844 117 882 illa
139 871 149 887 ,
183 844 291 892 ipsam
319 852 443 881 autem
465 843 641 891 refugiise.
679 852 863 893 praeterea
891 853 970 882 tum
1001 844 1090 893 fingi
1134 843 1261 892 speetu.
1289 843 1327 879 &
1346 854 1393 880 eo
1414 841 1583 879 adludere
1602 849 1692 890 puto
1714 840 1891 878 Nostrum
1911 841 1972 878 lib.
1999 854 2028 879 1.
2048 843 2181 882 Amor.

7 895 9 927 ἱ
61 905 207 943 quoque
243 894 419 938 deberet,
459 893 581 931 sedilia
618 894 662 932 ad
701 895 811 932 lineas
850 893 952 932 fuisse
984 907 1087 943 repa-

8 955 10 980 ῑ
56 944 147 992 gulis
174 944 385 994 quibusdam
417 944 530 982 clausa
552 972 562 989 ‚
598 957 645 982 ne
676 945 753 994 quis
781 942 897 993 poffet
921 946 1084 984 vicinum

8 995 9 1017 ³
57 993 289 1042 speetatorem
312 1022 321 1038 ,
357 996 419 1044 qui
447 994 607 1032 secundo
635 1007 655 1032 a
684 996 779 1032 linea
805 995 892 1033 loco
918 995 1085 1039 sedebat,

8 1074 10 1094 z
56 1045 226 1093 refugere.
255 1046 388 1094 Neque
414 1045 570 1093 puellam
593 1043 714 1083 sediffe
733 1047 770 1082 in
794 1054 960 1083 extremo
986 1046 1087 1084 sedili

8 1110 10 1135 a
54 1102 170 1143 patet,
196 1096 298 1145 quod
318 1096 361 1133 ab
379 1104 529 1145 utraque
547 1104 646 1145 parte
665 1096 829 1134 habuerit
844 1096 1086 1144 spectatorem

8 1148 10 1170 ³
56 1144 298 1184 adsidentem:
323 1158 344 1184 a
362 1146 466 1185 laeva
488 1155 563 1185 erat
580 1147 761 1192 Ovidius,
788 1157 808 1184 a
827 1145 951 1185 dextra
974 1147 1086 1193 alius,

8 1211 10 1246 ρ
55 1203 94 1236 ut
111 1208 202 1234 vers.
221 1210 278 1236 21.

7 1252 10 1298 ᾗ
101 1252 153 1284 Tu
174 1258 292 1285 tamen
310 1263 333 1286 a
355 1249 480 1286 dextra
502 1247 706 1299 quicumque
729 1262 784 1293 es,
812 1257 913 1299 parce
926 1246 1083 1297 puellae,

6 1326 9 1342 ,
153 1302 324 1336 Οοηιιιέἱιι
340 1300 456 1337 lateris
474 1299 623 1337 laeditur
644 1299 706 1345 ista
726 1299 790 1336 tui.

6 1351 10 1386 f
51 1347 151 1386 Sedit
172 1362 258 1398 ergo
285 1351 400 1398 puella
420 1351 457 1387 in
482 1350 617 1387 eodem
647 1349 812 1387 sedilium
842 1349 995 1393 ordine,
1021 1349 1083 1388 sed

48 1409 125 1436 non
148 1400 187 1436 in
214 1409 378 1438 extremo
406 1400 515 1441 loco,
544 1401 629 1450 quia
650 1412 668 1438 a
694 1400 819 1438 dextra
841 1401 953 1438 alium
972 1400 1082 1438 habe-

47 1447 116 1486 bat.
143 1461 252 1498 quare
278 1463 347 1500 ego
377 1463 461 1489 cum
491 1450 662 1488 Salmafio
690 1451 930 1499 intelligerem
954 1463 1082 1500 perpe-

8 1535 9 1538 ,
48 1505 150 1536 tuum
182 1501 350 1539 ordinem
381 1499 483 1539 fuiffe
511 1502 676 1539 sedilium
706 1501 780 1539 five
806 1501 1050 1539 subselliorum
1068 1530 1079 1546 ,

48 1560 156 1597 quem
178 1559 302 1589 tamen
320 1553 387 1590 viis
408 1552 640 1590 intersectum
662 1551 765 1589 fuiffe
784 1563 860 1589 non
882 1563 1080 1600 negarem,

44 1599 103 1638 sed
129 1601 202 1638 vias
231 1603 269 1638 &
293 1602 434 1640 semitas
467 1601 569 1640 fuiffe
594 1602 825 1639 intermedias
854 1602 1081 1640 crediderim.

6 1680 9 1689 .
43 1650 122 1697 post
152 1659 294 1700 tergum
322 1665 412 1689 vero
445 1651 547 1689 fuisse
583 1653 725 1701 lignum
761 1652 941 1701 aliquod,
978 1653 1081 1702 quod

7 1715 9 1733 ⁴
42 1707 142 1748 terga
161 1701 402 1749 spectatorum
419 1702 609 1750 tangebat,
639 1704 677 1739 δε
697 1702 927 1751 prohibebat,
955 1715 1002 1740 ne
1025 1716 1082 1740 re-

4 1746 10 1784 l
42 1752 232 1789 ti·ocedere
249 1752 401 1800 possent.
428 1754 525 1790 unde
544 1753 657 1796 dixit,
684 1753 768 1803 quid
777 1752 911 1800 frustra
932 1754 1075 1801 refugis,

7 1786 10 1818 l
46 1802 126 1848 cogit
141 1814 200 1837 nos
222 1802 313 1838 linea
329 1803 441 1851 jungi.
460 1814 544 1839 nam
558 1806 720 1850 prona&
734 1803 888 1840 studiose
901 1803 1075 1851 spedans,

7 1838 10 1891 l
45 1852 105 1889 ubi
128 1852 285 1889 Ovidius
303 1865 384 1889 eam
410 1861 557 1900 tangere
579 1853 750 1897 volebat,
779 1853 971 1890 reducebat
995 1865 1075 1891 cor—

7 1905 10 1930 1
43 1912 106 1950 pus
124 1902 167 1939 ad
186 1903 320 1940 lineam
335 1931 345 1947 ,
372 1903 431 1940 sed
452 1914 529 1939 non
550 1902 640 1939 ultra
661 1912 722 1940 aut
742 1905 779 1939 in
800 1903 910 1940 alium
932 1911 1076 1951 poterat

8 1948 9 1956 ¹
44 1952 120 2000 post
146 1953 180 1990 se
205 1953 372 1990 ordinem
401 1954 587 2002 refugere,
616 1954 701 2001 quia
729 1952 824 1989 linea
850 1953 1075 2001 prohibebat.

8 2003 9 2008 ’
44 2004 148 2039 Linea
166 2015 300 2051 nempe
319 2004 376 2041 illa
397 2003 445 2040 est
459 2031 468 2046 ,
494 2015 588 2052 quae
607 2001 759 2052 cogebat
782 2003 999 2051 spectatores
1019 2006 1076 2042 in·

40 2059 92 2090 tra
122 2053 225 2090 suum
258 2065 444 2102 quemque
480 2053 648 2091 ordinem
680 2065 841 2090 manere.
878 2055 950 2091 hoc
981 2055 1074 2093 clare

43 2103 152 2141 docet
165 2104 384 2150 Quintiliani
402 2104 503 2140 locus
523 2103 584 2141 lib.
603 2116 654 2141 xi.
672 2103 781 2140 instit.
800 2115 876 2152 cap.
891 2116 926 2153 3.
945 2110 1074 2141 Trans-

8 2196 9 2202 1
42 2151 92 2189 ire
120 2153 157 2189 in
176 2154 312 2202 diversa
321 2153 483 2201 subsellia
498 2163 624 2202 parum
644 2154 875 2190 verecundum
893 2154 937 2201 est
949 2183 959 2198 ‚
987 2168 1073 2192 nam

6 2205 11 2242 l
44 2213 88 2242 (φ’
112 2203 240 2251 Caffius
267 2210 408 2240 Severus
433 2204 563 2240 urbane
595 2204 760 2252 adversus
795 2204 855 2240 hoc
889 2206 1073 2248 facientem

44 2252 168 2290 lineam
190 2255 340 2303 poposcit.
376 2254 449 2302 agit
480 2254 528 2291 ibi
557 2254 603 2291 de
634 2255 799 2292 subselliis
819 2255 1071 2303 judiciorum,

9 2337 11 2340 .
45 2315 134 2353 quae
162 2313 262 2342 erant
287 2305 382 2342 nuda
413 2305 555 2342 scamna
577 2333 588 2349 ,
623 2305 697 2342 fine
722 2305 840 2348 linea,
869 2307 929 2344 cui
964 2307 1073 2345 inniti

9 2354 11 2386 J
41 2361 143 2403 tergo
162 2354 301 2403 poffent
324 2354 538 2393 insidentes:
567 2367 585 2392 a
610 2357 707 2393 circo
729 2367 816 2404 ergo
837 2357 910 2404 peti
936 2356 1071 2395 Caffius

9 2418 12 2446 4
45 2406 188 2443 volebat
208 2407 340 2443 lineam
358 2434 368 2449 ,
396 2415 522 2443 contra
541 2406 801 2443 tranfilientem
824 2406 1070 2446 subselliorum

10 2475 11 2478 =
46 2455 221 2494 ordinem.
249 2458 300 2493 At
319 2457 374 2493 illa
391 2456 487 2493 linea
505 2468 582 2493 non
600 2457 915 2505 prohibebat,quo
936 2458 1071 2503 minus,

7 2512 12 2541 t
45 2506 109 2554 qui
127 2506 204 2554 post
227 2514 323 2555 terga
345 2506 510 2551 sedebat,
537 2508 699 2555 genubus
720 2508 758 2544 δε
777 2508 934 2544 cruribus
956 2507 1071 2556 pofl'et

44 2553 114 2593 effe
140 2557 317 2594 molestus.
345 2566 384 2594 ut
411 2569 455 2594 ex
488 2569 524 2593 v.
549 2569 608 2606 23.
636 2559 674 2595 ὃς
699 2570 730 2595 1.
753 2558 833 2594 Art.
856 2569 933 2605 157·
960 2570 1070 2606 appa-

45 2613 118 2644 ret:
144 2619 219 2645 non
248 2609 346 2645 enim
371 2617 445 2644 etat
471 2607 609 2655 septum
641 2607 791 2656 aliquod
819 2619 863 2644 ex
892 2608 1010 2645 solidis
1032 2611 1071 2646 &

47 2657 223 2696 continuis
250 2659 376 2695 tabulis
404 2659 442 2694 &
469 2656 656 2702 uteribus,
682 2658 742 2695 sed
761 2657 909 2706 iimplex
927 2659 1068 2707 lignum

42 2705 118 2745 {ive
141 2709 233 2746 linea
252 2737 261 2752 ,
289 2721 381 2758 quae
408 2709 592 2746 interstitia
619 2708 799 2757 quaedam
823 2717 941 2755 aperta
961 2710 1070 2747 relin-

12 2767 13 2780 1
44 2758 198 2805 quebat‚
218 2760 254 2796 ὃς
275 2761 332 2796 cui
351 2761 507 2796 humero
529 2761 566 2796 ὃς
586 2759 733 2807 scapulis
756 2759 861 2796 inniti
879 2768 1067 2807 poterant,

43 2815 83 2844 ut
102 2809 138 2845 in
160 2809 341 2846 hodiernis
359 2809 521 2846 sedilibus
540 2809 643 2858 saepe
671 2809 849 2846 videmus.
875 2810 959 2858 quia
979 2823 1067 2848 vero

44 2868 120 2895 'vox
147 2857 238 2894 linea
264 2859 308 2895 de
336 2860 497 2906 plurimis
523 2860 597 2896 aliis
624 2860 727 2896 rebus
752 2859 938 2908 usurpatur
955 2887 964 2902 ,
990 2873 1069 2899 non

43 2918 174 2944 omnes
204 2907 408 2945 locutiones
441 2911 680 2956 proverbiales
715 2909 894 2947 deducere
926 2910 968 2947 ab
1000 2911 1069 2949 hac

43 2956 137 2994 linea
160 2957 306 2994 circensi
333 2958 476 2996 vellem.
503 2968 542 2997 ut
567 2961 664 2997 illam
686 2960 886 3008 Terentii,
915 2971 1069 2998 extrema

12 3050 13 3056 ἵ
42 3005 134 3044 linea
153 3020 271 3043 amare
285 3034 295 3050 ,
321 3019 341 3043 a
358 3008 456 3044 stadii
475 3011 594 3055 potius
611 3012 706 3048 linea
726 3011 927 3048 derivarem
942 3040 953 3056 ‚
975 3023 1069 3061 quae

12 3057 13 3062 ’
51 3066 209 3095 extrema
236 3058 295 3093 vix
328 3057 402 3093 visu
437 3059 474 3094 &
502 3060 615 3096 oculis
643 3062 758 3108 potest
785 3063 933 3110 percipi.
972 3063 1069 3100 unde

45 3117 198 3144 extrema
217 3107 307 3143 linea
324 3120 462 3149 amare,
478 3108 618 3154 explico
640 3111 684 3146 de
702 3111 906 3160 longinquo
925 3125 1068 3158 amare,

49 3156 124 3194 solo
143 3159 219 3195 visu
248 3158 387 3204 pascere
415 3158 553 3194 oculos
581 3159 628 3194 ita
655 3168 750 3196 certe
778 3165 873 3209 cepit
902 3164 1069 3202 Lutatius

49 3207 95 3244 ad
118 3209 200 3246 Stat.
226 3220 288 3243 111.
319 3208 439 3244 Theb.
462 3207 545 3256 383.
568 3207 626 3243 ubi
648 3209 804 3246 fabulam
824 3223 967 3250 narrans
986 3215 1071 3262 Hy-

56 3260 193 3298 menaei
219 3258 335 3304 dicit,
369 3270 455 3296 eum
483 3256 660 3296 adamaffe
689 3259 864 3307 virginem
885 3263 1046 3302 nobilem
1062 3291 1073 3310 ,

1143 905 1197 930 xv.
1251 921 1260 931 .

1191 905 1278 993 Er3go
1291 957 1347 992 ego
1367 941 1530 980 dilutam
1548 951 1692 979 tantum
1712 941 1864 979 conviva
1883 939 2033 990 puellam

1243 994 1467 1044 Adspiciunt,
1495 993 1593 1041 tangi
1614 1005 1715 1043 quem
1729 994 1855 1040 juvet,
1882 990 1973 1026 alter
1993 991 2067 1029 erit.

1141 1044 1188 1082 Et
1219 1046 1267 1082 ita
1302 1046 1339 1082 in
1379 1054 1532 1081 extrema
1561 1042 1677 1091 regula
1700 1042 1852 1088 stantem
1889 1051 2038 1077 aetatem
2070 1053 2181 1081 vocat·

1142 1095 1270 1132 Senec.
1300 1094 1408 1143 Epist.
1434 1106 1504 1131 ΧΠ.
1533 1105 1627 1143 quae
1656 1092 1702 1130 ad
1733 1092 1846 1129 finem
1874 1091 1976 1128 stadii
2004 1095 2181 1140 pervenit„

1141 1146 1295 1193 regulam
1316 1155 1595 1193 vocans,quam
1617 1143 1725 1192 Epist.
1746 1155 1847 1180 xtrx.
1867 1141 1997 1178 lineam
2017 1144 2180 1190 appellat.

1141 1197 1226 1233 vide
1246 1196 1291 1233 ad
1311 1205 1508 1244 utrumque
1526 1195 1653 1232 locum
1678 1193 1843 1242 Lipfium
1857 1220 1867 1235 ‚
1896 1193 1935 1230 δε
1954 1192 2056 1230 Fabr.
2076 1194 2183 1241 Ago-

1137 1246 1217 1283 nist.
1244 1246 1305 1284 lib.
1326 1259 1373 1283 11.
1394 1257 1471 1294 cap.
1491 1257 1524 1290 7.
1553 1243 1686 1282 Sediffe
1712 1252 1895 1292 praeterea
1914 1244 1951 1280 in
1973 1244 2083 1280 Circo
2104 1255 2183 1282 non

1139 1296 1343 1335 admodum
1362 1297 1465 1340 laxe,
1493 1297 1543 1333 ita
1564 1302 1604 1333 ut
1625 1307 1670 1332 ex
1688 1294 1771 1343 lege
1791 1294 1865 1331 loci
1884 1293 1918 1330 se
1947 1301 2094 1342 tangere
2115 1305 2180 1330 co-

1137 1356 1307 1396 gerentur
1324 1346 1721 1397 spe&atores,apparet
1744 1357 1788 1381 ex
1809 1343 1978 1380 Macrob.
1999 1357 2046 1380 11.
2069 1355 2101 1392 3.
2117 1343 2179 1382 ubi

1137 1398 1274 1446 anguste
1294 1398 1408 1445 sedere
1433 1397 1603 1435 occurrit.
1630 1397 1669 1434 ὃς
1688 1395 1774 1432 hinc
1795 1393 1892 1444 apud
1912 1393 2105 1433 Claudian.
2123 1406 2178 1433 vr.

1139 1448 1248 1486 Cons.
1270 1449 1418 1486 Honor.
1437 1447 1523 1498 613.
1876 1495 1882 1501 ¹
1926 1494 1933 1501 ⁶

1617 1503 1709 1535 Cum
1729 1496 1818 1545 regia
1839 1501 1933 1532 Circi

1187 1556 1390 1588 Connexum
1407 1549 1572 1599 gradibus
1593 1558 1782 1585 veneratur
1793 1556 1945 1596 purpura
1966 1546 2103 1595 vulgus.

1138 1601 1213 1638 Ubi
1235 1602 1373 1639 nollem
1395 1613 1585 1638 convexum
1606 1598 1730 1647 vulgus
1757 1598 1877 1647 legere
1898 1608 1983 1634 cum
2006 1596 2179 1636 Heinfi0.·

1137 1651 1398 1690 BuRMAnnus.

1188 1714 1244 1739 zo.
1273 1709 1365 1739 Haec
1392 1703 1430 1739 in
1458 1700 1572 1751 lege]
1610 1704 1664 1737 Ex
1693 1699 1759 1748 lege
1784 1698 1872 1736 editi
1900 1698 2006 1736 multi
2036 1699 2074 1735 δε
2101 1705 2172 1736 tres
2199 1714 2215 1731 ο

1132 1751 1260 1800 scripti.
1298 1762 1337 1790 ut
1366 1754 1512 1790 Petron.
1544 1762 1696 1788 cxxxvi.
1725 1749 1847 1786 Tribus
1866 1750 1882 1784 ἒ
1902 1749 1968 1796 lege
1979 1748 2187 1802 potionibus!

1124 1801 1271 1850 siccatis.
1297 1803 1360 1841 ubi
1390 1803 1487 1840 vide.
1512 1802 1573 1840 sed
1600 1801 1749 1839 mollior
1779 1800 1828 1837 est
1853 1798 1985 1843 sonus,
2012 1797 2094 1834 haec
2120 1799 2170 1836 in.

1132 1853 1390 1891 ssuRMANNus.

1181 1916 1238 1949 24.
1268 1905 1384 1953 Rigido
1412 1917 1470 1941 nec
1494 1912 1607 1953 preme
1634 1911 1726 1950 terga
1752 1898 1879 1950 genta]
1910 1899 2032 1948 Rigida
2058 1912 2170 1936 manu

1128 1954 1333 1992 Puteaneus
1346 1956 1382 1992 &
1395 1954 1678 1992 Arondelianus.
1695 1951 1753 1989 sed
1766 1951 1862 1988 male
1874 1951 1933 1988 lib.
1952 1962 1980 1987 1.
1991 1950 2073 1988 Art.
2091 1962 2170 1998 157.

1184 2005 1312 2053 Respice
1325 2015 1520 2055 praeterea,
1545 2003 1611 2052 post
1631 2017 1691 2039 vos
1712 2001 1917 2052 quicumque
1929 2000 2059 2048 sedebit
2072 2029 2082 2044 ‚

1215 2061 1268 2091 Ne
1279 2066 1415 2105 premat
1437 2053 1569 2105 oppofito
1591 2052 1711 2089 mollia
1728 2063 1821 2100 terga
1838 2064 1938 2100 genu.
1958 2052 2169 2089 Hamsms.

1180 2117 1238 2151 24.
1269 2114 1322 2141 Ne
1337 2105 1488 2155 preme.]
1520 2104 1668 2141 Rectius
1687 2104 1724 2140 in
1745 2102 1992 2148 manuscriptis
2012 2101 2140 2149 legitur
2154 2130 2166 2145 ,

1128 2168 1207 2199 nec,
1236 2156 1444 2205 negatione.
1475 2156 1654 2192 Meuius.
1690 2160 1743 2190 Ne
1773 2152 1886 2190 edidit
1911 2153 2096 2201 Gryphius
2125 2153 2164 2188 ἃς

1127 2206 1197 2242 alii.
1224 2206 1296 2243 vid.
1312 2208 1395 2243 infr.
1414 2207 1515 2254 Eleg.
1536 2219 1586 2242 vx.
1605 2206 1663 2253 ὅς.

1178 2268 1235 2304 25.
1263 2256 1415 2306 Demzffa
1435 2257 1553 2304 jacent
1582 2265 1645 2292 tua
1669 2253 1781 2304 pallia
1814 2252 1970 2301 terrae.]
2019 2251 2164 2306 Dimifflz

1120 2306 1239 2354 jacent
1269 2307 1333 2343 tibi
1354 2307 1465 2356 pallia
1486 2305 1581 2342 terrei
1599 2306 1783 2343 meliores.
1810 2305 1857 2342 fic
1876 2306 1914 2341 ὃς
1933 2304 1992 2341 lib.
2018 2315 2047 2340 1.
2067 2304 2164 2340 Artis

1127 2358 1252 2394 Amat.
1271 2370 1349 2406 153.
1367 2359 1403 2395 in
1422 2357 1549 2395 iisdem
1566 2370 1574 2394 :

1179 2407 1295 2444 Pallia
1306 2407 1341 2457 Ji
1359 2407 1454 2445 terra*
1472 2408 1623 2445 nimium
1646 2406 1783 2455 demiffa
1797 2405 1972 2453 jacebunt.

1128 2457 1185 2496 Sic
1205 2460 1299 2495 terra
1319 2459 1496 2508 deponere,
1514 2470 1590 2495 non
1623 2467 1732 2492 terrae
1756 2457 1887 2492 Amor.
1917 2465 1976 2489 111.
2003 2452 2104 2501 Eleg.
2123 2455 2165 2491 v.

1128 2520 1172 2545 ex
1193 2510 1339 2557 optimo
1364 2510 1504 2547 codice.
1531 2507 1727 2554 Vulgatam
1750 2514 1874 2543 tamen
1894 2504 1981 2540 loco
2003 2515 2079 2539 non
2099 2515 2164 2540 au-

1127 2558 1192 2595 sim
1215 2571 1380 2596 movere.
1409 2565 1439 2595 T
1436 2571 1529 2594 errae
1546 2555 1757 2605 procumbere
1774 2557 1926 2592 Metam.
1948 2566 1992 2589 11.
2009 2552 2062 2595 >3111
2080 2564 2165 2601 347.

1098 2610 1101 2613 '
1125 2609 1186 2647 ubi
1207 2609 1292 2646 vide
1311 2620 1405 2658 quae
1422 2615 1654 2649 annotamus,
1668 2608 1704 2642 ὃ(
1724 2605 1768 2642 ad
1788 2605 1986 2641 Maronem
2003 2603 2164 2641 Aeneid.

1124 2671 1177 2695 w.
1199 2659 1257 2704 84.
1285 2660 1346 2696 ubi
1365 2659 1535 2696 meliores
1557 2656 1694 2703 scripti,
1717 2655 1774 2702 fleu
1794 2666 1903 2690 terrae
1923 2653 2062 2690 meliora
2084 2666 2162 2688 ma-

1124 2720 1219 2747 nent.
1248 2710 1455 2746 Hfimsxus.
1485 2710 1566 2745 Nec
1591 2705 1754 2754 demrffa,
1781 2717 1850 2743 nec
1874 2715 1984 2742 terrae
2006 2711 2163 2744 mutem.

1124 2759 1172 2797 fic
1190 2761 1271 2797 infr.
1288 2761 1390 2808 Eleg.
1409 2773 1443 2797 v.
1465 2771 1524 2795 zo.

1176 2810 1400 2858 Cornigerum
1420 2821 1529 2846 terrae
1550 2805 1720 2857 deposuiffe
1737 2815 1849 2856 caput.

1125 2860 1208 2897 Lib.
1226 2873 1260 2897 v.
1281 2862 1436 2898 Metam.
1460 2871 1537 2896 122.

1176 2911 1360 2947 Procubuit
1380 2921 1490 2947 terrae
1510 2908 1657 2945 meolati
1676 2915 1767 2945 more
1781 2907 1940 2957 juvenci.

1124 2972 1193 2998 vu.
1214 2962 1371 2998 Metam.
1397 2961 1478 3009 578.

1177 3012 1346 3060 Aspicer'es
1364 3010 1488 3061 flentes
1502 3009 1607 3054 alios,
1635 3019 1810 3058 terraeque
1821 3009 1983 3057 jacentes.

1123 3061 1251 3110 Vri-gil.
1270 3075 1324 3100 xx.
1347 3061 1502 3099 Aeneid.
1521 3061 1580 3105 87.

1173 3113 1348 3149 Sternitur
1366 3124 1408 3152 (ς’
1427 3122 1495 3149 toto
1507 3113 1671 3161 projeffus
1692 3119 1817 3159 corpore
1836 3119 1954 3145 terrae.
2017 3157 2022 3162 ι

1125 3163 1202 3199 Ubi
1231 3163 1303 3199 vid.
1334 3163 1432 3201 Serv.
1469 3161 1665 3211 quomodo
1695 3163 1732 3198 ἅ*
1762 3161 1951 3212 Homerus
1984 3154 2081 3192 Iliad.
2112 3155 2159 3193 A.

1128 3224 1211 3258 245.
1248 3214 1342 3247 Her}
1379 3213 1419 3248 δὲ
1457 3216 1633 3254 σκῆπτρον
1665 3211 1762 3253 βάλε
1792 3210 1885 3253 γκῖγ.
1931 3211 1976 3243 ilc
2006 3218 2157 3254 quoque

1131 3261 1238 3300 multi
1255 3261 1397 3300 codices
1414 3263 1474 3301 lib.
1493 3275 1547 3301 vi.
1564 3261 1720 3298 Aeneid.
1737 3260 1820 3306 652.

1608 3312 1643 3346 O
1667 3321 1690 3345 o
1713 3320 1737 3345 o
2064 3311 2167 3341 Stant
