2553 3676
469 168 617 224 AD
689 159 1147 223 LIVIAM

1219 159 1926 224 AUGUSTAM.
2190 166 2291 237 &9

442 260 676 316 Abstulit
700 257 877 313 invitis
902 269 1095 323 cor-pus
1119 256 1419 310 venerabile
1444 255 1660 319 Frater-3

513 332 587 386 Et
619 331 852 387 Drusum
868 325 1104 395 patriae,
1141 327 1292 396 quod
1326 328 1610 399 licuitque,
1638 328 1814 383 dedit.

443 403 653 459 Funera
676 404 944 456 ducuntur
968 395 1214 450 Romana
1238 413 1334 467 per
1359 399 1555 468 oppida
1579 400 1768 463 Drufi3

510 476 678 546 (Heu
698 471 924 525 facinus!
954 470 976 537 )
1003 485 1097 540 per
1123 486 1259 540 quae
1284 466 1455 522 vi&or
1480 471 1646 525 iturus
1672 485 1799 527 erat.

296 566 392 615 175
429 548 534 604 Per
557 562 691 617 quae
710 542 904 598 deletis
930 541 1268 595 Rhaetorum
1290 553 1510 594 venerat
1533 543 1703 597 armis,

508 616 623 671 Hei
645 616 805 678 mihi,
843 631 1003 686 quam
1029 613 1200 685 dispar
1223 613 1347 667 huic
1375 611 1476 666 fuit
1501 611 1632 666 illud
1657 613 1784 668 iter!

432 688 634 743 Consul
671 688 770 743 init
795 685 967 741 fraRis
991 698 1329 739 moe-rentem
1355 683 1576 739 fascibus
1600 683 1822 739 Urbem.

507 761 659 833 Quid
687 761 888 815 faceret
913 757 1111 821 vietus,
1149 756 1217 811 fic
1244 756 1333 811 ubi
1359 756 1529 811 vistor
1558 757 1690 810 init?

432 833 644 888 Moesta
670 833 867 886 domus
894 831 1148 902 plangore
1173 829 1348 892 sonat,
1386 830 1472 882 cui
1497 830 1662 900 figere
1685 829 1849 884 laetus

290 908 392 963 180

501 906 659 960 Parta
683 905 772 958 sua
795 903 1044 957 dominus
1070 914 1289 955 voverat
1312 917 1455 954 arma
1479 917 1653 954 manu.

428 977 568 1033 Urbs
593 978 787 1049 gemit,
829 975 885 1028 δε
911 975 1117 1029 vultum
1145 973 1444 1027 miserabilis
1469 971 1644 1026 induit
1671 990 1838 1028 unum
1849 1014 1866 1040 ,

502 1049 770 1104 Gentibus
798 1046 1023 1102 adverfis
1044 1046 1220 1101 'forma
1241 1046 1307 1100 >fit
1331 1045 1412 1098 illa
1435 1069 1448 1107 ς
1485 1047 1704 1117 precor!

429 1121 626 1177 Incerti
650 1121 1014 1192 claudumque
1039 1118 1260 1184 domos,
1283 1117 1662 1189 strepitantque
1690 1135 1786 1189 per
1812 1115 2033 1180 urbeme.

501 1194 617 1249 Hic
643 1195 749 1249 illic
774 1193 951 1266 pavidi
975 1192 1218 1262 clamque
1243 1190 1520 1261 palamque
1546 1190 1746 1243 dolent.

287 1269 383 1337 185
418 1267 544 1337 Jura
568 1267 745 1329 silent,
768 1278 1054 1335 mutaeque
1081 1275 1259 1315 tacent
1290 1261 1395 1314 fine
1422 1261 1636 1317 vindice
1662 1262 1837 1334 leges:

498 1338 809 1411 Adspicitur
837 1349 956 1391 toto
980 1351 1213 1409 purpura
1236 1334 1375 1388 nulla
1402 1332 1539 1388 foro.

187 1546 293 1577 Certa
303 1537 364 1586 fui
376 1536 498 1587 primo,
524 1538 596 1577 &a

135 1590 246 1640 Epist.
264 1603 336 1627 vn.
365 1601 398 1635 7.

189 1646 312 1677 Certus
331 1653 363 1675 es
385 1651 433 1676 tre
451 1649 580 1676 tamen.

134 1691 184 1731 Et
200 1691 257 1734 ᾖε.
275 1704 311 1738 9.

132 1769 143 1774 χ
185 1747 308 1778 Certus
327 1754 358 1777 es
372 1768 381 1784 ‚
396 1744 516 1777 Aenea
531 1767 541 1783 ,
565 1753 642 1786 cum
655 1739 789 1787 fhedere
802 1737 937 1788 solvere
956 1748 1075 1774 naves.

130 1790 184 1829 Et
206 1792 336 1828 millies
357 1791 451 1828 alibi.
479 1802 574 1839 quae
593 1800 771 1828 annotare
794 1788 880 1826 effet
904 1788 1090 1832 otiosum,
1110 1786 1178 1825 nisi

135 1841 305 1879 Gorallus
329 1841 448 1878 noster
471 1842 554 1884 hic,
582 1850 622 1878 ut
640 1842 828 1889 egregium
847 1839 957 1888 quid,
997 1840 1033 1875 ὃς
1056 1850 1075 1875 a
1095 1838 1176 1875 vul-

131 1904 182 1941 go
196 1901 383 1930 remotum
399 1921 408 1935 ‚
428 1899 572 1929 notaret
585 1892 830 1940 ,frequentius
852 1890 950 1932 dici,
989 1898 1120 1925 certum
1143 1888 1172 1924 ei

130 1950 279 1986 erat,ut
301 1943 448 1979 Graecis
475 1942 636 1987 ἐκέκριτο
667 1943 792 1978 ταῦτα
813 1941 924 1986 eiua-95.
963 1939 1033 1977 Sed
1055 1947 1093 1976 ut
1111 1951 1175 1987 pa-

128 2001 227 2036 teat,
263 2004 374 2040 quam
403 1993 544 2030 Graece
573 1992 684 2029 etiarn
707 1992 832 2029 calleat
862 1990 1098 2038 paedagogus
1120 1990 1175 2026 in-

131 2043 343 2091 eptiffimus.
365 2054 410 2079 an
431 2055 507 2079 non
532 2043 650 2079 Lucas
673 2041 758 2079 Αέὶ.
777 2054 836 2079 xx.
862 2041 915 2078 16.
943 2040 1035 2077 dixit
1064 2040 1175 2084 ἔκρινε

133 2093 151 2128 ὁ
173 2096 344 2135 Παῦλος,
380 2094 417 2129 ὅ(
436 2093 539 2139 saepe
559 2093 654 2129 alibi.
681 2101 720 2129 ut
742 2104 819 2140 cap.
843 2103 908 2127 111.
932 2102 987 2138 13.
1007 2101 1094 2127 xxv.
1116 2102 1174 2138 25.

136 2144 236 2181 &ita
257 2143 401 2190 profani
429 2143 565 2191 passim.
586 2144 625 2179 &
648 2142 729 2179 certi
749 2144 807 2191 osse
827 2141 1095 2189 dicuntur,qui
1112 2141 1177 2178 ali-

129 2193 221 2242 quid
240 2193 462 2237 decernunt,
491 2194 529 2230 &
553 2193 630 2241 post
651 2193 950 2230 deliberationem
973 2192 1111 2240 eligunt
1132 2192 1170 2228 &

130 2244 350 2292 praeferunt.
377 2243 425 2280 fic
450 2251 547 2280 certe
567 2242 640 2291 ipse
661 2243 707 2281 ad
730 2242 927 2280 Menandri
952 2241 1170 2289 Fragmenta

130 2305 178 2330 ex
198 2294 342 2331 incertis
365 2294 432 2330 ΝΟ·
459 2294 726 2339 115.d0cuerat
740 2322 749 2336 ‚
769 2294 888 2338 κρίνειν
908 2290 978 2329 effe
989 2292 1121 2340 eligere
1134 2293 1172 2328 ὅ(

126 2345 308 2392 ,praeferre
328 2343 409 2387 ,sed
435 2345 519 2391 quia
538 2344 677 2382 Lexica
699 2345 867 2392 exempla
888 2355 965 2380 non
989 2342 1076 2379 dant
1103 2343 1173 2379 ho-

129 2395 223 2432 mini
246 2393 627 2441 pauperi‚ipfissunum
648 2406 693 2431 ex
710 2395 881 2442 Aeschyli
899 2394 1096 2441 Agamem.
1114 2393 1173 2435 Jlfs.

129 2457 213 2492 479.
241 2444 466 2492 suppeditare
483 2442 649 2491 poffum:
669 2455 759 2483 mox
773 2471 783 2486 ,
810 2445 871 2480 ubi
897 2455 1009 2490 capax
1027 2443 1075 2479 est
1094 2455 1172 2481 ma-

121 2495 253 2544 jorum
274 2494 481 2531 divitiarum
497 2521 506 2537 ,
534 2493 634 2541 plura
653 2492 877 2530 suffecturus.
905 2493 1171 2531 Buamannus.

185 2557 264 2591 172.
291 2549 337 2580 Et
357 2543 514 2591 Drusum
526 2543 699 2591 prunae.]
729 2544 869 2580 Primae
885 2543 1047 2591 plerique
1068 2551 1172 2580 vete-

127 2607 194 2632 res.
220 2594 285 2632 nisi
305 2595 405 2644 quod
421 2594 648 2631 Combianus
662 2605 746 2630 cum
770 2594 906 2631 duabus
929 2593 1071 2630 vetustis
1093 2592 1171 2630 edi-

127 2646 287 2682 tionibus
302 2673 310 2689 ,
315 2645 462 2693 patriae.
475 2645 667 2692 eleganter.
683 2644 878 2692 quomodo
899 2643 1064 2680 Andreas
1077 2655 1172 2692 quo-

127 2707 201 2744 que
223 2696 424 2742 Naugerius
441 2694 642 2732 nitidissimi
663 2696 718 2731 vir
738 2695 898 2742 ingenii,
937 2695 975 2730 &
995 2695 1039 2731 ad
1056 2694 1168 2731 Sene-

127 2757 209 2783 cam
222 2744 372 2792 Lipfius.
393 2746 604 2782 Hansms.
626 2744 698 2782 vid.
711 2745 755 2782 ad
768 2745 875 2782 Cons.
889 2743 934 2782 ad
944 2744 1073 2793 Polyb.
1091 2755 1166 2793 cap.

127 2808 256 2833 xxxiv.
275 2795 336 2832 ubi
360 2796 397 2831 &
417 2796 504 2843 legit
525 2823 535 2839 ‚
573 2808 642 2844 qua
669 2795 844 2845 licuitque.
873 2795 1043 2832 Francius
1068 2794 1166 2843 lege-

127 2847 209 2888 bat,
238 2859 336 2895 quem
354 2845 526 2895 licuitque.
542 2845 600 2881 sed
611 2846 699 2881 niliil
715 2844 867 2883 necesse.
887 2845 970 2882 vide
981 2845 1072 2892 supr.
1088 2846 1166 2883 161.

131 2899 169 2934 δε
196 2897 261 2934 inf.
285 2907 366 2943 350.
394 2909 455 2933 111.
478 2895 703 2942 Trist.v.29.
733 2897 900 2933 Gorallus
921 2895 1010 2945 quod
1032 2896 1090 2932 hic
1102 2908 1167 2932 ex-

127 2947 234 2996 ponit
261 2945 382 2994 quoad.
412 2945 436 2983 ὀ
457 2945 649 2983 Barbarum
672 2946 709 2982 δί
740 2946 931 2984 indot‘tum
967 2947 1164 2983 Poetarum

128 2999 378 3044 interpretem.
396 2997 456 3033 ubi
486 3007 575 3031 vero
603 2996 727 3033 didicit
745 2998 838 3034 hanc
856 2996 1138 3045 explicationem
1153 3025 1164 3041 ,

130 3056 227 3084 certe
246 3058 321 3083 non
335 3047 369 3082 in
382 3043 717 3082 literariaPalaestra
730 3060 738 3083 :
753 3059 837 3084 nam
859 3047 883 3084 si
898 3055 1037 3094 praeter
1049 3047 1166 3095 Logi-

130 3109 187 3135 cas
219 3099 256 3133 &
287 3094 698 3148 Theologicasqsordeffi
731 3096 868 3145 legisset
892 3108 1069 3146 umquam
1092 3098 1167 3134 La-

129 3151 227 3185 tinos
246 3147 431 3195 scriptores
443 3175 453 3191 ,
466 3144 580 3183 noflet
594 3173 603 3187 ,
615 3145 830 3194 quoadidem
851 3146 921 3185 effe
932 3147 1031 3196 quod
1043 3148 1144 3184 donec
1156 3175 1167 3191 ‚

130 3196 314 3247 quousque.
338 3198 459 3234 videat
481 3194 615 3231 Vorstii
632 3196 761 3232 librum
779 3197 822 3234 de
839 3200 1037 3235 Latinitate
1049 3199 1168 3235 merit.

131 3249 222 3297 susp.
243 3259 318 3297 cap.
337 3260 475 3288 xxxiii.
498 3245 597 3284 idem
620 3248 822 3286 committit
841 3249 923 3286 infr.
947 3248 1170 3298 354Bunm.

2092 1416 2277 1494 Dique

1232 1582 1237 1584 Π
1287 1544 1377 1581 '177.
1405 1531 1588 1583 Consuluit
1603 1531 1728 1581 fratris
1747 1540 1949 1569 moerentem
1961 1531 2116 1581 fascibus
2126 1534 2278 1586 urbem]

1239 1583 1371 1622 Versus
1393 1585 1490 1623 haud
1508 1585 1616 1623 dubie
1637 1592 1846 1632 corruptus:
1875 1594 1996 1632 neque
2018 1585 2116 1621 enim
2134 1584 2281 1623 senten-

1235 1636 1306 1679 tia,
1344 1646 1465 1684 neque
1492 1636 1688 1672 verborum
1721 1632 1939 1671 construftio
1969 1634 2116 1672 constat.
2170 1636 2279 1685 Lego

1233 1685 1342 1734 igitur
1372 1698 1437 1733 pro
1467 1686 1669 1734 Consuluit,
1708 1684 1834 1733 Consul
1860 1683 1928 1719 init
1954 1684 2098 1728 frah—iis,
2136 1697 2208 1724 wc.
2237 1694 2278 1724 ut

1231 1736 1273 1773 fit
1292 1736 1431 1774 sensus:
1469 1737 1500 1773 ls
1521 1737 1584 1785 qui
1603 1746 1683 1773 tum
1708 1734 1832 1773 consul
1859 1742 1954 1776 erat,
1992 1735 2191 1783 ingreditur
2218 1748 2279 1773 ur-

1232 1785 1317 1823 bem
1350 1787 1474 1824 consul
1504 1798 1545 1824 ac
1568 1787 1706 1828 vietor,
1736 1784 1854 1823 fractis
1873 1784 2046 1829 fascibus,
2086 1786 2124 1822 ὃ(
2145 1786 2277 1824 eversis

1232 1836 1426 1886 insignibus
1441 1865 1449 1880 ‚
1475 1837 1628 1886 (quibus
1649 1836 1784 1873 scilicet
1809 1835 1904 1872 casus
1919 1862 1928 1878 ‚
1952 1834 2026 1871 five
2045 1834 2161 1872 clades
2181 1836 2276 1874 illius

1230 1886 1484 1936 significetur.)
1511 1887 1624 1936 qualis
1642 1899 1728 1935 ergo
1750 1882 1962 1934 ingressurus
1976 1912 1985 1927 ‚
2003 1886 2042 1922 ὃ(
2062 1897 2133 1934 qua
2153 1886 2272 1934 specie

1232 1939 1349 1982 foret,
1378 1937 1403 1975 fi
1425 1950 1502 1975 non
1525 1937 1667 1981 vidior,
1695 1936 1755 1973 sed
1775 1936 1891 1973 vietus
1912 1933 2056 1972 fuisset?
2096 1937 2278 1974 chrtt.

1230 1990 1351 2032 forte,
1391 1989 1518 2036 Consul
1550 1987 1629 2025 init.
1661 1989 1826 2025 Piwon.
1869 1986 1972 2033 Lege
1997 2014 2007 2029 ‚
2053 1987 2180 2033 Consul
2207 1987 2277 2023 init

1222 2039 1361 2086 fraeiis.
1381 2040 1597 2076 Scationa.
1626 2037 1753 2083 Consul
1770 2037 1838 2073 init
1857 2045 1997 2073 veteres
2017 2037 2206 2080 nonnulli,
2235 2038 2275 2075 id

1231 2090 1334 2138 quod
1348 2090 1427 2138 jam
1448 2089 1522 2126 aliis
1545 2089 1592 2126 est
1609 2087 1887 2136 deprehensum.
1916 2087 2128 2124 Hfitnsxus.
2159 2088 2275 2125 Nori-

1231 2140 1299 2177 sius
1317 2140 1363 2178 ad
1386 2139 1618 2188 Cenotaphia
1639 2138 1764 2176 Pisana
1782 2135 1927 2175 Dissert.
1947 2149 2011 2174 111.
2031 2148 2106 2185 cap.
2121 2138 2274 2186 2.legit‚

1226 2196 1319 2227 Cum
1336 2189 1457 2238 subiit.

1281 2241 1360 2278 182.
1389 2239 1560 2278 Gentibus
1587 2236 1779 2288 adverfis.]
1808 2235 1976 2286 Adversis
1996 2236 2081 2273 ἀντῖ
2105 2238 2169 2274 τοῦ
2205 2238 2273 2274 ad-

1225 2291 1400 2339 vershriis.
1441 2292 1632 2328 Ammian.
1667 2288 1820 2327 Marcel.
1857 2287 2032 2335 Adversas
2063 2288 2189 2334 ‘fortius
2217 2297 2273 2337 op-

1221 2343 1418 2392 presserunt.
1445 2341 1615 2379 dixerunt
1626 2341 1734 2378 etiam
1748 2368 1759 2383 ‚
1778 2339 1928 2386 advoses.
1941 2338 2060 2375 Festus
2072 2338 2247 2385 Advosem
2258 2366 2272 2383 ,

1226 2393 1470 2443 adversarium
1497 2391 1631 2438 hostem.
1659 2388 1876 2427 Glossarium
1910 2388 2065 2436 Advoses
2095 2388 2268 2425 §wazu-noi:

1228 2445 1275 2481 est
1293 2454 1417 2482 autem
1439 2444 1475 2480 in
1495 2443 1550 2479 his
1571 2441 1688 2478 verbis
1710 2439 1867 2477 formula
1884 2438 2055 2475 solemnis
2069 2467 2078 2482 ,
2108 2451 2177 2487 qua
2190 2447 2272 2476 ute-

1227 2494 1356 2532 bantur
1372 2522 1381 2537 ,
1409 2492 1558 2542 quando
1576 2491 1734 2527 hostibus
1748 2490 1841 2526 mala
1853 2489 2154 2536 imprecabantur.
2164 2490 2270 2528 Plau-

1227 2552 1282 2581 tus
1304 2545 1350 2581 de
1368 2555 1413 2580 eo
1441 2543 1503 2591 qui
1525 2542 1663 2578 malurn
1685 2541 1857 2577 nuntium
1877 2539 2081 2577 adferebat:

1276 2593 1491 2642 Principium
1508 2591 1659 2628 inimicis
1680 2591 1772 2626 dato.

1226 2644 1374 2692 Apulej.
1389 2642 1497 2689 Hostes
1507 2654 1550 2680 cy
1561 2654 1671 2678 omnes
1683 2640 1818 2677 inimici
1829 2649 1902 2677 tam
1915 2640 2044 2676 duram
2053 2640 2121 2676 imo
2131 2654 2210 2676 vero
2224 2646 2270 2676 U..

1226 2694 1354 2730 lixeam
1362 2691 1662 2743 peregrinationem
1672 2691 2266 2737 incidunt.LiNDENBRQuimftil.

1222 2757 1292 2782 ΧΗ.
1307 2745 1351 2782 de
1378 2743 1486 2781 instit.
1506 2743 1599 2779 Orat
1614 2755 1644 2779 1.
1666 2741 1828 2777 facultas
1843 2740 2238 2790 dicendisociascelerurn
2253 2768 2268 2784 ‚

1222 2795 1371 2843 adversa
1410 2793 1633 2829 innocentiae.
1688 2793 1740 2829 Ita
1775 2789 1913 2839 adversi
1954 2803 2020 2839 pro
2057 2791 2263 2828 adversariis

1223 2842 1404 2893 Quinkstil.
1432 2844 1536 2880 Decl.
1561 2854 1685 2879 V11.2.
1713 2842 1769 2889 Est
1789 2841 2012 2890 adverfhrum
2044 2854 2193 2876 meorum
2221 2850 2264 2879 (φ

1219 2895 1282 2941 ista
1303 2896 1453 2931 novitas.
1483 2893 1555 2931 vid.
1576 2895 1615 2930 &
1636 2893 1682 2930 ad
1700 2893 1856 2942 Argum.
1874 2893 1936 2930 lib.
1948 2891 2266 2939 iv.Metamorph.

1220 2946 1290 2983 fab.
1312 2958 1401 2982 xnt.
1454 2944 1718 2981 Bounomos.

1277 2996 1358 3044 183.
1388 2995 1510 3033 Incerti
1531 2994 1766 3044 claudumque
1787 2993 1912 3031 domos.
1933 2992 1948 3042 ]
1978 2992 2099 3030 Tacit.
2128 2988 2265 3027 Annal.

1220 3046 1280 3084 lib.
1304 3059 1349 3083 11.
1373 3046 1432 3083 82.
1457 3045 1502 3082 de
1520 3046 1594 3082 hoc
1612 3045 1688 3093 ipso
1707 3056 1814 3093 agens
1829 3072 1839 3087 ‚
1866 3044 1913 3081 sic
1924 3043 2039 3080 scribit
2054 3069 2064 3083 ‚
2092 3047 2159 3076 Hes
2179 3040 2264 3075 vul-

1218 3097 1254 3144 gi
1280 3098 1450 3145 sermones
1476 3096 1600 3132 audita
1630 3109 1719 3132 mors
1737 3096 1820 3131 adeo
1838 3093 2007 3133 incendit,
2039 3101 2077 3126 ut
2095 3100 2175 3126 ante
2191 3090 2263 3125 edi-

1222 3150 1315 3182 cium
1334 3146 1598 3194 magistratuum
1612 3173 1622 3189 ,
1643 3156 1725 3181 ante
1752 3141 2085 3189 Senatusconsultum
2099 3169 2108 3184 ‚
2122 3140 2262 3188 sumpto

1217 3197 1349 3245 justitio
1368 3195 1597 3244 desererentur
1606 3197 1687 3243 fora
1702 3223 1710 3237 ‚
1742 3193 1979 3229 clauderentur
1996 3193 2114 3227 domus
2130 3190 2264 3239 ‚puffim

1216 3246 1358 3297 filontio
1381 3257 1423 3287 ω’
1437 3246 1584 3296 gemitus
1603 3273 1613 3292 ‚
1651 3243 1740 3330 mliii
1759 3241 1981 3330 lcolgnpofititrn
2010 3242 2047 3280 in
2075 3240 2268 3290 ostentatio-

1647 3294 1680 3331 i<
1701 3306 1711 3310 ’
1735 3305 1748 3329 t
1768 3305 1782 3328 t
2170 3304 2267 3330 nem„
