<?xml version="1.0" encoding="UTF-8"?>
<!DOCTYPE html PUBLIC "-//W3C//DTD XHTML 1.0 Transitional//EN"
    "http://www.w3.org/TR/xhtml1/DTD/xhtml1-transitional.dtd">
<html xmlns="http://www.w3.org/1999/xhtml" xml:lang="en" lang="en">
 <head>
  <title>
</title>
<meta http-equiv="Content-Type" content="text/html;charset=utf-8" />
  <meta name='ocr-system' content='tesseract 3.04.00' />
  <meta name='ocr-capabilities' content='ocr_page ocr_carea ocr_par ocr_line ocrx_word'/>
</head>
<body>
  <div class='ocr_page' id='page_1' title='image "./publiiovidiinaso01ovid_0516.png"; bbox 0 0 2553 3676; ppageno 0'>
   <div class='ocr_carea' id='block_1_1' title="bbox 389 185 413 235">
    <p class='ocr_par' dir='ltr' id='par_1_1' title="bbox 389 185 413 235">
     <span class='ocr_line' id='line_1_1' title="bbox 389 185 413 235; textangle 90"><span class='ocrx_word' id='word_1_1' title='bbox 389 185 413 235; x_wconf 53' lang='lat' dir='ltr'>§.ix</span> 
     </span>
    </p>
   </div>
   <div class='ocr_carea' id='block_1_2' title="bbox 795 161 1947 229">
    <p class='ocr_par' dir='ltr' id='par_1_2' title="bbox 795 161 1947 229">
     <span class='ocr_line' id='line_1_2' title="bbox 795 161 1947 229; baseline -0.01 0"><span class='ocrx_word' id='word_1_2' title='bbox 795 173 857 229; x_wconf 91' lang='lat' dir='ltr'>P.</span> <span class='ocrx_word' id='word_1_3' title='bbox 931 165 1344 226; x_wconf 87' lang='lat' dir='ltr'>OVIDII</span> <span class='ocrx_word' id='word_1_4' title='bbox 1416 161 1947 221; x_wconf 85' lang='lat' dir='ltr'>NASONIS</span> 
     </span>
    </p>
   </div>
   <div class='ocr_carea' id='block_1_3' title="bbox 506 255 2145 1136">
    <p class='ocr_par' dir='ltr' id='par_1_3' title="bbox 506 255 2145 1136">
     <span class='ocr_line' id='line_1_3' title="bbox 608 255 2066 334; baseline -0.008 -13"><span class='ocrx_word' id='word_1_5' title='bbox 608 265 766 322; x_wconf 87' lang='lat' dir='ltr'>Nunc</span> <span class='ocrx_word' id='word_1_6' title='bbox 793 263 1014 318; x_wconf 83' lang='lat' dir='ltr'>habeam</span> <span class='ocrx_word' id='word_1_7' title='bbox 1040 272 1213 334; x_wconf 87' lang='lat' dir='ltr'>perte</span> <span class='ocrx_word' id='word_1_8' title='bbox 1235 259 1483 316; x_wconf 86' lang='lat' dir='ltr'>Romana</span> <span class='ocrx_word' id='word_1_9' title='bbox 1507 255 1822 330; x_wconf 80' lang='lat' dir='ltr'>Tragoedia</span> <span class='ocrx_word' id='word_1_10' title='bbox 1845 269 2066 311; x_wconf 73' lang='lat' dir='ltr'>nomen.</span> 
     </span>
     <span class='ocr_line' id='line_1_4' title="bbox 506 332 1634 409; baseline -0.007 -17"><span class='ocrx_word' id='word_1_11' title='bbox 506 357 573 405; x_wconf 82' lang='lat'>30</span> <span class='ocrx_word' id='word_1_12' title='bbox 682 337 927 409; x_wconf 77' lang='lat' dir='ltr'>Implebit</span> <span class='ocrx_word' id='word_1_13' title='bbox 954 336 1098 406; x_wconf 87' lang='lat' dir='ltr'>leges</span> <span class='ocrx_word' id='word_1_14' title='bbox 1121 333 1329 406; x_wconf 83' lang='lat' dir='ltr'>spiritus</span> <span class='ocrx_word' id='word_1_15' title='bbox 1358 332 1452 387; x_wconf 89' lang='lat' dir='ltr'>iste</span> <span class='ocrx_word' id='word_1_16' title='bbox 1477 348 1634 386; x_wconf 77' lang='lat' dir='ltr'>meas,</span> 
     </span>
     <span class='ocr_line' id='line_1_5' title="bbox 615 402 1899 479; baseline -0.008 -13"><span class='ocrx_word' id='word_1_17' title='bbox 615 411 920 469; x_wconf 67' lang='lat' dir='ltr'>Haetenus:</span> <span class='ocrx_word' id='word_1_18' title='bbox 962 407 1016 461; x_wconf 86' lang='lat'>&amp;</span> <span class='ocrx_word' id='word_1_19' title='bbox 1041 407 1214 462; x_wconf 84' lang='lat' dir='ltr'>movit</span> <span class='ocrx_word' id='word_1_20' title='bbox 1241 405 1391 479; x_wconf 63' lang='lat' dir='ltr'>piciis</span> <span class='ocrx_word' id='word_1_21' title='bbox 1416 404 1596 458; x_wconf 79' lang='lat' dir='ltr'>innixa</span> <span class='ocrx_word' id='word_1_22' title='bbox 1624 402 1899 456; x_wconf 80' lang='lat' dir='ltr'>cothurnis</span> 
     </span>
     <span class='ocr_line' id='line_1_6' title="bbox 689 480 1924 549; baseline -0.008 -11"><span class='ocrx_word' id='word_1_23' title='bbox 689 483 931 537; x_wconf 80' lang='lat' dir='ltr'><strong>Densum</strong></span> <span class='ocrx_word' id='word_1_24' title='bbox 954 480 1176 536; x_wconf 82' lang='lat' dir='ltr'>caesarie</span> <span class='ocrx_word' id='word_1_25' title='bbox 1202 493 1392 549; x_wconf 87' lang='lat' dir='ltr'>terque</span> <span class='ocrx_word' id='word_1_26' title='bbox 1418 487 1717 548; x_wconf 81' lang='lat' dir='ltr'>quaterque</span> <span class='ocrx_word' id='word_1_27' title='bbox 1747 486 1924 548; x_wconf 77' lang='lat' dir='ltr'>caput.</span> 
     </span>
     <span class='ocr_line' id='line_1_7' title="bbox 617 545 1796 626; baseline -0.013 -13"><span class='ocrx_word' id='word_1_28' title='bbox 617 559 805 613; x_wconf 87' lang='lat' dir='ltr'>Altera</span> <span class='ocrx_word' id='word_1_29' title='bbox 832 555 905 626; x_wconf 86' lang='lat' dir='ltr'>(fi</span> <span class='ocrx_word' id='word_1_30' title='bbox 928 554 1184 619; x_wconf 83' lang='lat' dir='ltr'>mem-ini)</span> <span class='ocrx_word' id='word_1_31' title='bbox 1210 552 1346 604; x_wconf 79' lang='lat' dir='ltr'>limis</span> <span class='ocrx_word' id='word_1_32' title='bbox 1368 545 1572 600; x_wconf 79' lang='lat' dir='ltr'>subrisit</span> <span class='ocrx_word' id='word_1_33' title='bbox 1600 547 1796 600; x_wconf 80' lang='lat' dir='ltr'>ocellis.</span> 
     </span>
     <span class='ocr_line' id='line_1_8' title="bbox 692 617 1852 692; baseline -0.012 -8"><span class='ocrx_word' id='word_1_34' title='bbox 692 628 865 683; x_wconf 86' lang='lat' dir='ltr'>Fallor</span> <span class='ocrx_word' id='word_1_35' title='bbox 880 669 895 692; x_wconf 83' lang='lat'>,</span> <span class='ocrx_word' id='word_1_36' title='bbox 935 646 999 681; x_wconf 90' lang='lat' dir='ltr'>an</span> <span class='ocrx_word' id='word_1_37' title='bbox 1023 626 1078 678; x_wconf 89' lang='lat' dir='ltr'>in</span> <span class='ocrx_word' id='word_1_38' title='bbox 1101 624 1296 675; x_wconf 65' lang='lat' dir='ltr'>dextra</span> <span class='ocrx_word' id='word_1_39' title='bbox 1317 632 1524 690; x_wconf 84' lang='lat' dir='ltr'>myrtea</span> <span class='ocrx_word' id='word_1_40' title='bbox 1548 617 1698 688; x_wconf 87' lang='lat' dir='ltr'>virga</span> <span class='ocrx_word' id='word_1_41' title='bbox 1721 618 1852 672; x_wconf 88' lang='lat' dir='ltr'>fuit?</span> 
     </span>
     <span class='ocr_line' id='line_1_9' title="bbox 518 689 2123 776; baseline -0.01 -18"><span class='ocrx_word' id='word_1_42' title='bbox 518 720 583 771; x_wconf 79' lang='lat'>35</span> <span class='ocrx_word' id='word_1_43' title='bbox 622 702 773 776; x_wconf 88' lang='lat' dir='ltr'>Quid</span> <span class='ocrx_word' id='word_1_44' title='bbox 799 700 1043 773; x_wconf 84' lang='lat' dir='ltr'>gravibus</span> <span class='ocrx_word' id='word_1_45' title='bbox 1071 694 1276 756; x_wconf 81' lang='lat' dir='ltr'>verbis,</span> <span class='ocrx_word' id='word_1_46' title='bbox 1314 691 1544 746; x_wconf 76' lang='lat' dir='ltr'>animosa</span> <span class='ocrx_word' id='word_1_47' title='bbox 1568 689 1908 761; x_wconf 81' lang='lat' dir='ltr'>Tragoedia,</span> <span class='ocrx_word' id='word_1_48' title='bbox 1947 691 2082 744; x_wconf 81' lang='lat' dir='ltr'>dixit</span> <span class='ocrx_word' id='word_1_49' title='bbox 2103 712 2123 752; x_wconf 69' lang='grc' dir='ltr'>ς·</span> 
     </span>
     <span class='ocr_line' id='line_1_10' title="bbox 696 762 2145 843; baseline -0.009 -15"><span class='ocrx_word' id='word_1_50' title='bbox 696 775 795 828; x_wconf 84' lang='lat' dir='ltr'>Me</span> <span class='ocrx_word' id='word_1_51' title='bbox 823 769 1050 843; x_wconf 79' lang='lat' dir='ltr'>premis?</span> <span class='ocrx_word' id='word_1_52' title='bbox 1090 786 1156 821; x_wconf 90' lang='lat' dir='ltr'>an</span> <span class='ocrx_word' id='word_1_53' title='bbox 1182 783 1475 838; x_wconf 81' lang='lat' dir='ltr'>numquam</span> <span class='ocrx_word' id='word_1_54' title='bbox 1499 781 1614 817; x_wconf 77' lang='lat' dir='ltr'>nonv</span> <span class='ocrx_word' id='word_1_55' title='bbox 1635 763 1804 835; x_wconf 80' lang='lat' dir='ltr'>gravis</span> <span class='ocrx_word' id='word_1_56' title='bbox 1828 763 1930 816; x_wconf 82' lang='lat' dir='ltr'>effe</span> <span class='ocrx_word' id='word_1_57' title='bbox 1955 762 2145 835; x_wconf 64' lang='lat' dir='ltr'>potes?</span> 
     </span>
     <span class='ocr_line' id='line_1_11' title="bbox 623 835 1948 916; baseline -0.009 -15"><span class='ocrx_word' id='word_1_58' title='bbox 623 844 913 916; x_wconf 77' lang='lat' dir='ltr'>Imparibus</span> <span class='ocrx_word' id='word_1_59' title='bbox 939 856 1120 896; x_wconf 88' lang='lat' dir='ltr'>tamen</span> <span class='ocrx_word' id='word_1_60' title='bbox 1144 857 1198 894; x_wconf 85' lang='lat' dir='ltr'>es</span> <span class='ocrx_word' id='word_1_61' title='bbox 1223 839 1458 892; x_wconf 86' lang='lat' dir='ltr'>numeris</span> <span class='ocrx_word' id='word_1_62' title='bbox 1485 836 1700 908; x_wconf 81' lang='lat' dir='ltr'>dignata</span> <span class='ocrx_word' id='word_1_63' title='bbox 1724 835 1948 890; x_wconf 86' lang='lat' dir='ltr'>moveri.</span> 
     </span>
     <span class='ocr_line' id='line_1_12' title="bbox 699 910 1677 988; baseline -0.007 -17"><span class='ocrx_word' id='word_1_64' title='bbox 699 918 758 971; x_wconf 83' lang='lat' dir='ltr'>ln</span> <span class='ocrx_word' id='word_1_65' title='bbox 783 935 871 970; x_wconf 87' lang='lat' dir='ltr'>me</span> <span class='ocrx_word' id='word_1_66' title='bbox 898 912 1137 988; x_wconf 85' lang='lat' dir='ltr'>pugnasti</span> <span class='ocrx_word' id='word_1_67' title='bbox 1162 912 1392 966; x_wconf 78' lang='lat' dir='ltr'>versibus</span> <span class='ocrx_word' id='word_1_68' title='bbox 1419 910 1508 964; x_wconf 90' lang='lat' dir='ltr'>usa</span> <span class='ocrx_word' id='word_1_69' title='bbox 1530 910 1677 964; x_wconf 70' lang='lat' dir='ltr'>meis</span> 
     </span>
     <span class='ocr_line' id='line_1_13' title="bbox 626 981 1996 1061; baseline -0.007 -16"><span class='ocrx_word' id='word_1_70' title='bbox 626 990 755 1046; x_wconf 91' lang='lat' dir='ltr'>Non</span> <span class='ocrx_word' id='word_1_71' title='bbox 783 1007 886 1061; x_wconf 89' lang='lat' dir='ltr'>ego</span> <span class='ocrx_word' id='word_1_72' title='bbox 910 986 1231 1043; x_wconf 85' lang='lat' dir='ltr'>contulerim</span> <span class='ocrx_word' id='word_1_73' title='bbox 1255 984 1492 1038; x_wconf 71' lang='lat' dir='ltr'>sublimia</span> <span class='ocrx_word' id='word_1_74' title='bbox 1519 983 1750 1037; x_wconf 85' lang='lat' dir='ltr'>carmina</span> <span class='ocrx_word' id='word_1_75' title='bbox 1773 981 1996 1045; x_wconf 55' lang='lat' dir='ltr'>nosti-133</span> 
     </span>
     <span class='ocr_line' id='line_1_14' title="bbox 519 1056 1689 1136; baseline -0.007 -17"><span class='ocrx_word' id='word_1_76' title='bbox 519 1081 592 1136; x_wconf 69' lang='lat'>40</span> <span class='ocrx_word' id='word_1_77' title='bbox 703 1062 902 1119; x_wconf 85' lang='lat' dir='ltr'>Obruit</span> <span class='ocrx_word' id='word_1_78' title='bbox 929 1061 1143 1133; x_wconf 82' lang='lat' dir='ltr'>exiguas</span> <span class='ocrx_word' id='word_1_79' title='bbox 1170 1059 1316 1132; x_wconf 69' lang='lat' dir='ltr'>regia</span> <span class='ocrx_word' id='word_1_80' title='bbox 1338 1056 1504 1115; x_wconf 86' lang='lat' dir='ltr'>vestra</span> <span class='ocrx_word' id='word_1_81' title='bbox 1528 1056 1689 1111; x_wconf 71' lang='lat' dir='ltr'>fores,</span> 
     </span>
    </p>
   </div>
   <div class='ocr_carea' id='block_1_4' title="bbox 314 188 377 255">
    <p class='ocr_par' dir='ltr' id='par_1_4' title="bbox 314 188 377 255">
     <span class='ocr_line' id='line_1_15' title="bbox 314 188 377 255; textangle 90"><span class='ocrx_word' id='word_1_82' title='bbox 314 188 377 255; x_wconf 43' lang='lat' dir='ltr'>‘Ex</span> 
     </span>
    </p>
   </div>
   <div class='ocr_carea' id='block_1_5' title="bbox 2355 1124 2486 1188">
    <p class='ocr_par' dir='ltr' id='par_1_5' title="bbox 2355 1124 2486 1188">
     <span class='ocr_line' id='line_1_16' title="bbox 2355 1124 2486 1188; baseline 0.046 -6"><span class='ocrx_word' id='word_1_83' title='bbox 2355 1124 2486 1188; x_wconf 79' lang='lat' dir='ltr'>Sum</span> 
     </span>
    </p>
   </div>
   <div class='ocr_carea' id='block_1_6' title="bbox 339 1275 2485 1388">
    <p class='ocr_par' dir='ltr' id='par_1_6' title="bbox 339 1275 2485 1388">
     <span class='ocr_line' id='line_1_17' title="bbox 339 1275 2485 1337; baseline -0.004 -10"><span class='ocrx_word' id='word_1_84' title='bbox 339 1286 649 1328; x_wconf 81' lang='lat' dir='ltr'>Francofurtenfis</span> <span class='ocrx_word' id='word_1_85' title='bbox 663 1315 673 1332; x_wconf 92' lang='lat'>‚</span> <span class='ocrx_word' id='word_1_86' title='bbox 694 1285 862 1337; x_wconf 84' lang='lat' dir='ltr'>priorum.</span> <span class='ocrx_word' id='word_1_87' title='bbox 889 1285 938 1324; x_wconf 88' lang='lat' dir='ltr'>ita</span> <span class='ocrx_word' id='word_1_88' title='bbox 958 1285 1058 1322; x_wconf 88' lang='lat' dir='ltr'>enim</span> <span class='ocrx_word' id='word_1_89' title='bbox 1076 1289 1258 1322; x_wconf 85' lang='lat' dir='ltr'>vocantur</span> <span class='ocrx_word' id='word_1_90' title='bbox 1276 1280 1382 1330; x_wconf 84' lang='lat' dir='ltr'>saepe</span> <span class='ocrx_word' id='word_1_91' title='bbox 1435 1283 1437 1285; x_wconf 82' lang='lat'>&#39;</span> <span class='ocrx_word' id='word_1_92' title='bbox 1490 1290 1550 1330; x_wconf 76' lang='lat'>31.</span> <span class='ocrx_word' id='word_1_93' title='bbox 1578 1279 1709 1318; x_wconf 83' lang='lat' dir='ltr'>Innixa</span> <span class='ocrx_word' id='word_1_94' title='bbox 1728 1278 1945 1330; x_wconf 84' lang='lat' dir='ltr'>cothurnis.]</span> <span class='ocrx_word' id='word_1_95' title='bbox 1974 1280 2095 1318; x_wconf 80' lang='lat' dir='ltr'>Prima</span> <span class='ocrx_word' id='word_1_96' title='bbox 2118 1277 2234 1317; x_wconf 82' lang='lat' dir='ltr'>editio</span> <span class='ocrx_word' id='word_1_97' title='bbox 2257 1288 2348 1328; x_wconf 22' lang='lat' dir='ltr'>&#39;cum</span> <span class='ocrx_word' id='word_1_98' title='bbox 2367 1275 2485 1318; x_wconf 80' lang='lat' dir='ltr'>Sarra-&#39;-</span> 
     </span>
     <span class='ocr_line' id='line_1_18' title="bbox 341 1329 2483 1388; baseline -0.004 -11"><span class='ocrx_word' id='word_1_99' title='bbox 341 1341 452 1379; x_wconf 83' lang='lat' dir='ltr'>seculi</span> <span class='ocrx_word' id='word_1_100' title='bbox 473 1340 615 1388; x_wconf 78' lang='lat' dir='ltr'>antiqui</span> <span class='ocrx_word' id='word_1_101' title='bbox 637 1339 795 1376; x_wconf 88' lang='lat' dir='ltr'>Heroes.</span> <span class='ocrx_word' id='word_1_102' title='bbox 822 1337 907 1376; x_wconf 86' lang='lat' dir='ltr'>vide</span> <span class='ocrx_word' id='word_1_103' title='bbox 930 1337 1051 1374; x_wconf 87' lang='lat' dir='ltr'>Barth.</span> <span class='ocrx_word' id='word_1_104' title='bbox 1066 1335 1110 1373; x_wconf 91' lang='lat' dir='ltr'>ad</span> <span class='ocrx_word' id='word_1_105' title='bbox 1131 1335 1217 1371; x_wconf 83' lang='lat' dir='ltr'>Stat.</span> <span class='ocrx_word' id='word_1_106' title='bbox 1245 1345 1274 1370; x_wconf 89' lang='lat'>1.</span> <span class='ocrx_word' id='word_1_107' title='bbox 1296 1333 1383 1370; x_wconf 87' lang='lat' dir='ltr'>Silv.</span> <span class='ocrx_word' id='word_1_108' title='bbox 1438 1331 1553 1369; x_wconf 84' lang='lat' dir='ltr'>viano</span> <span class='ocrx_word' id='word_1_109' title='bbox 1578 1334 1615 1369; x_wconf 87' lang='lat'>&amp;</span> <span class='ocrx_word' id='word_1_110' title='bbox 1643 1332 1772 1380; x_wconf 81' lang='lat' dir='ltr'>decem</span> <span class='ocrx_word' id='word_1_111' title='bbox 1801 1333 1901 1375; x_wconf 86' lang='lat' dir='ltr'>aliis,</span> <span class='ocrx_word' id='word_1_112' title='bbox 1929 1332 2071 1369; x_wconf 70' lang='lat' dir='ltr'>innexa.</span> <span class='ocrx_word' id='word_1_113' title='bbox 2108 1329 2306 1380; x_wconf 87' lang='lat' dir='ltr'>quomodo</span> <span class='ocrx_word' id='word_1_114' title='bbox 2338 1329 2483 1374; x_wconf 54' lang='lat' dir='ltr'>cothub</span> 
     </span>
    </p>
   </div>
   <div class='ocr_carea' id='block_1_7' title="bbox 343 1379 2487 1488">
    <p class='ocr_par' dir='ltr' id='par_1_7' title="bbox 343 1379 2487 1488">
     <span class='ocr_line' id='line_1_19' title="bbox 347 1379 2487 1433; baseline -0.005 -5"><span class='ocrx_word' id='word_1_115' title='bbox 347 1402 381 1429; x_wconf 82' lang='lat'>1.</span> <span class='ocrx_word' id='word_1_116' title='bbox 410 1391 444 1428; x_wconf 85' lang='lat'>8.</span> <span class='ocrx_word' id='word_1_117' title='bbox 475 1392 512 1427; x_wconf 63' lang='grc' dir='ltr'>ὃς</span> <span class='ocrx_word' id='word_1_118' title='bbox 542 1402 595 1426; x_wconf 80' lang='lat' dir='ltr'>vr.</span> <span class='ocrx_word' id='word_1_119' title='bbox 622 1389 745 1427; x_wconf 85' lang='lat' dir='ltr'>Theb.</span> <span class='ocrx_word' id='word_1_120' title='bbox 779 1401 858 1433; x_wconf 78' lang='lat'>104.</span> <span class='ocrx_word' id='word_1_121' title='bbox 891 1388 929 1424; x_wconf 73' lang='grc' dir='ltr'>δί</span> <span class='ocrx_word' id='word_1_122' title='bbox 961 1387 1087 1424; x_wconf 84' lang='lat' dir='ltr'>Heius.</span> <span class='ocrx_word' id='word_1_123' title='bbox 1115 1385 1159 1422; x_wconf 87' lang='lat' dir='ltr'>ad</span> <span class='ocrx_word' id='word_1_124' title='bbox 1185 1383 1301 1422; x_wconf 89' lang='lat' dir='ltr'>Ovid.</span> <span class='ocrx_word' id='word_1_125' title='bbox 1323 1394 1384 1420; x_wconf 83' lang='lat' dir='ltr'>xv.</span> <span class='ocrx_word' id='word_1_126' title='bbox 1439 1394 1532 1420; x_wconf 87' lang='lat' dir='ltr'>num</span> <span class='ocrx_word' id='word_1_127' title='bbox 1560 1382 1681 1419; x_wconf 84' lang='lat' dir='ltr'>vincla</span> <span class='ocrx_word' id='word_1_128' title='bbox 1710 1384 1820 1433; x_wconf 88' lang='lat' dir='ltr'>paulo</span> <span class='ocrx_word' id='word_1_129' title='bbox 1847 1391 1933 1422; x_wconf 85' lang='lat' dir='ltr'>ante</span> <span class='ocrx_word' id='word_1_130' title='bbox 1959 1382 2171 1422; x_wconf 84' lang='lat' dir='ltr'>nominavit</span> <span class='ocrx_word' id='word_1_131' title='bbox 2192 1409 2205 1427; x_wconf 83' lang='lat'>,</span> <span class='ocrx_word' id='word_1_132' title='bbox 2242 1381 2280 1418; x_wconf 90' lang='lat'>&amp;</span> <span class='ocrx_word' id='word_1_133' title='bbox 2302 1379 2487 1428; x_wconf 76' lang='lat' dir='ltr'>Virgilio,</span> 
     </span>
     <span class='ocr_line' id='line_1_20' title="bbox 343 1433 1751 1488; baseline -0.005 -9"><span class='ocrx_word' id='word_1_134' title='bbox 343 1442 504 1482; x_wconf 78' lang='lat' dir='ltr'>Metam.</span> <span class='ocrx_word' id='word_1_135' title='bbox 531 1453 610 1485; x_wconf 79' lang='lat'>104.</span> <span class='ocrx_word' id='word_1_136' title='bbox 639 1443 676 1476; x_wconf 84' lang='lat'>&amp;</span> <span class='ocrx_word' id='word_1_137' title='bbox 695 1451 763 1477; x_wconf 88' lang='lat' dir='ltr'>nos</span> <span class='ocrx_word' id='word_1_138' title='bbox 781 1440 882 1488; x_wconf 88' lang='lat' dir='ltr'>plura</span> <span class='ocrx_word' id='word_1_139' title='bbox 901 1437 946 1475; x_wconf 88' lang='lat' dir='ltr'>ad</span> <span class='ocrx_word' id='word_1_140' title='bbox 964 1438 1087 1475; x_wconf 81' lang='lat' dir='ltr'>valer.</span> <span class='ocrx_word' id='word_1_141' title='bbox 1106 1436 1203 1473; x_wconf 85' lang='lat' dir='ltr'>Flac.</span> <span class='ocrx_word' id='word_1_142' title='bbox 1225 1447 1286 1472; x_wconf 53' lang='lat' dir='ltr'>1v„</span> <span class='ocrx_word' id='word_1_143' title='bbox 1303 1446 1386 1483; x_wconf 76' lang='lat'><em>351.</em></span> <span class='ocrx_word' id='word_1_144' title='bbox 1442 1433 1574 1482; x_wconf 84' lang='lat' dir='ltr'>Eclog.</span> <span class='ocrx_word' id='word_1_145' title='bbox 1595 1446 1669 1472; x_wconf 82' lang='lat' dir='ltr'>vu.</span> <span class='ocrx_word' id='word_1_146' title='bbox 1693 1446 1751 1484; x_wconf 81' lang='lat'>32.</span> 
     </span>
    </p>
   </div>
   <div class='ocr_carea' id='block_1_8' title="bbox 344 1483 2129 1539">
    <p class='ocr_par' dir='ltr' id='par_1_8' title="bbox 344 1483 2129 1539">
     <span class='ocr_line' id='line_1_21' title="bbox 344 1483 2129 1539; baseline -0.006 -9"><span class='ocrx_word' id='word_1_147' title='bbox 344 1493 522 1530; x_wconf 80' lang='lat' dir='ltr'>dicemus.</span> <span class='ocrx_word' id='word_1_148' title='bbox 551 1491 589 1528; x_wconf 70' lang='grc' dir='ltr'>δί</span> <span class='ocrx_word' id='word_1_149' title='bbox 608 1491 657 1528; x_wconf 81' lang='lat' dir='ltr'>ita</span> <span class='ocrx_word' id='word_1_150' title='bbox 675 1491 801 1539; x_wconf 84' lang='lat' dir='ltr'>paffim</span> <span class='ocrx_word' id='word_1_151' title='bbox 824 1491 973 1527; x_wconf 71' lang='lat' dir='ltr'>Poetae.</span> <span class='ocrx_word' id='word_1_152' title='bbox 1002 1490 1108 1525; x_wconf 59' lang='lat' dir='ltr'>Facta</span> <span class='ocrx_word' id='word_1_153' title='bbox 1125 1496 1306 1538; x_wconf 78' lang='lat' dir='ltr'>potentum</span> <span class='ocrx_word' id='word_1_154' title='bbox 1323 1485 1388 1522; x_wconf 81' lang='lat' dir='ltr'>ha·</span> <span class='ocrx_word' id='word_1_155' title='bbox 1657 1491 1763 1522; x_wconf 85' lang='lat' dir='ltr'>Suras</span> <span class='ocrx_word' id='word_1_156' title='bbox 1787 1484 1927 1522; x_wconf 70' lang='lat' dir='ltr'>evinh&#39;t‘a</span> <span class='ocrx_word' id='word_1_157' title='bbox 1954 1483 2129 1521; x_wconf 83' lang='lat' dir='ltr'>cothurno.</span> 
     </span>
    </p>
   </div>
   <div class='ocr_carea' id='block_1_9' title="bbox 1501 1512 1644 1520">
    <p class='ocr_par' dir='ltr' id='par_1_9' title="bbox 1501 1512 1644 1520">
     <span class='ocr_line' id='line_1_22' title="bbox 1501 1512 1644 1520; baseline 0 2156"><span class='ocrx_word' id='word_1_158' title='bbox 1501 1512 1644 1520; x_wconf 95' lang='lat' dir='ltr'> </span> 
     </span>
    </p>
   </div>
   <div class='ocr_carea' id='block_1_10' title="bbox 343 1533 2540 1946">
    <p class='ocr_par' dir='ltr' id='par_1_10' title="bbox 343 1533 2540 1946">
     <span class='ocr_line' id='line_1_23' title="bbox 343 1533 2540 1583; baseline -0.005 -1"><span class='ocrx_word' id='word_1_159' title='bbox 343 1543 452 1582; x_wconf 88' lang='lat' dir='ltr'>bebat</span> <span class='ocrx_word' id='word_1_160' title='bbox 471 1542 727 1580; x_wconf 85' lang='lat' dir='ltr'>Scriverianus.</span> <span class='ocrx_word' id='word_1_161' title='bbox 755 1541 1017 1578; x_wconf 64' lang='lat' dir='ltr'>Burmannus.</span> <span class='ocrx_word' id='word_1_162' title='bbox 1445 1533 1559 1583; x_wconf 88' lang='lat' dir='ltr'>Apud</span> <span class='ocrx_word' id='word_1_163' title='bbox 1577 1535 1777 1574; x_wconf 84' lang='lat' dir='ltr'>Horatium</span> <span class='ocrx_word' id='word_1_164' title='bbox 1796 1544 1922 1573; x_wconf 85' lang='lat' dir='ltr'>tamen</span> <span class='ocrx_word' id='word_1_165' title='bbox 1942 1535 2023 1574; x_wconf 85' lang='lat' dir='ltr'>Art.</span> <span class='ocrx_word' id='word_1_166' title='bbox 2043 1536 2152 1572; x_wconf 82' lang='lat' dir='ltr'>Po&#39;et.</span> <span class='ocrx_word' id='word_1_167' title='bbox 2481 1558 2487 1581; x_wconf 71' lang='lat'>¹.</span> <span class='ocrx_word' id='word_1_168' title='bbox 2537 1556 2540 1560; x_wconf 91' lang='lat'><em>-</em></span> 
     </span>
     <span class='ocr_line' id='line_1_24' title="bbox 395 1583 2486 1641; baseline -0.004 -11"><span class='ocrx_word' id='word_1_169' title='bbox 395 1593 454 1630; x_wconf 85' lang='lat'>26.</span> <span class='ocrx_word' id='word_1_170' title='bbox 483 1599 575 1628; x_wconf 84' lang='lat' dir='ltr'>Haec</span> <span class='ocrx_word' id='word_1_171' title='bbox 592 1592 712 1629; x_wconf 81' lang='lat' dir='ltr'>animo</span> <span class='ocrx_word' id='word_1_172' title='bbox 728 1592 816 1628; x_wconf 85' lang='lat' dir='ltr'>dices</span> <span class='ocrx_word' id='word_1_173' title='bbox 833 1602 916 1629; x_wconf 84' lang='lat' dir='ltr'>area</span> <span class='ocrx_word' id='word_1_174' title='bbox 932 1590 1038 1641; x_wconf 65' lang='lat' dir='ltr'>digna</span> <span class='ocrx_word' id='word_1_175' title='bbox 1057 1602 1132 1626; x_wconf 88' lang='lat' dir='ltr'>meo</span> <span class='ocrx_word' id='word_1_176' title='bbox 1153 1586 1227 1638; x_wconf 69' lang='lat' dir='ltr'>est]</span> <span class='ocrx_word' id='word_1_177' title='bbox 1250 1586 1392 1626; x_wconf 80' lang='lat' dir='ltr'>Eadem</span> <span class='ocrx_word' id='word_1_178' title='bbox 1507 1590 1553 1621; x_wconf 90' lang='lat' dir='ltr'>Et</span> <span class='ocrx_word' id='word_1_179' title='bbox 1569 1586 1683 1623; x_wconf 85' lang='lat' dir='ltr'>docuit</span> <span class='ocrx_word' id='word_1_180' title='bbox 1698 1599 1929 1636; x_wconf 79' lang='lat' dir='ltr'>magnumque</span> <span class='ocrx_word' id='word_1_181' title='bbox 1949 1585 2063 1635; x_wconf 81' lang='lat' dir='ltr'>loqui,</span> <span class='ocrx_word' id='word_1_182' title='bbox 2091 1584 2227 1634; x_wconf 78' lang='lat' dir='ltr'>nitique</span> <span class='ocrx_word' id='word_1_183' title='bbox 2242 1583 2422 1633; x_wconf 58' lang='lat' dir='ltr'>cothurno}</span> <span class='ocrx_word' id='word_1_184' title='bbox 2481 1611 2486 1627; x_wconf 88' lang='lat'>.</span> 
     </span>
     <span class='ocr_line' id='line_1_25' title="bbox 346 1637 1946 1691; baseline -0.006 -9"><span class='ocrx_word' id='word_1_185' title='bbox 346 1643 564 1691; x_wconf 82' lang='lat' dir='ltr'>metaphora</span> <span class='ocrx_word' id='word_1_186' title='bbox 584 1643 645 1680; x_wconf 85' lang='lat' dir='ltr'>lib.</span> <span class='ocrx_word' id='word_1_187' title='bbox 664 1657 719 1681; x_wconf 80' lang='lat' dir='ltr'>iv.</span> <span class='ocrx_word' id='word_1_188' title='bbox 737 1643 828 1680; x_wconf 82' lang='lat' dir='ltr'>Fast.</span> <span class='ocrx_word' id='word_1_189' title='bbox 1449 1637 1498 1676; x_wconf 86' lang='lat' dir='ltr'>Et</span> <span class='ocrx_word' id='word_1_190' title='bbox 1514 1637 1680 1684; x_wconf 77' lang='lat' dir='ltr'>Propert.</span> <span class='ocrx_word' id='word_1_191' title='bbox 1699 1651 1742 1675; x_wconf 92' lang='lat'>11.</span> <span class='ocrx_word' id='word_1_192' title='bbox 1765 1638 1866 1685; x_wconf 86' lang='lat' dir='ltr'>Eleg.</span> <span class='ocrx_word' id='word_1_193' title='bbox 1886 1649 1946 1683; x_wconf 86' lang='lat'>29.</span> 
     </span>
     <span class='ocr_line' id='line_1_26' title="bbox 403 1683 2164 1743; baseline -0.005 -12"><span class='ocrx_word' id='word_1_194' title='bbox 403 1701 507 1735; x_wconf 80' lang='lat' dir='ltr'>Nunc</span> <span class='ocrx_word' id='word_1_195' title='bbox 526 1695 652 1730; x_wconf 82' lang='lat' dir='ltr'>teritur</span> <span class='ocrx_word' id='word_1_196' title='bbox 673 1693 791 1740; x_wconf 86' lang='lat' dir='ltr'>nostris</span> <span class='ocrx_word' id='word_1_197' title='bbox 809 1705 891 1730; x_wconf 86' lang='lat' dir='ltr'>area</span> <span class='ocrx_word' id='word_1_198' title='bbox 910 1693 1022 1740; x_wconf 82' lang='lat' dir='ltr'>major</span> <span class='ocrx_word' id='word_1_199' title='bbox 1040 1690 1147 1743; x_wconf 74' lang='lat' dir='ltr'>equis.</span> <span class='ocrx_word' id='word_1_200' title='bbox 1499 1686 1637 1737; x_wconf 84' lang='lat' dir='ltr'>Profilit</span> <span class='ocrx_word' id='word_1_201' title='bbox 1658 1689 1696 1724; x_wconf 86' lang='lat' dir='ltr'>in</span> <span class='ocrx_word' id='word_1_202' title='bbox 1713 1688 1803 1725; x_wconf 73' lang='lat' dir='ltr'>laxoi</span> <span class='ocrx_word' id='word_1_203' title='bbox 1824 1688 1910 1724; x_wconf 85' lang='lat' dir='ltr'>nixa</span> <span class='ocrx_word' id='word_1_204' title='bbox 1921 1686 2043 1736; x_wconf 81' lang='lat' dir='ltr'>pedem</span> <span class='ocrx_word' id='word_1_205' title='bbox 2055 1683 2164 1734; x_wconf 73' lang='lat' dir='ltr'>soled.</span> 
     </span>
     <span class='ocr_line' id='line_1_27' title="bbox 349 1737 1924 1793; baseline -0.005 -11"><span class='ocrx_word' id='word_1_206' title='bbox 349 1743 480 1793; x_wconf 82' lang='lat' dir='ltr'>Elegia</span> <span class='ocrx_word' id='word_1_207' title='bbox 502 1744 565 1782; x_wconf 87' lang='lat' dir='ltr'>ult.</span> <span class='ocrx_word' id='word_1_208' title='bbox 582 1745 690 1793; x_wconf 86' lang='lat' dir='ltr'>hujus</span> <span class='ocrx_word' id='word_1_209' title='bbox 708 1745 767 1782; x_wconf 88' lang='lat' dir='ltr'>lib.</span> <span class='ocrx_word' id='word_1_210' title='bbox 793 1756 824 1781; x_wconf 88' lang='lat'>1.</span> <span class='ocrx_word' id='word_1_211' title='bbox 1449 1737 1500 1776; x_wconf 83' lang='lat' dir='ltr'>Et</span> <span class='ocrx_word' id='word_1_212' title='bbox 1523 1739 1684 1777; x_wconf 86' lang='lat' dir='ltr'>Catullus</span> <span class='ocrx_word' id='word_1_213' title='bbox 1706 1751 1845 1777; x_wconf 73' lang='lat' dir='ltr'>txvm.</span> <span class='ocrx_word' id='word_1_214' title='bbox 1865 1751 1924 1780; x_wconf 82' lang='lat'>72.</span> 
     </span>
     <span class='ocr_line' id='line_1_28' title="bbox 404 1786 2118 1845; baseline -0.004 -13"><span class='ocrx_word' id='word_1_215' title='bbox 404 1795 584 1844; x_wconf 78' lang='lat' dir='ltr'>Pulsanda</span> <span class='ocrx_word' id='word_1_216' title='bbox 605 1796 647 1843; x_wconf 84' lang='lat' dir='ltr'>est</span> <span class='ocrx_word' id='word_1_217' title='bbox 665 1795 799 1845; x_wconf 80' lang='lat' dir='ltr'>magnis</span> <span class='ocrx_word' id='word_1_218' title='bbox 818 1807 900 1832; x_wconf 86' lang='lat' dir='ltr'>area</span> <span class='ocrx_word' id='word_1_219' title='bbox 917 1794 1029 1843; x_wconf 78' lang='lat' dir='ltr'>major</span> <span class='ocrx_word' id='word_1_220' title='bbox 1046 1791 1152 1844; x_wconf 63' lang='lat' dir='ltr'>equis„</span> <span class='ocrx_word' id='word_1_221' title='bbox 1505 1790 1635 1826; x_wconf 83' lang='lat' dir='ltr'>Innixa</span> <span class='ocrx_word' id='word_1_222' title='bbox 1652 1789 1781 1839; x_wconf 70' lang='lat' dir='ltr'>argutd</span> <span class='ocrx_word' id='word_1_223' title='bbox 1799 1789 1947 1837; x_wconf 85' lang='lat' dir='ltr'>constitit</span> <span class='ocrx_word' id='word_1_224' title='bbox 1963 1788 2001 1824; x_wconf 84' lang='lat' dir='ltr'>in</span> <span class='ocrx_word' id='word_1_225' title='bbox 2010 1786 2118 1835; x_wconf 74' lang='lat' dir='ltr'>fhled.</span> 
     </span>
     <span class='ocr_line' id='line_1_29' title="bbox 354 1839 2024 1887; baseline -0.004 -4"><span class='ocrx_word' id='word_1_226' title='bbox 354 1846 574 1884; x_wconf 59' lang='lat' dir='ltr'>(honnus.</span> <span class='ocrx_word' id='word_1_227' title='bbox 1454 1839 1504 1879; x_wconf 85' lang='lat' dir='ltr'>Et</span> <span class='ocrx_word' id='word_1_228' title='bbox 1524 1840 1659 1878; x_wconf 85' lang='lat' dir='ltr'>Noster</span> <span class='ocrx_word' id='word_1_229' title='bbox 1676 1854 1730 1878; x_wconf 88' lang='lat' dir='ltr'>1v.</span> <span class='ocrx_word' id='word_1_230' title='bbox 1748 1842 1858 1878; x_wconf 87' lang='lat' dir='ltr'>Pont.</span> <span class='ocrx_word' id='word_1_231' title='bbox 1878 1840 1941 1877; x_wconf 92' lang='lat' dir='ltr'>ult.</span> <span class='ocrx_word' id='word_1_232' title='bbox 1965 1851 2024 1887; x_wconf 88' lang='lat'>29.</span> 
     </span>
     <span class='ocr_line' id='line_1_30' title="bbox 404 1887 2381 1946; baseline -0.003 -12"><span class='ocrx_word' id='word_1_233' title='bbox 404 1897 465 1934; x_wconf 90' lang='lat'>26.</span> <span class='ocrx_word' id='word_1_234' title='bbox 493 1895 652 1946; x_wconf 59' lang='lat' dir='ltr'>Digna]</span> <span class='ocrx_word' id='word_1_235' title='bbox 682 1900 781 1933; x_wconf 84' lang='lat' dir='ltr'>Area</span> <span class='ocrx_word' id='word_1_236' title='bbox 798 1895 896 1942; x_wconf 67' lang='lat' dir='ltr'>sac&#39;Za</span> <span class='ocrx_word' id='word_1_237' title='bbox 920 1905 978 1933; x_wconf 85' lang='lat' dir='ltr'>tuo</span> <span class='ocrx_word' id='word_1_238' title='bbox 999 1895 1218 1933; x_wconf 82' lang='lat' dir='ltr'>Puteaneus.</span> <span class='ocrx_word' id='word_1_239' title='bbox 1243 1903 1322 1931; x_wconf 88' lang='lat' dir='ltr'>non</span> <span class='ocrx_word' id='word_1_240' title='bbox 1342 1892 1400 1930; x_wconf 87' lang='lat' dir='ltr'>in·</span> <span class='ocrx_word' id='word_1_241' title='bbox 1510 1891 1682 1940; x_wconf 81' lang='lat' dir='ltr'><em>Musaque</em></span> <span class='ocrx_word' id='word_1_242' title='bbox 1701 1890 1851 1928; x_wconf 79' lang='lat' dir='ltr'>Turrani</span> <span class='ocrx_word' id='word_1_243' title='bbox 1876 1889 2025 1938; x_wconf 81' lang='lat' dir='ltr'>Tragicis</span> <span class='ocrx_word' id='word_1_244' title='bbox 2045 1887 2173 1925; x_wconf 80' lang='lat' dir='ltr'>innixa</span> <span class='ocrx_word' id='word_1_245' title='bbox 2195 1887 2381 1928; x_wconf 80' lang='lat' dir='ltr'>cothurnis.</span> 
     </span>
    </p>
   </div>
   <div class='ocr_carea' id='block_1_11' title="bbox 353 1922 2490 1994">
    <p class='ocr_par' dir='ltr' id='par_1_11' title="bbox 353 1922 2490 1994">
     <span class='ocr_line' id='line_1_31' title="bbox 353 1922 2490 1994; baseline -0.003 -8"><span class='ocrx_word' id='word_1_246' title='bbox 353 1948 517 1989; x_wconf 77' lang='lat' dir='ltr'>venuste.</span> <span class='ocrx_word' id='word_1_247' title='bbox 545 1952 660 1983; x_wconf 83' lang='lat' dir='ltr'>Grata</span> <span class='ocrx_word' id='word_1_248' title='bbox 677 1947 866 1994; x_wconf 82' lang='lat' dir='ltr'>Junianus.</span> <span class='ocrx_word' id='word_1_249' title='bbox 1457 1942 1641 1990; x_wconf 82' lang='lat' dir='ltr'>Quamvis</span> <span class='ocrx_word' id='word_1_250' title='bbox 1663 1942 1767 1979; x_wconf 84' lang='lat' dir='ltr'>&amp;ibi</span> <span class='ocrx_word' id='word_1_251' title='bbox 1787 1940 1937 1990; x_wconf 85' lang='lat' dir='ltr'>quidam</span> <span class='ocrx_word' id='word_1_252' title='bbox 1956 1940 2099 1989; x_wconf 77' lang='lat' dir='ltr'>scripti,</span> <span class='ocrx_word' id='word_1_253' title='bbox 2126 1940 2268 1978; x_wconf 84' lang='lat' dir='ltr'>innexa.</span> <span class='ocrx_word' id='word_1_254' title='bbox 2289 1922 2490 1983; x_wconf 59' lang='lat' dir='ltr'>Hmmmssi</span> 
     </span>
    </p>
   </div>
   <div class='ocr_carea' id='block_1_12' title="bbox 355 1990 2496 2301">
    <p class='ocr_par' dir='ltr' id='par_1_12' title="bbox 355 1990 2496 2301">
     <span class='ocr_line' id='line_1_32' title="bbox 407 1990 2494 2048; baseline -0.003 -13"><span class='ocrx_word' id='word_1_255' title='bbox 407 1998 469 2036; x_wconf 89' lang='lat'>28.</span> <span class='ocrx_word' id='word_1_256' title='bbox 505 1998 695 2048; x_wconf 76' lang='lat' dir='ltr'>Primaque</span> <span class='ocrx_word' id='word_1_257' title='bbox 722 2007 781 2047; x_wconf 85' lang='lat' dir='ltr'>per</span> <span class='ocrx_word' id='word_1_258' title='bbox 817 2011 975 2034; x_wconf 80' lang='lat' dir='ltr'>numeros</span> <span class='ocrx_word' id='word_1_259' title='bbox 1004 2005 1098 2046; x_wconf 86' lang='lat' dir='ltr'>apta.</span> <span class='ocrx_word' id='word_1_260' title='bbox 1122 1995 1139 2046; x_wconf 93' lang='lat'>]</span> <span class='ocrx_word' id='word_1_261' title='bbox 1184 1994 1334 2032; x_wconf 61' lang='lat' dir='ltr'>Rectius</span> <span class='ocrx_word' id='word_1_262' title='bbox 1362 1994 1401 2030; x_wconf 90' lang='lat' dir='ltr'>in</span> <span class='ocrx_word' id='word_1_263' title='bbox 1485 2001 1567 2042; x_wconf 82' lang='lat'><strong>&#39;33.</strong></span> <span class='ocrx_word' id='word_1_264' title='bbox 1598 1999 1694 2029; x_wconf 82' lang='lat' dir='ltr'>Nam</span> <span class='ocrx_word' id='word_1_265' title='bbox 1721 1992 1903 2042; x_wconf 73' lang='lat' dir='ltr'>memini.]</span> <span class='ocrx_word' id='word_1_266' title='bbox 1935 1993 1977 2029; x_wconf 88' lang='lat' dir='ltr'>In</span> <span class='ocrx_word' id='word_1_267' title='bbox 1995 1990 2210 2041; x_wconf 84' lang='lat' dir='ltr'>quibusdam</span> <span class='ocrx_word' id='word_1_268' title='bbox 2234 1991 2494 2041; x_wconf 45' lang='lat' dir='ltr'>exemplaribus&amp;</span> 
     </span>
     <span class='ocr_line' id='line_1_33' title="bbox 357 2041 2487 2098; baseline -0.003 -11"><span class='ocrx_word' id='word_1_269' title='bbox 357 2049 625 2098; x_wconf 82' lang='lat' dir='ltr'>exemplaribus</span> <span class='ocrx_word' id='word_1_270' title='bbox 643 2049 798 2098; x_wconf 83' lang='lat' dir='ltr'>legitur,</span> <span class='ocrx_word' id='word_1_271' title='bbox 823 2051 930 2086; x_wconf 61' lang='lat' dir='ltr'>Aeta.</span> <span class='ocrx_word' id='word_1_272' title='bbox 957 2056 998 2085; x_wconf 86' lang='lat' dir='ltr'>ut</span> <span class='ocrx_word' id='word_1_273' title='bbox 1026 2047 1067 2085; x_wconf 89' lang='lat' dir='ltr'>fit</span> <span class='ocrx_word' id='word_1_274' title='bbox 1091 2046 1209 2085; x_wconf 83' lang='lat' dir='ltr'>sensus</span> <span class='ocrx_word' id='word_1_275' title='bbox 1227 2047 1265 2083; x_wconf 67' lang='grc' dir='ltr'>ὃς</span> <span class='ocrx_word' id='word_1_276' title='bbox 1284 2044 1401 2083; x_wconf 82' lang='lat' dir='ltr'>ordo:</span> <span class='ocrx_word' id='word_1_277' title='bbox 1454 2044 1609 2092; x_wconf 85' lang='lat' dir='ltr'>legitur,</span> <span class='ocrx_word' id='word_1_278' title='bbox 1619 2042 1655 2092; x_wconf 80' lang='lat' dir='ltr'><em>st</em></span> <span class='ocrx_word' id='word_1_279' title='bbox 1675 2044 1829 2081; x_wconf 83' lang='lat' dir='ltr'>memini.</span> <span class='ocrx_word' id='word_1_280' title='bbox 1846 2052 2045 2091; x_wconf 88' lang='lat' dir='ltr'>utrumque</span> <span class='ocrx_word' id='word_1_281' title='bbox 2066 2041 2175 2080; x_wconf 65' lang='lat' dir='ltr'>reete.</span> <span class='ocrx_word' id='word_1_282' title='bbox 2195 2043 2372 2080; x_wconf 65' lang='lat' dir='ltr'>Maurus.</span> <span class='ocrx_word' id='word_1_283' title='bbox 2399 2049 2487 2080; x_wconf 69' lang='lat' dir='ltr'>Nan}</span> 
     </span>
     <span class='ocr_line' id='line_1_34' title="bbox 355 2093 2492 2148; baseline -0.004 -8"><span class='ocrx_word' id='word_1_284' title='bbox 355 2101 480 2140; x_wconf 86' lang='lat' dir='ltr'>Prima</span> <span class='ocrx_word' id='word_1_285' title='bbox 495 2101 651 2148; x_wconf 82' lang='lat' dir='ltr'>juventa</span> <span class='ocrx_word' id='word_1_286' title='bbox 670 2108 733 2137; x_wconf 90' lang='lat' dir='ltr'>tua</span> <span class='ocrx_word' id='word_1_287' title='bbox 747 2127 758 2143; x_wconf 89' lang='lat'>,</span> <span class='ocrx_word' id='word_1_288' title='bbox 785 2098 811 2137; x_wconf 86' lang='grc' dir='ltr'><strong>ὂ</strong></span> <span class='ocrx_word' id='word_1_289' title='bbox 830 2099 927 2137; x_wconf 82' lang='lat' dir='ltr'>Naso</span> <span class='ocrx_word' id='word_1_290' title='bbox 942 2127 952 2142; x_wconf 95' lang='lat'>,</span> <span class='ocrx_word' id='word_1_291' title='bbox 980 2098 1081 2143; x_wconf 61' lang='lat' dir='ltr'>aeta,</span> <span class='ocrx_word' id='word_1_292' title='bbox 1109 2098 1233 2146; x_wconf 85' lang='lat' dir='ltr'>supple</span> <span class='ocrx_word' id='word_1_293' title='bbox 1254 2095 1303 2133; x_wconf 91' lang='lat' dir='ltr'>est</span> <span class='ocrx_word' id='word_1_294' title='bbox 1317 2106 1403 2143; x_wconf 89' lang='lat' dir='ltr'>,per</span> <span class='ocrx_word' id='word_1_295' title='bbox 1459 2094 1604 2131; x_wconf 86' lang='lat' dir='ltr'>memini</span> <span class='ocrx_word' id='word_1_296' title='bbox 1625 2094 1806 2132; x_wconf 86' lang='lat' dir='ltr'>editiones</span> <span class='ocrx_word' id='word_1_297' title='bbox 1833 2102 1974 2132; x_wconf 87' lang='lat' dir='ltr'>veteres</span> <span class='ocrx_word' id='word_1_298' title='bbox 1989 2122 1998 2138; x_wconf 87' lang='lat'>,</span> <span class='ocrx_word' id='word_1_299' title='bbox 2027 2094 2066 2130; x_wconf 89' lang='lat'>&amp;</span> <span class='ocrx_word' id='word_1_300' title='bbox 2096 2094 2249 2130; x_wconf 79' lang='lat' dir='ltr'>Sarravii</span> <span class='ocrx_word' id='word_1_301' title='bbox 2273 2093 2389 2131; x_wconf 82' lang='lat' dir='ltr'>codex</span> <span class='ocrx_word' id='word_1_302' title='bbox 2410 2103 2492 2143; x_wconf 61' lang='lat' dir='ltr'>cuin»</span> 
     </span>
     <span class='ocr_line' id='line_1_35' title="bbox 358 2141 2486 2195; baseline -0.003 -6"><span class='ocrx_word' id='word_1_303' title='bbox 358 2151 442 2190; x_wconf 78' lang='lat' dir='ltr'>suos</span> <span class='ocrx_word' id='word_1_304' title='bbox 469 2163 672 2189; x_wconf 83' lang='lat' dir='ltr'>numeros:</span> <span class='ocrx_word' id='word_1_305' title='bbox 708 2152 783 2188; x_wconf 88' lang='lat' dir='ltr'>hoc</span> <span class='ocrx_word' id='word_1_306' title='bbox 812 2150 883 2195; x_wconf 88' lang='lat' dir='ltr'>est,</span> <span class='ocrx_word' id='word_1_307' title='bbox 911 2149 1089 2187; x_wconf 83' lang='lat' dir='ltr'>amatoria</span> <span class='ocrx_word' id='word_1_308' title='bbox 1110 2149 1271 2185; x_wconf 85' lang='lat' dir='ltr'>carmina</span> <span class='ocrx_word' id='word_1_309' title='bbox 1293 2146 1403 2183; x_wconf 80' lang='lat' dir='ltr'>aetati</span> <span class='ocrx_word' id='word_1_310' title='bbox 1460 2144 1604 2182; x_wconf 88' lang='lat' dir='ltr'>duobus</span> <span class='ocrx_word' id='word_1_311' title='bbox 1621 2146 1708 2183; x_wconf 88' lang='lat' dir='ltr'>aliis.</span> <span class='ocrx_word' id='word_1_312' title='bbox 1734 2145 1796 2183; x_wconf 89' lang='lat' dir='ltr'>sed</span> <span class='ocrx_word' id='word_1_313' title='bbox 1819 2144 1951 2184; x_wconf 62' lang='lat' dir='ltr'>reatus</span> <span class='ocrx_word' id='word_1_314' title='bbox 1978 2145 2172 2187; x_wconf 86' lang='lat' dir='ltr'>meliores,</span> <span class='ocrx_word' id='word_1_315' title='bbox 2189 2141 2226 2191; x_wconf 84' lang='lat' dir='ltr'><em>fi</em></span> <span class='ocrx_word' id='word_1_316' title='bbox 2245 2143 2396 2180; x_wconf 85' lang='lat' dir='ltr'>memini.</span> <span class='ocrx_word' id='word_1_317' title='bbox 2420 2141 2486 2182; x_wconf 78' lang='lat' dir='ltr'>vid.</span> 
     </span>
     <span class='ocr_line' id='line_1_36' title="bbox 357 2192 2496 2250; baseline -0.003 -11"><span class='ocrx_word' id='word_1_318' title='bbox 357 2209 444 2240; x_wconf 86' lang='lat' dir='ltr'>tuae</span> <span class='ocrx_word' id='word_1_319' title='bbox 478 2201 637 2250; x_wconf 85' lang='lat' dir='ltr'>juvenili</span> <span class='ocrx_word' id='word_1_320' title='bbox 669 2202 929 2238; x_wconf 83' lang='lat' dir='ltr'>convenientia</span> <span class='ocrx_word' id='word_1_321' title='bbox 966 2200 1045 2238; x_wconf 74' lang='lat' dir='ltr'>satis</span> <span class='ocrx_word' id='word_1_322' title='bbox 1075 2197 1233 2246; x_wconf 79' lang='lat' dir='ltr'>scripsisti</span> <span class='ocrx_word' id='word_1_323' title='bbox 1257 2210 1266 2233; x_wconf 73' lang='grc' dir='ltr'>ι</span> <span class='ocrx_word' id='word_1_324' title='bbox 1303 2207 1405 2233; x_wconf 85' lang='lat' dir='ltr'>nunc</span> <span class='ocrx_word' id='word_1_325' title='bbox 1461 2195 1507 2232; x_wconf 79' lang='lat' dir='ltr'>ad</span> <span class='ocrx_word' id='word_1_326' title='bbox 1534 2196 1681 2234; x_wconf 90' lang='lat' dir='ltr'>Petron.</span> <span class='ocrx_word' id='word_1_327' title='bbox 1713 2208 1789 2245; x_wconf 80' lang='lat' dir='ltr'>cap.</span> <span class='ocrx_word' id='word_1_328' title='bbox 1817 2209 1923 2234; x_wconf 81' lang='lat' dir='ltr'>xxxx.</span> <span class='ocrx_word' id='word_1_329' title='bbox 1952 2197 1991 2234; x_wconf 86' lang='lat'>&amp;</span> <span class='ocrx_word' id='word_1_330' title='bbox 2015 2192 2180 2233; x_wconf 78' lang='lat' dir='ltr'>Pafferat.</span> <span class='ocrx_word' id='word_1_331' title='bbox 2209 2194 2254 2232; x_wconf 79' lang='lat' dir='ltr'>ad</span> <span class='ocrx_word' id='word_1_332' title='bbox 2279 2195 2434 2244; x_wconf 84' lang='lat' dir='ltr'>Propert.</span> <span class='ocrx_word' id='word_1_333' title='bbox 2447 2192 2496 2233; x_wconf 58' lang='lat'>11².</span> 
     </span>
     <span class='ocr_line' id='line_1_37' title="bbox 359 2246 2480 2301; baseline -0.004 -11"><span class='ocrx_word' id='word_1_334' title='bbox 359 2252 511 2301; x_wconf 85' lang='lat' dir='ltr'>quando</span> <span class='ocrx_word' id='word_1_335' title='bbox 535 2264 582 2290; x_wconf 84' lang='lat' dir='ltr'>ex</span> <span class='ocrx_word' id='word_1_336' title='bbox 607 2253 724 2301; x_wconf 89' lang='lat' dir='ltr'>prima</span> <span class='ocrx_word' id='word_1_337' title='bbox 737 2253 894 2300; x_wconf 79' lang='lat' dir='ltr'>juventa</span> <span class='ocrx_word' id='word_1_338' title='bbox 910 2251 1008 2293; x_wconf 84' lang='lat' dir='ltr'>exis,</span> <span class='ocrx_word' id='word_1_339' title='bbox 1037 2250 1179 2298; x_wconf 85' lang='lat' dir='ltr'>majora</span> <span class='ocrx_word' id='word_1_340' title='bbox 1199 2247 1406 2297; x_wconf 78' lang='lat' dir='ltr'>aggredere.</span> <span class='ocrx_word' id='word_1_341' title='bbox 1461 2246 1565 2295; x_wconf 81' lang='lat' dir='ltr'>Eleg.</span> <span class='ocrx_word' id='word_1_342' title='bbox 1590 2259 1620 2284; x_wconf 87' lang='lat'>1.</span> <span class='ocrx_word' id='word_1_343' title='bbox 1646 2247 1909 2284; x_wconf 62' lang='lat' dir='ltr'>Bummnus.</span> <span class='ocrx_word' id='word_1_344' title='bbox 2474 2262 2480 2268; x_wconf 91' lang='lat'><strong>·</strong></span> 
     </span>
    </p>
   </div>
   <div class='ocr_carea' id='block_1_13' title="bbox 361 2295 2497 2406">
    <p class='ocr_par' dir='ltr' id='par_1_13' title="bbox 361 2295 2497 2406">
     <span class='ocr_line' id='line_1_38' title="bbox 361 2295 2497 2348; baseline -0.004 -7"><span class='ocrx_word' id='word_1_345' title='bbox 361 2302 520 2341; x_wconf 84' lang='lat' dir='ltr'>Dixerat</span> <span class='ocrx_word' id='word_1_346' title='bbox 535 2304 648 2341; x_wconf 85' lang='lat' dir='ltr'>etiam</span> <span class='ocrx_word' id='word_1_347' title='bbox 670 2302 786 2340; x_wconf 88' lang='lat' dir='ltr'>Ovid.</span> <span class='ocrx_word' id='word_1_348' title='bbox 802 2302 863 2339; x_wconf 88' lang='lat' dir='ltr'>lib.</span> <span class='ocrx_word' id='word_1_349' title='bbox 882 2315 933 2340; x_wconf 78' lang='lat' dir='ltr'>xv,</span> <span class='ocrx_word' id='word_1_350' title='bbox 953 2301 1041 2338; x_wconf 84' lang='lat' dir='ltr'>Fast.</span> <span class='ocrx_word' id='word_1_351' title='bbox 1061 2312 1097 2348; x_wconf 89' lang='lat'>9.</span> <span class='ocrx_word' id='word_1_352' title='bbox 1517 2308 1575 2346; x_wconf 86' lang='lat'>33.</span> <span class='ocrx_word' id='word_1_353' title='bbox 1601 2296 1773 2348; x_wconf 60' lang='lat' dir='ltr'>Subrisinj</span> <span class='ocrx_word' id='word_1_354' title='bbox 1797 2295 1925 2347; x_wconf 75' lang='lat' dir='ltr'>Obrist&#39;t</span> <span class='ocrx_word' id='word_1_355' title='bbox 1946 2296 2061 2334; x_wconf 85' lang='lat' dir='ltr'>editio</span> <span class='ocrx_word' id='word_1_356' title='bbox 2079 2295 2303 2335; x_wconf 85' lang='lat' dir='ltr'>Bersmanni.</span> <span class='ocrx_word' id='word_1_357' title='bbox 2328 2308 2403 2347; x_wconf 92' lang='lat' dir='ltr'>quo</span> <span class='ocrx_word' id='word_1_358' title='bbox 2417 2297 2497 2342; x_wconf 60' lang='lat' dir='ltr'>vers-J</span> 
     </span>
     <span class='ocr_line' id='line_1_39' title="bbox 415 2348 2074 2406; baseline -0.004 -15"><span class='ocrx_word' id='word_1_359' title='bbox 415 2356 518 2403; x_wconf 51' lang='lat' dir='ltr'>§Quae</span> <span class='ocrx_word' id='word_1_360' title='bbox 535 2354 674 2397; x_wconf 86' lang='lat' dir='ltr'>decuit,</span> <span class='ocrx_word' id='word_1_361' title='bbox 696 2353 820 2403; x_wconf 80' lang='lat' dir='ltr'>primis</span> <span class='ocrx_word' id='word_1_362' title='bbox 831 2351 907 2402; x_wconf 81' lang='lat' dir='ltr'>fine</span> <span class='ocrx_word' id='word_1_363' title='bbox 927 2351 1072 2389; x_wconf 83' lang='lat' dir='ltr'>crimine</span> <span class='ocrx_word' id='word_1_364' title='bbox 1088 2348 1231 2406; x_wconf 63' lang='grc' dir='ltr'>Ιιιβνηιις</span> <span class='ocrx_word' id='word_1_365' title='bbox 1247 2348 1376 2394; x_wconf 70' lang='lat' dir='ltr'>annis,</span> <span class='ocrx_word' id='word_1_366' title='bbox 1466 2348 1515 2386; x_wconf 93' lang='lat' dir='ltr'>bo</span> <span class='ocrx_word' id='word_1_367' title='bbox 1538 2348 1661 2386; x_wconf 88' lang='lat' dir='ltr'>nescio</span> <span class='ocrx_word' id='word_1_368' title='bbox 1688 2361 1733 2386; x_wconf 85' lang='lat' dir='ltr'>an</span> <span class='ocrx_word' id='word_1_369' title='bbox 1760 2349 1817 2386; x_wconf 86' lang='lat' dir='ltr'>alii</span> <span class='ocrx_word' id='word_1_370' title='bbox 1845 2349 1898 2385; x_wconf 86' lang='lat' dir='ltr'>ufi</span> <span class='ocrx_word' id='word_1_371' title='bbox 1928 2348 2074 2386; x_wconf 83' lang='lat' dir='ltr'>fuerint.</span> 
     </span>
    </p>
   </div>
   <div class='ocr_carea' id='block_1_14' title="bbox 364 2382 2499 2555">
    <p class='ocr_par' dir='ltr' id='par_1_14' title="bbox 364 2382 2499 2555">
     <span class='ocr_line' id='line_1_40' title="bbox 479 2382 2493 2451; baseline -0.003 -11"><span class='ocrx_word' id='word_1_372' title='bbox 479 2411 584 2441; x_wconf 83' lang='lat' dir='ltr'>Nunc</span> <span class='ocrx_word' id='word_1_373' title='bbox 601 2405 728 2441; x_wconf 84' lang='lat' dir='ltr'>teritur</span> <span class='ocrx_word' id='word_1_374' title='bbox 748 2403 866 2450; x_wconf 83' lang='lat' dir='ltr'>nostris</span> <span class='ocrx_word' id='word_1_375' title='bbox 885 2417 966 2441; x_wconf 77' lang='lat' dir='ltr'>area</span> <span class='ocrx_word' id='word_1_376' title='bbox 982 2403 1094 2451; x_wconf 83' lang='lat' dir='ltr'>major</span> <span class='ocrx_word' id='word_1_377' title='bbox 1111 2415 1217 2450; x_wconf 77' lang='lat' dir='ltr'>eqms.</span> <span class='ocrx_word' id='word_1_378' title='bbox 1520 2411 1578 2447; x_wconf 84' lang='lat'>34.</span> <span class='ocrx_word' id='word_1_379' title='bbox 1608 2398 1780 2449; x_wconf 79' lang='lat' dir='ltr'>Fallar?]</span> <span class='ocrx_word' id='word_1_380' title='bbox 1811 2399 1960 2436; x_wconf 63' lang='lat' dir='ltr'>Rediius</span> <span class='ocrx_word' id='word_1_381' title='bbox 1985 2399 2023 2435; x_wconf 90' lang='lat' dir='ltr'>in</span> <span class='ocrx_word' id='word_1_382' title='bbox 2062 2397 2326 2447; x_wconf 78' lang='lat' dir='ltr'>exemplaribus</span> <span class='ocrx_word' id='word_1_383' title='bbox 2350 2382 2493 2445; x_wconf 50' lang='lat' dir='ltr'>legitur}¹</span> 
     </span>
     <span class='ocr_line' id='line_1_41' title="bbox 364 2447 2499 2504; baseline -0.004 -10"><span class='ocrx_word' id='word_1_384' title='bbox 364 2456 415 2494; x_wconf 83' lang='lat' dir='ltr'>Et</span> <span class='ocrx_word' id='word_1_385' title='bbox 432 2456 494 2494; x_wconf 79' lang='lat' dir='ltr'>lib.</span> <span class='ocrx_word' id='word_1_386' title='bbox 514 2468 559 2494; x_wconf 76' lang='grc' dir='ltr'>η.</span> <span class='ocrx_word' id='word_1_387' title='bbox 581 2455 747 2504; x_wconf 79' lang='lat' dir='ltr'>ejusdem</span> <span class='ocrx_word' id='word_1_388' title='bbox 770 2455 889 2504; x_wconf 85' lang='lat' dir='ltr'>operis</span> <span class='ocrx_word' id='word_1_389' title='bbox 910 2455 957 2493; x_wconf 88' lang='lat' dir='ltr'>ad</span> <span class='ocrx_word' id='word_1_390' title='bbox 979 2455 1102 2503; x_wconf 84' lang='lat' dir='ltr'>elegos</span> <span class='ocrx_word' id='word_1_391' title='bbox 1124 2454 1233 2490; x_wconf 88' lang='lat' dir='ltr'>verba</span> <span class='ocrx_word' id='word_1_392' title='bbox 1252 2452 1411 2496; x_wconf 81' lang='lat' dir='ltr'>faciens,</span> <span class='ocrx_word' id='word_1_393' title='bbox 1465 2450 1582 2487; x_wconf 80' lang='lat' dir='ltr'>Fallor</span> <span class='ocrx_word' id='word_1_394' title='bbox 1599 2460 1615 2489; x_wconf 58' lang='grc' dir='ltr'>,Ρ</span> <span class='ocrx_word' id='word_1_395' title='bbox 1649 2459 1689 2488; x_wconf 91' lang='lat' dir='ltr'>ut</span> <span class='ocrx_word' id='word_1_396' title='bbox 1716 2450 1756 2488; x_wconf 91' lang='lat' dir='ltr'>fit</span> <span class='ocrx_word' id='word_1_397' title='bbox 1780 2450 1942 2499; x_wconf 86' lang='lat' dir='ltr'>praesens</span> <span class='ocrx_word' id='word_1_398' title='bbox 1960 2449 2159 2487; x_wconf 84' lang='lat' dir='ltr'>indicativi.</span> <span class='ocrx_word' id='word_1_399' title='bbox 2187 2447 2499 2498; x_wconf 68' lang='lat' dir='ltr'>quemadmodum</span> 
     </span>
     <span class='ocr_line' id='line_1_42' title="bbox 364 2500 2482 2555; baseline -0.004 -11"><span class='ocrx_word' id='word_1_400' title='bbox 364 2519 459 2553; x_wconf 57' lang='lat' dir='ltr'>vers.</span> <span class='ocrx_word' id='word_1_401' title='bbox 482 2520 514 2555; x_wconf 86' lang='lat'>5.</span> <span class='ocrx_word' id='word_1_402' title='bbox 1465 2502 1562 2551; x_wconf 85' lang='lat' dir='ltr'>apud</span> <span class='ocrx_word' id='word_1_403' title='bbox 1582 2502 1782 2538; x_wconf 87' lang='lat' dir='ltr'>Maronem</span> <span class='ocrx_word' id='word_1_404' title='bbox 1801 2502 1839 2539; x_wconf 91' lang='lat' dir='ltr'>in</span> <span class='ocrx_word' id='word_1_405' title='bbox 1858 2500 2035 2538; x_wconf 90' lang='lat' dir='ltr'>Bucolico</span> <span class='ocrx_word' id='word_1_406' title='bbox 2053 2500 2218 2538; x_wconf 81' lang='lat' dir='ltr'>ludicro:</span> <span class='ocrx_word' id='word_1_407' title='bbox 2469 2503 2482 2525; x_wconf 63' lang='lat' dir='ltr'>V</span> 
     </span>
    </p>
   </div>
   <div class='ocr_carea' id='block_1_15' title="bbox 417 2547 2501 2607">
    <p class='ocr_par' dir='ltr' id='par_1_15' title="bbox 417 2547 2501 2607">
     <span class='ocr_line' id='line_1_43' title="bbox 417 2547 2501 2607; baseline -0.003 -13"><span class='ocrx_word' id='word_1_408' title='bbox 417 2556 485 2607; x_wconf 83' lang='lat' dir='ltr'>Ipse</span> <span class='ocrx_word' id='word_1_409' title='bbox 506 2571 559 2606; x_wconf 85' lang='lat' dir='ltr'>ego</span> <span class='ocrx_word' id='word_1_410' title='bbox 579 2571 639 2594; x_wconf 83' lang='lat' dir='ltr'>vos</span> <span class='ocrx_word' id='word_1_411' title='bbox 659 2555 767 2593; x_wconf 81' lang='lat' dir='ltr'>habui</span> <span class='ocrx_word' id='word_1_412' title='bbox 775 2555 900 2603; x_wconf 79' lang='lat' dir='ltr'>faciles</span> <span class='ocrx_word' id='word_1_413' title='bbox 919 2555 958 2593; x_wconf 80' lang='lat' dir='ltr'>in</span> <span class='ocrx_word' id='word_1_414' title='bbox 979 2568 1094 2592; x_wconf 78' lang='lat' dir='ltr'>amore</span> <span class='ocrx_word' id='word_1_415' title='bbox 1113 2554 1306 2602; x_wconf 79' lang='lat' dir='ltr'>ministros,</span> <span class='ocrx_word' id='word_1_416' title='bbox 1516 2552 1723 2591; x_wconf 76' lang='lat' dir='ltr'>Credimus?</span> <span class='ocrx_word' id='word_1_417' title='bbox 1735 2566 1784 2589; x_wconf 82' lang='lat' dir='ltr'>an</span> <span class='ocrx_word' id='word_1_418' title='bbox 1805 2551 1865 2602; x_wconf 80' lang='lat' dir='ltr'>qui</span> <span class='ocrx_word' id='word_1_419' title='bbox 1882 2561 2009 2593; x_wconf 80' lang='lat' dir='ltr'>amant</span> <span class='ocrx_word' id='word_1_420' title='bbox 2022 2549 2103 2600; x_wconf 81' lang='lat' dir='ltr'>,ipfi</span> <span class='ocrx_word' id='word_1_421' title='bbox 2111 2548 2178 2600; x_wconf 80' lang='lat' dir='ltr'>fibi</span> <span class='ocrx_word' id='word_1_422' title='bbox 2194 2547 2501 2598; x_wconf 62' lang='lat' dir='ltr'>sc2m721’afingt⁴rtt;?⁴</span> 
     </span>
    </p>
   </div>
   <div class='ocr_carea' id='block_1_16' title="bbox 463 2605 1646 2658">
    <p class='ocr_par' dir='ltr' id='par_1_16' title="bbox 463 2605 1646 2658">
     <span class='ocr_line' id='line_1_44' title="bbox 463 2605 1646 2658; baseline -0.003 -14"><span class='ocrx_word' id='word_1_423' title='bbox 463 2614 556 2644; x_wconf 83' lang='lat' dir='ltr'>Cum</span> <span class='ocrx_word' id='word_1_424' title='bbox 576 2607 655 2658; x_wconf 78' lang='lat' dir='ltr'><em>lustt</em></span> <span class='ocrx_word' id='word_1_425' title='bbox 670 2607 822 2644; x_wconf 64' lang='lat' dir='ltr'>numeris</span> <span class='ocrx_word' id='word_1_426' title='bbox 833 2608 952 2657; x_wconf 83' lang='lat' dir='ltr'>prima</span> <span class='ocrx_word' id='word_1_427' title='bbox 962 2607 1116 2656; x_wconf 78' lang='lat' dir='ltr'>juventa</span> <span class='ocrx_word' id='word_1_428' title='bbox 1128 2607 1214 2655; x_wconf 83' lang='lat' dir='ltr'>suis.</span> <span class='ocrx_word' id='word_1_429' title='bbox 1233 2607 1414 2643; x_wconf 56' lang='lat' dir='ltr'>Mamm.</span> <span class='ocrx_word' id='word_1_430' title='bbox 1465 2605 1646 2642; x_wconf 54' lang='lat' dir='ltr'>Manius.</span> 
     </span>
    </p>
   </div>
   <div class='ocr_carea' id='block_1_17' title="bbox 418 2648 2502 2711">
    <p class='ocr_par' dir='ltr' id='par_1_17' title="bbox 418 2648 2502 2711">
     <span class='ocr_line' id='line_1_45' title="bbox 418 2648 2502 2711; baseline -0.004 -16"><span class='ocrx_word' id='word_1_431' title='bbox 418 2670 479 2703; x_wconf 84' lang='lat'>29.</span> <span class='ocrx_word' id='word_1_432' title='bbox 510 2665 613 2695; x_wconf 86' lang='lat' dir='ltr'>Nunc</span> <span class='ocrx_word' id='word_1_433' title='bbox 632 2659 758 2695; x_wconf 81' lang='lat' dir='ltr'>habeat</span> <span class='ocrx_word' id='word_1_434' title='bbox 769 2668 829 2708; x_wconf 84' lang='lat' dir='ltr'>per</span> <span class='ocrx_word' id='word_1_435' title='bbox 851 2668 884 2694; x_wconf 83' lang='lat' dir='ltr'>te</span> <span class='ocrx_word' id='word_1_436' title='bbox 899 2664 1056 2694; x_wconf 84' lang='lat' dir='ltr'>Romana</span> <span class='ocrx_word' id='word_1_437' title='bbox 1075 2657 1259 2705; x_wconf 75' lang='lat' dir='ltr'>Tragoedia</span> <span class='ocrx_word' id='word_1_438' title='bbox 1278 2671 1417 2700; x_wconf 83' lang='lat' dir='ltr'>nomen,</span> <span class='ocrx_word' id='word_1_439' title='bbox 1518 2666 1576 2704; x_wconf 80' lang='lat'>35.</span> <span class='ocrx_word' id='word_1_440' title='bbox 1611 2653 1840 2711; x_wconf 41' lang='lat' dir='ltr'>Gravibus3]</span> <span class='ocrx_word' id='word_1_441' title='bbox 1879 2653 2045 2691; x_wconf 81' lang='lat' dir='ltr'>Trucibus</span> <span class='ocrx_word' id='word_1_442' title='bbox 2081 2651 2197 2690; x_wconf 80' lang='lat' dir='ltr'>verbis</span> <span class='ocrx_word' id='word_1_443' title='bbox 2233 2651 2359 2689; x_wconf 80' lang='lat' dir='ltr'>Franc.</span> <span class='ocrx_word' id='word_1_444' title='bbox 2389 2648 2502 2698; x_wconf 74' lang='lat' dir='ltr'>sequi·</span> 
     </span>
    </p>
   </div>
   <div class='ocr_carea' id='block_1_18' title="bbox 368 2701 2502 2808">
    <p class='ocr_par' dir='ltr' id='par_1_18' title="bbox 368 2701 2502 2808">
     <span class='ocr_line' id='line_1_46' title="bbox 368 2701 2502 2759; baseline -0.002 -14"><span class='ocrx_word' id='word_1_445' title='bbox 368 2708 530 2757; x_wconf 70' lang='lat' dir='ltr'>&#39;Implebit</span> <span class='ocrx_word' id='word_1_446' title='bbox 554 2710 633 2757; x_wconf 77' lang='lat' dir='ltr'>leges</span> <span class='ocrx_word' id='word_1_447' title='bbox 652 2711 798 2759; x_wconf 72' lang='lat' dir='ltr'>[pimus</span> <span class='ocrx_word' id='word_1_448' title='bbox 823 2709 880 2758; x_wconf 84' lang='lat' dir='ltr'>iste</span> <span class='ocrx_word' id='word_1_449' title='bbox 908 2706 1040 2756; x_wconf 85' lang='lat' dir='ltr'>meas.]</span> <span class='ocrx_word' id='word_1_450' title='bbox 1071 2707 1113 2744; x_wconf 85' lang='lat' dir='ltr'>ln</span> <span class='ocrx_word' id='word_1_451' title='bbox 1135 2708 1414 2744; x_wconf 64' lang='lat' dir='ltr'>correetloribus</span> <span class='ocrx_word' id='word_1_452' title='bbox 1469 2713 1528 2743; x_wconf 85' lang='lat' dir='ltr'>tur</span> <span class='ocrx_word' id='word_1_453' title='bbox 1555 2707 1654 2744; x_wconf 89' lang='lat' dir='ltr'>enim</span> <span class='ocrx_word' id='word_1_454' title='bbox 1676 2735 1686 2751; x_wconf 95' lang='lat'>,</span> <span class='ocrx_word' id='word_1_455' title='bbox 1710 2718 1845 2754; x_wconf 72' lang='lat' dir='ltr'>graves.</span> <span class='ocrx_word' id='word_1_456' title='bbox 1881 2711 1943 2742; x_wconf 90' lang='lat' dir='ltr'>Me</span> <span class='ocrx_word' id='word_1_457' title='bbox 1968 2704 2054 2753; x_wconf 83' lang='lat' dir='ltr'>petis</span> <span class='ocrx_word' id='word_1_458' title='bbox 2081 2705 2193 2742; x_wconf 83' lang='lat' dir='ltr'>etiam</span> <span class='ocrx_word' id='word_1_459' title='bbox 2224 2701 2401 2741; x_wconf 86' lang='lat' dir='ltr'>Barberin.</span> <span class='ocrx_word' id='word_1_460' title='bbox 2425 2708 2502 2741; x_wconf 59' lang='lat' dir='ltr'>nob</span> 
     </span>
     <span class='ocr_line' id='line_1_47' title="bbox 370 2758 2466 2808; baseline -0.001 -12"><span class='ocrx_word' id='word_1_461' title='bbox 370 2759 503 2808; x_wconf 73' lang='lat' dir='ltr'>iegitur</span> <span class='ocrx_word' id='word_1_462' title='bbox 523 2787 532 2801; x_wconf 97' lang='lat'>,</span> <span class='ocrx_word' id='word_1_463' title='bbox 569 2760 727 2798; x_wconf 77' lang='lat' dir='ltr'>habeam.</span> <span class='ocrx_word' id='word_1_464' title='bbox 754 2761 932 2797; x_wconf 56' lang='lat' dir='ltr'>Manius.</span> <span class='ocrx_word' id='word_1_465' title='bbox 968 2759 1025 2796; x_wconf 84' lang='lat' dir='ltr'>Ex</span> <span class='ocrx_word' id='word_1_466' title='bbox 1050 2758 1106 2795; x_wconf 87' lang='lat' dir='ltr'>his</span> <span class='ocrx_word' id='word_1_467' title='bbox 1132 2759 1272 2802; x_wconf 85' lang='lat' dir='ltr'>verbis,</span> <span class='ocrx_word' id='word_1_468' title='bbox 1299 2770 1413 2807; x_wconf 83' lang='lat' dir='ltr'>quam</span> <span class='ocrx_word' id='word_1_469' title='bbox 1470 2758 1671 2794; x_wconf 77' lang='lat' dir='ltr'>invenuste.</span> <span class='ocrx_word' id='word_1_470' title='bbox 2463 2769 2466 2772; x_wconf 56' lang='lat'><strong>⁴</strong></span> 
     </span>
    </p>
   </div>
   <div class='ocr_carea' id='block_1_19' title="bbox 371 2787 2477 2909">
    <p class='ocr_par' dir='ltr' id='par_1_19' title="bbox 371 2787 2477 2909">
     <span class='ocr_line' id='line_1_48' title="bbox 371 2787 2477 2859; baseline -0.003 -12"><span class='ocrx_word' id='word_1_471' title='bbox 371 2809 496 2857; x_wconf 80' lang='lat' dir='ltr'>postea</span> <span class='ocrx_word' id='word_1_472' title='bbox 519 2809 650 2858; x_wconf 81' lang='lat' dir='ltr'>scripsit</span> <span class='ocrx_word' id='word_1_473' title='bbox 673 2811 849 2848; x_wconf 75' lang='lat' dir='ltr'>Medeam</span> <span class='ocrx_word' id='word_1_474' title='bbox 871 2809 1123 2859; x_wconf 78' lang='lat' dir='ltr'>Tragoediam</span> <span class='ocrx_word' id='word_1_475' title='bbox 1141 2837 1152 2853; x_wconf 86' lang='lat'><strong><em>‚</em></strong></span> <span class='ocrx_word' id='word_1_476' title='bbox 1179 2820 1310 2846; x_wconf 86' lang='lat' dir='ltr'>omnes</span> <span class='ocrx_word' id='word_1_477' title='bbox 1332 2810 1416 2846; x_wconf 84' lang='lat' dir='ltr'>alias</span> <span class='ocrx_word' id='word_1_478' title='bbox 1525 2808 1583 2857; x_wconf 56' lang='lat'>36:</span> <span class='ocrx_word' id='word_1_479' title='bbox 1612 2814 1808 2856; x_wconf 74' lang='lat' dir='ltr'>Nunquam</span> <span class='ocrx_word' id='word_1_480' title='bbox 1830 2804 1939 2855; x_wconf 64' lang='lat' dir='ltr'>nom]</span> <span class='ocrx_word' id='word_1_481' title='bbox 1971 2807 2134 2854; x_wconf 87' lang='lat' dir='ltr'>Semper.</span> <span class='ocrx_word' id='word_1_482' title='bbox 2160 2807 2378 2845; x_wconf 66' lang='lat' dir='ltr'>Cromnos.</span> <span class='ocrx_word' id='word_1_483' title='bbox 2410 2822 2412 2824; x_wconf 96' lang='lat'>·</span> <span class='ocrx_word' id='word_1_484' title='bbox 2472 2787 2477 2833; x_wconf 57' lang='grc' dir='ltr'><strong>Ᾰ</strong></span> 
     </span>
     <span class='ocr_line' id='line_1_49' title="bbox 375 2858 2122 2909; baseline -0.002 -12"><span class='ocrx_word' id='word_1_485' title='bbox 375 2861 514 2897; x_wconf 86' lang='lat' dir='ltr'>Latino</span> <span class='ocrx_word' id='word_1_486' title='bbox 532 2859 699 2897; x_wconf 80' lang='lat' dir='ltr'>sermone</span> <span class='ocrx_word' id='word_1_487' title='bbox 721 2861 884 2909; x_wconf 74' lang='lat' dir='ltr'>scriptas,</span> <span class='ocrx_word' id='word_1_488' title='bbox 912 2873 983 2898; x_wconf 85' lang='lat' dir='ltr'>una</span> <span class='ocrx_word' id='word_1_489' title='bbox 1006 2869 1178 2909; x_wconf 77' lang='lat' dir='ltr'>excepta,</span> <span class='ocrx_word' id='word_1_490' title='bbox 1206 2872 1318 2909; x_wconf 81' lang='lat' dir='ltr'>quam</span> <span class='ocrx_word' id='word_1_491' title='bbox 1339 2860 1418 2897; x_wconf 88' lang='lat' dir='ltr'>edi·</span> <span class='ocrx_word' id='word_1_492' title='bbox 1524 2859 1582 2909; x_wconf 84' lang='lat'>36.</span> <span class='ocrx_word' id='word_1_493' title='bbox 1609 2859 1780 2908; x_wconf 61' lang='lat' dir='ltr'>Gravis]</span> <span class='ocrx_word' id='word_1_494' title='bbox 1811 2858 1976 2896; x_wconf 86' lang='lat' dir='ltr'>Molesta.</span> <span class='ocrx_word' id='word_1_495' title='bbox 2006 2858 2122 2895; x_wconf 68' lang='lat' dir='ltr'>loen.</span> 
     </span>
    </p>
   </div>
   <div class='ocr_carea' id='block_1_20' title="bbox 375 2899 2504 3010">
    <p class='ocr_par' dir='ltr' id='par_1_20' title="bbox 375 2899 2504 3010">
     <span class='ocr_line' id='line_1_50' title="bbox 375 2899 2504 2960; baseline -0.004 -12"><span class='ocrx_word' id='word_1_496' title='bbox 375 2909 429 2948; x_wconf 90' lang='lat' dir='ltr'>dit</span> <span class='ocrx_word' id='word_1_497' title='bbox 457 2909 586 2946; x_wconf 84' lang='lat' dir='ltr'>Varius</span> <span class='ocrx_word' id='word_1_498' title='bbox 602 2938 610 2954; x_wconf 91' lang='lat'>,</span> <span class='ocrx_word' id='word_1_499' title='bbox 639 2910 803 2959; x_wconf 76' lang='lat' dir='ltr'>Thyeste</span> <span class='ocrx_word' id='word_1_500' title='bbox 816 2940 826 2956; x_wconf 93' lang='lat'>,</span> <span class='ocrx_word' id='word_1_501' title='bbox 855 2911 1018 2960; x_wconf 85' lang='lat' dir='ltr'>superare</span> <span class='ocrx_word' id='word_1_502' title='bbox 1038 2911 1257 2959; x_wconf 75' lang='lat' dir='ltr'>apertiflime</span> <span class='ocrx_word' id='word_1_503' title='bbox 1275 2911 1417 2959; x_wconf 81' lang='lat' dir='ltr'>colligi·</span> <span class='ocrx_word' id='word_1_504' title='bbox 1525 2922 1583 2958; x_wconf 85' lang='lat'>37.</span> <span class='ocrx_word' id='word_1_505' title='bbox 1613 2908 1805 2959; x_wconf 82' lang='lat' dir='ltr'>Imparibus</span> <span class='ocrx_word' id='word_1_506' title='bbox 1824 2919 1943 2945; x_wconf 85' lang='lat' dir='ltr'>tamen</span> <span class='ocrx_word' id='word_1_507' title='bbox 1963 2922 1995 2944; x_wconf 81' lang='lat' dir='ltr'>es</span> <span class='ocrx_word' id='word_1_508' title='bbox 2023 2908 2173 2945; x_wconf 71' lang='lat' dir='ltr'>numeris</span> <span class='ocrx_word' id='word_1_509' title='bbox 2194 2908 2337 2956; x_wconf 85' lang='lat' dir='ltr'>dignata</span> <span class='ocrx_word' id='word_1_510' title='bbox 2354 2899 2504 2947; x_wconf 64' lang='lat' dir='ltr'>movet-113.</span> 
     </span>
     <span class='ocr_line' id='line_1_51' title="bbox 375 2960 1544 3010; baseline -0.001 -12"><span class='ocrx_word' id='word_1_511' title='bbox 375 2969 447 2998; x_wconf 75' lang='lat' dir='ltr'>tur.</span> <span class='ocrx_word' id='word_1_512' title='bbox 476 2960 590 3009; x_wconf 88' lang='lat' dir='ltr'>ldque</span> <span class='ocrx_word' id='word_1_513' title='bbox 609 2962 647 2997; x_wconf 66' lang='grc' dir='ltr'>ἃ</span> <span class='ocrx_word' id='word_1_514' title='bbox 669 2961 782 2997; x_wconf 87' lang='lat' dir='ltr'>Corn.</span> <span class='ocrx_word' id='word_1_515' title='bbox 804 2961 956 2999; x_wconf 81' lang='lat' dir='ltr'>Tacitus</span> <span class='ocrx_word' id='word_1_516' title='bbox 971 2989 982 3005; x_wconf 93' lang='lat'>,</span> <span class='ocrx_word' id='word_1_517' title='bbox 1011 2966 1049 2998; x_wconf 78' lang='lat'>&amp;</span> <span class='ocrx_word' id='word_1_518' title='bbox 1070 2962 1153 2999; x_wconf 82' lang='lat' dir='ltr'>Fab.</span> <span class='ocrx_word' id='word_1_519' title='bbox 1175 2962 1416 3010; x_wconf 44' lang='lat' dir='ltr'>Quint-stillam.</span> <span class='ocrx_word' id='word_1_520' title='bbox 1472 2972 1544 3000; x_wconf 64' lang='lat' dir='ltr'>&amp;a</span> 
     </span>
    </p>
   </div>
   <div class='ocr_carea' id='block_1_21' title="bbox 375 3010 1418 3109">
    <p class='ocr_par' dir='ltr' id='par_1_21' title="bbox 375 3010 1418 3109">
     <span class='ocr_line' id='line_1_52' title="bbox 375 3010 1418 3059; baseline 0 -11"><span class='ocrx_word' id='word_1_521' title='bbox 375 3011 560 3048; x_wconf 84' lang='lat' dir='ltr'>testantur.</span> <span class='ocrx_word' id='word_1_522' title='bbox 588 3013 806 3048; x_wconf 48' lang='lat' dir='ltr'>(dor-Anus.</span> <span class='ocrx_word' id='word_1_523' title='bbox 836 3012 924 3048; x_wconf 83' lang='lat' dir='ltr'>Hinc</span> <span class='ocrx_word' id='word_1_524' title='bbox 951 3010 1097 3047; x_wconf 77' lang='lat' dir='ltr'>habeam</span> <span class='ocrx_word' id='word_1_525' title='bbox 1125 3012 1309 3059; x_wconf 81' lang='lat' dir='ltr'>eleganter</span> <span class='ocrx_word' id='word_1_526' title='bbox 1326 3013 1418 3048; x_wconf 87' lang='lat' dir='ltr'>Scri-</span> 
     </span>
     <span class='ocr_line' id='line_1_53' title="bbox 377 3061 1274 3109; baseline -0.002 -11"><span class='ocrx_word' id='word_1_527' title='bbox 377 3063 569 3105; x_wconf 79' lang='lat' dir='ltr'>verianus,</span> <span class='ocrx_word' id='word_1_528' title='bbox 593 3062 666 3098; x_wconf 90' lang='lat' dir='ltr'>hoc</span> <span class='ocrx_word' id='word_1_529' title='bbox 685 3063 734 3099; x_wconf 80' lang='lat' dir='ltr'>est</span> <span class='ocrx_word' id='word_1_530' title='bbox 754 3064 798 3098; x_wconf 86' lang='lat' dir='ltr'>ab</span> <span class='ocrx_word' id='word_1_531' title='bbox 817 3063 890 3099; x_wconf 90' lang='lat' dir='ltr'>hoc</span> <span class='ocrx_word' id='word_1_532' title='bbox 911 3070 1103 3109; x_wconf 86' lang='lat' dir='ltr'>tempore,</span> <span class='ocrx_word' id='word_1_533' title='bbox 1131 3061 1274 3098; x_wconf 86' lang='lat' dir='ltr'>dehinc.</span> 
     </span>
    </p>
   </div>
   <div class='ocr_carea' id='block_1_22' title="bbox 381 3100 2509 3354">
    <p class='ocr_par' dir='ltr' id='par_1_22' title="bbox 381 3100 2508 3354">
     <span class='ocr_line' id='line_1_54' title="bbox 434 3100 2508 3161; baseline -0.004 -12"><span class='ocrx_word' id='word_1_534' title='bbox 434 3123 494 3161; x_wconf 85' lang='lat'>30.</span> <span class='ocrx_word' id='word_1_535' title='bbox 525 3111 716 3161; x_wconf 77' lang='lat' dir='ltr'>Jmplebit.]</span> <span class='ocrx_word' id='word_1_536' title='bbox 748 3112 883 3156; x_wconf 85' lang='lat' dir='ltr'>Forte,</span> <span class='ocrx_word' id='word_1_537' title='bbox 910 3112 1071 3160; x_wconf 73' lang='lat' dir='ltr'>impleris.</span> <span class='ocrx_word' id='word_1_538' title='bbox 1099 3111 1157 3148; x_wconf 85' lang='lat' dir='ltr'>vel</span> <span class='ocrx_word' id='word_1_539' title='bbox 1174 3139 1184 3155; x_wconf 93' lang='lat'>‚</span> <span class='ocrx_word' id='word_1_540' title='bbox 1211 3110 1352 3159; x_wconf 82' lang='lat' dir='ltr'>impleat</span> <span class='ocrx_word' id='word_1_541' title='bbox 1377 3121 1421 3150; x_wconf 67' lang='grc' dir='ltr'>ω’</span> <span class='ocrx_word' id='word_1_542' title='bbox 1474 3112 1627 3147; x_wconf 75' lang='lat' dir='ltr'>numeris</span> <span class='ocrx_word' id='word_1_543' title='bbox 1651 3111 1796 3159; x_wconf 74' lang='lat' dir='ltr'>dignata</span> <span class='ocrx_word' id='word_1_544' title='bbox 1826 3125 1856 3147; x_wconf 80' lang='lat' dir='ltr'>es</span> <span class='ocrx_word' id='word_1_545' title='bbox 1882 3111 2035 3155; x_wconf 78' lang='lat' dir='ltr'>moveri,</span> <span class='ocrx_word' id='word_1_546' title='bbox 2062 3123 2139 3148; x_wconf 90' lang='lat' dir='ltr'>non</span> <span class='ocrx_word' id='word_1_547' title='bbox 2160 3110 2205 3148; x_wconf 86' lang='lat' dir='ltr'>ad</span> <span class='ocrx_word' id='word_1_548' title='bbox 2228 3108 2421 3150; x_wconf 85' lang='lat' dir='ltr'>Medeam,</span> <span class='ocrx_word' id='word_1_549' title='bbox 2445 3100 2508 3141; x_wconf 21' lang='lat' dir='ltr'>sed*</span> 
     </span>
     <span class='ocr_line' id='line_1_55' title="bbox 381 3153 2501 3212; baseline -0.005 -12"><span class='ocrx_word' id='word_1_550' title='bbox 381 3162 475 3212; x_wconf 70' lang='lat' dir='ltr'>leges.</span> <span class='ocrx_word' id='word_1_551' title='bbox 494 3163 705 3200; x_wconf 61' lang='lat' dir='ltr'>Haustus.</span> <span class='ocrx_word' id='word_1_552' title='bbox 734 3163 796 3200; x_wconf 73' lang='lat' dir='ltr'>Nil</span> <span class='ocrx_word' id='word_1_553' title='bbox 814 3171 936 3200; x_wconf 84' lang='lat' dir='ltr'>muta:</span> <span class='ocrx_word' id='word_1_554' title='bbox 957 3161 1108 3211; x_wconf 73' lang='lat' dir='ltr'>spondet</span> <span class='ocrx_word' id='word_1_555' title='bbox 1130 3163 1230 3199; x_wconf 84' lang='lat' dir='ltr'>enim</span> <span class='ocrx_word' id='word_1_556' title='bbox 1252 3162 1421 3210; x_wconf 80' lang='lat' dir='ltr'>Tragoe-</span> <span class='ocrx_word' id='word_1_557' title='bbox 1476 3162 1520 3199; x_wconf 83' lang='lat' dir='ltr'>ad</span> <span class='ocrx_word' id='word_1_558' title='bbox 1549 3162 1774 3210; x_wconf 64' lang='lat' dir='ltr'>praesentem</span> <span class='ocrx_word' id='word_1_559' title='bbox 1802 3165 2085 3200; x_wconf 84' lang='lat' dir='ltr'>contentionem</span> <span class='ocrx_word' id='word_1_560' title='bbox 2112 3159 2342 3211; x_wconf 81' lang='lat' dir='ltr'>Tragoediae</span> <span class='ocrx_word' id='word_1_561' title='bbox 2367 3157 2402 3194; x_wconf 91' lang='lat'>&amp;</span> <span class='ocrx_word' id='word_1_562' title='bbox 2423 3153 2501 3192; x_wconf 84' lang='lat' dir='ltr'>Ele·</span> 
     </span>
     <span class='ocr_line' id='line_1_56' title="bbox 383 3210 2501 3267; baseline -0.004 -18"><span class='ocrx_word' id='word_1_563' title='bbox 383 3213 442 3267; x_wconf 68' lang='lat' dir='ltr'>dia</span> <span class='ocrx_word' id='word_1_564' title='bbox 460 3213 695 3252; x_wconf 61' lang='lat' dir='ltr'>suffecturum</span> <span class='ocrx_word' id='word_1_565' title='bbox 711 3214 865 3251; x_wconf 81' lang='lat' dir='ltr'>Nasonis</span> <span class='ocrx_word' id='word_1_566' title='bbox 885 3213 1049 3262; x_wconf 81' lang='lat' dir='ltr'>spiritum</span> <span class='ocrx_word' id='word_1_567' title='bbox 1068 3214 1172 3263; x_wconf 83' lang='lat' dir='ltr'>open</span> <span class='ocrx_word' id='word_1_568' title='bbox 1187 3223 1263 3252; x_wconf 86' lang='lat' dir='ltr'>tam</span> <span class='ocrx_word' id='word_1_569' title='bbox 1283 3212 1422 3264; x_wconf 80' lang='lat' dir='ltr'>grandi.</span> <span class='ocrx_word' id='word_1_570' title='bbox 1476 3214 1556 3262; x_wconf 78' lang='lat' dir='ltr'>giae</span> <span class='ocrx_word' id='word_1_571' title='bbox 1576 3212 1808 3250; x_wconf 81' lang='lat' dir='ltr'>referendum</span> <span class='ocrx_word' id='word_1_572' title='bbox 1830 3213 1900 3250; x_wconf 87' lang='lat' dir='ltr'>est:</span> <span class='ocrx_word' id='word_1_573' title='bbox 1919 3221 2072 3262; x_wconf 81' lang='lat' dir='ltr'>utraque</span> <span class='ocrx_word' id='word_1_574' title='bbox 2090 3213 2190 3250; x_wconf 86' lang='lat' dir='ltr'>enirn</span> <span class='ocrx_word' id='word_1_575' title='bbox 2207 3210 2371 3258; x_wconf 73' lang='lat' dir='ltr'>Elegiaco</span> <span class='ocrx_word' id='word_1_576' title='bbox 2390 3212 2501 3243; x_wconf 84' lang='lat' dir='ltr'>metro</span> 
     </span>
     <span class='ocr_line' id='line_1_57' title="bbox 382 3258 2505 3354; baseline -0.006 -52"><span class='ocrx_word' id='word_1_577' title='bbox 382 3264 469 3312; x_wconf 57' lang='lat' dir='ltr'>funde</span> <span class='ocrx_word' id='word_1_578' title='bbox 485 3264 533 3304; x_wconf 82' lang='lat' dir='ltr'>ad</span> <span class='ocrx_word' id='word_1_579' title='bbox 550 3265 698 3305; x_wconf 87' lang='lat' dir='ltr'>Petron.</span> <span class='ocrx_word' id='word_1_580' title='bbox 718 3276 795 3315; x_wconf 86' lang='lat' dir='ltr'>cap.</span> <span class='ocrx_word' id='word_1_581' title='bbox 814 3276 922 3316; x_wconf 56' lang='lat' dir='ltr'>xc1v9</span> <span class='ocrx_word' id='word_1_582' title='bbox 1476 3264 1578 3318; x_wconf 63' lang='lat' dir='ltr'>:suam</span> <span class='ocrx_word' id='word_1_583' title='bbox 1600 3264 1742 3304; x_wconf 83' lang='lat' dir='ltr'>causam</span> <span class='ocrx_word' id='word_1_584' title='bbox 1763 3265 1848 3315; x_wconf 82' lang='lat' dir='ltr'>agit.</span> <span class='ocrx_word' id='word_1_585' title='bbox 1872 3264 1920 3303; x_wconf 86' lang='lat' dir='ltr'>Et</span> <span class='ocrx_word' id='word_1_586' title='bbox 1940 3263 2043 3314; x_wconf 79' lang='lat' dir='ltr'>quod</span> <span class='ocrx_word' id='word_1_587' title='bbox 2068 3262 2151 3302; x_wconf 80' lang='lat' dir='ltr'>alibi</span> <span class='ocrx_word' id='word_1_588' title='bbox 2171 3261 2272 3301; x_wconf 82' lang='lat' dir='ltr'>idem</span> <span class='ocrx_word' id='word_1_589' title='bbox 2295 3258 2382 3298; x_wconf 82' lang='lat' dir='ltr'>dixit</span> <span class='ocrx_word' id='word_1_590' title='bbox 2391 3259 2505 3354; x_wconf 65' lang='lat' dir='ltr'>‚syor-</span> 
     </span>
    </p>

    <p class='ocr_par' dir='ltr' id='par_1_23' title="bbox 2421 3314 2509 3354">
     <span class='ocr_line' id='line_1_58' title="bbox 2421 3314 2509 3354; baseline -0.034 -12"><span class='ocrx_word' id='word_1_591' title='bbox 2421 3314 2509 3354; x_wconf 73' lang='lat' dir='ltr'><em>uque</em></span> 
     </span>
    </p>
   </div>
   <div class='ocr_carea' id='block_1_23' title="bbox 1472 2958 2507 3109">
    <p class='ocr_par' dir='ltr' id='par_1_24' title="bbox 1472 2958 2507 3109">
     <span class='ocr_line' id='line_1_59' title="bbox 1566 2958 2498 3009; baseline -0.008 -12"><span class='ocrx_word' id='word_1_592' title='bbox 1566 2961 1582 3009; x_wconf 91' lang='lat'>]</span> <span class='ocrx_word' id='word_1_593' title='bbox 1621 2961 1787 2997; x_wconf 80' lang='lat' dir='ltr'>Multum</span> <span class='ocrx_word' id='word_1_594' title='bbox 1814 2960 1947 2997; x_wconf 78' lang='lat' dir='ltr'>fallitur</span> <span class='ocrx_word' id='word_1_595' title='bbox 1975 2959 2050 2996; x_wconf 91' lang='lat' dir='ltr'>hoc</span> <span class='ocrx_word' id='word_1_596' title='bbox 2084 2958 2172 2996; x_wconf 89' lang='lat' dir='ltr'>loco</span> <span class='ocrx_word' id='word_1_597' title='bbox 2204 2960 2498 2996; x_wconf 86' lang='lat' dir='ltr'>Commentator,</span> 
     </span>
     <span class='ocr_line' id='line_1_60' title="bbox 1472 3006 2504 3059; baseline -0.006 -12"><span class='ocrx_word' id='word_1_598' title='bbox 1472 3013 1535 3059; x_wconf 86' lang='lat' dir='ltr'>qui</span> <span class='ocrx_word' id='word_1_599' title='bbox 1564 3011 1742 3047; x_wconf 85' lang='lat' dir='ltr'>Medeam</span> <span class='ocrx_word' id='word_1_600' title='bbox 1781 3010 1912 3047; x_wconf 89' lang='lat' dir='ltr'>Ovidii</span> <span class='ocrx_word' id='word_1_601' title='bbox 1948 3010 2123 3058; x_wconf 85' lang='lat' dir='ltr'>Elegiaco</span> <span class='ocrx_word' id='word_1_602' title='bbox 2154 3009 2312 3047; x_wconf 87' lang='lat' dir='ltr'>carmine</span> <span class='ocrx_word' id='word_1_603' title='bbox 2344 3006 2504 3053; x_wconf 45' lang='lat' dir='ltr'>scriptam*</span> 
     </span>
     <span class='ocr_line' id='line_1_61' title="bbox 1473 3051 2507 3109; baseline -0.01 -11"><span class='ocrx_word' id='word_1_604' title='bbox 1473 3060 1577 3098; x_wconf 80' lang='lat' dir='ltr'>fuiffe</span> <span class='ocrx_word' id='word_1_605' title='bbox 1594 3070 1706 3108; x_wconf 84' lang='lat' dir='ltr'>putat.</span> <span class='ocrx_word' id='word_1_606' title='bbox 1734 3061 1832 3098; x_wconf 72' lang='lat' dir='ltr'>Nam</span> <span class='ocrx_word' id='word_1_607' title='bbox 1851 3060 1954 3109; x_wconf 89' lang='lat' dir='ltr'>quod</span> <span class='ocrx_word' id='word_1_608' title='bbox 1969 3061 2029 3098; x_wconf 89' lang='lat' dir='ltr'>hic</span> <span class='ocrx_word' id='word_1_609' title='bbox 2048 3061 2165 3098; x_wconf 75' lang='lat' dir='ltr'>Poe‘ta</span> <span class='ocrx_word' id='word_1_610' title='bbox 2184 3060 2293 3103; x_wconf 90' lang='lat' dir='ltr'>dicit,</span> <span class='ocrx_word' id='word_1_611' title='bbox 2323 3051 2507 3105; x_wconf 75' lang='lat' dir='ltr'>Imparibus·</span> 
     </span>
    </p>
   </div>
  </div>
 </body>
</html>
