2553 3676
307 231 371 279 70

768 204 830 258 P.
903 194 1313 258 OVIDII
1385 193 1922 253 NASONIS

599 292 769 369 Quod
791 310 968 366 neque
992 291 1312 363 graminibus
1342 290 1494 344 tellus
1515 289 1748 349 fecunda
1768 291 2041 359 creandi&

670 367 787 421 Nec
809 365 986 428 DeUS‚
1025 364 1277 418 auxilium
1303 376 1368 417 tu.
1385 362 1516 418 mihi
1540 362 1680 419 ferre
1703 377 1872 437 potes,
1897 414 1903 416 ,

457 455 552 508 155
591 437 665 494 Et
689 452 870 510 pote3‚
910 436 966 490 &
990 437 1178 491 merui.
1219 437 1414 508 dignae
1429 436 1681 493 miserere
1706 436 1948 509 puellae;

671 511 797 565 Non
822 527 925 581 ego
950 527 1076 565 curn
1098 510 1298 564 Danais
1320 527 1462 564 arma
1485 522 1706 562 cruenta
1728 510 1861 564 fero,

597 581 705 637 Sed
731 596 819 638 tua
843 586 983 646 sum,
1022 597 1311 654 tecumque
1335 581 1411 634 fui
1433 580 1720 652 puerilibus
1742 583 1915 651 annis:

669 654 743 711 Et
767 670 881 720 tua,
918 656 1069 730 quod
1092 651 1324 728 superest
1346 653 1630 727 temporiS‚
1669 652 1772 708 esse
1793 671 2004 727 precor.

305 878 352 916 ad
381 878 584 916 Oenonem
616 873 816 924 confugisse
844 875 894 914 ait
912 903 923 920 ,
957 875 1002 913 ab
1034 886 1151 924 eaque
1171 873 1349 912 auxilium

306 936 418 978 atque
438 928 644 966 remedium
668 927 827 964 vulneris
857 925 1006 975 rog-affe.
1035 925 1153 975 Quod
1180 937 1265 963 cum
1290 924 1350 962 illa

304 978 484 1028 negasset,
507 981 600 1016 inter
621 977 851 1015 redeundum
874 978 912 1014 in
934 977 998 1015 Ida
1017 985 1147 1014 monte
1165 973 1351 1025 expiraffe.

304 1029 384 1067 Ubi
402 1042 487 1068 curn
509 1029 529 1067 a
547 1028 744 1079 pastoribus
761 1040 807 1065 ex
824 1040 930 1065 more
949 1035 1192 1071 cremaretur,
1217 1028 1351 1064 Oeno-

304 1092 394 1119 nem
413 1081 548 1118 codem
566 1080 727 1118 secutam
741 1107 751 1123 ‚
771 1080 809 1116 in
827 1078 988 1116 eundem
1010 1090 1142 1127 rogum
1156 1106 1166 1121 ,
1189 1078 1246 1115 cui
1267 1085 1349 1114 tum

305 1130 404 1173 forte
419 1133 515 1170 Paris
532 1130 723 1180 impositus
746 1138 844 1175 erat,
871 1129 1021 1179 seipsam
1038 1140 1189 1179 quoque
1210 1128 1348 1177 praeci-

304 1180 443 1232 pitaffe.
464 1184 686 1220 Micnnus.
712 1180 773 1217 lib.
794 1193 838 1217 11.
858 1181 938 1218 Art.

357 1232 533 1281 Cynthius
552 1230 701 1269 Admeti
719 1243 842 1268 vaccas
851 1231 983 1281 paviffit
992 1240 1054 1281 per
1071 1230 1178 1278 aestus

314 1325 317 1326 ⁷
409 1290 545 1320 Fertur.

305 1333 429 1382 Hujus
459 1335 511 1372 rei
539 1331 696 1372 caussam
722 1331 839 1371 reddit
870 1334 1042 1383 Hyginus
1073 1345 1150 1382 cap.
1168 1332 1349 1379 xt1x..his

304 1385 447 1423 verbis:
477 1384 699 1434 Aesculapius
720 1384 894 1434 Apollinis
916 1383 1037 1431 filius,
1066 1383 1195 1420 Glauco
1218 1383 1349 1420 Minois

296 1434 375 1484 filio
402 1435 520 1472 vitam
548 1434 744 1484 reddidisse,
764 1433 842 1484 five
866 1434 1042 1484 Hippolyto
1064 1434 1216 1476 elicitum
1246 1447 1347 1483 quem

305 1486 470 1535 Juppiter
490 1486 529 1522 ob
549 1486 586 1522 id
607 1486 763 1533 fulmine
782 1484 947 1535 percuffit.
976 1484 1098 1535 Apollo
1112 1514 1122 1529 ‚
1139 1484 1229 1535 quod
1254 1485 1347 1530 Jovi

305 1549 421 1572 nocere
439 1550 507 1573 non
522 1537 636 1585 potuit
650 1565 660 1580 ‚
685 1550 756 1580 eos,
783 1536 844 1586 qui
858 1536 1019 1584 fulmina
1039 1537 1199 1583 fecerunt
1213 1562 1222 1577 ,
1249 1535 1288 1572 id
1303 1535 1347 1582 est

305 1586 462 1635 Cyclopes
479 1588 659 1634 interfecit.
687 1587 790 1636 Qod
817 1586 854 1622 ob
870 1589 1013 1634 fastum
1039 1586 1287 1635 Apollo-datus
1306 1586 1348 1633 est

305 1636 344 1673 in
364 1637 577 1685 ftrvitutem
604 1638 757 1674 Admeto
785 1637 851 1684 regi
880 1636 1095 1686 Theffaliae:
1126 1637 1209 1674 Hac
1235 1637 1348 1674 etiam

304 1687 352 1724 de
385 1699 422 1725 re
454 1689 492 1725 &
523 1688 713 1736 Euripides
737 1688 799 1724 sub
826 1688 934 1725 initio
959 1687 1109 1724 Alcestis
1139 1686 1349 1735 tragoediae

305 1737 352 1774 de
364 1739 539 1786 Apolline
553 1740 666 1776 multa
686 1739 839 1786 cognitu
855 1737 964 1787 digna
983 1738 1100 1775 scribit
1113 1766 1122 1778 ,
1134 1738 1350 1775 &Phurnu-

305 1795 363 1825 tus
384 1788 429 1825 de
452 1790 592 1825 Natura
615 1791 797 1826 Deorum.
826 1788 1044 1825 CIOFANUS.
1081 1787 1274 1831 Pheraeas,
1301 1787 1349 1824 fic

307 1838 480 1875 meliores
498 1838 602 1881 libri,
630 1850 708 1875 non
733 1848 791 1886 per
822 1837 948 1884 aestus,
977 1847 1040 1875 aut
1063 1847 1123 1887 per
1147 1836 1278 1873 herbas.
1305 1836 1349 1873 fi-

307 1888 444 1926 militer
474 1888 669 1926 vetustiora
701 1889 920 1935 exemplaria
949 1889 1029 1926 Art.
1061 1891 1150 1926 Am.
1177 1900 1234 1926 11.
1264 1899 1348 1938 239.

310 1947 468 1977 moncnt
489 1939 744 1988 reponendum
767 1937 858 1976 effe:

359 1989 535 2039 Cynthius
554 1990 703 2027 Admeti
719 2003 843 2027 vaccas
853 1989 985 2040 paviffie
1003 1989 1147 2027 Pheraei

414 2046 570 2077 Dicitur.

308 2091 386 2129 Ubi
405 2092 479 2140 pari
497 2090 614 2128 modo
643 2091 678 2128 in
706 2090 859 2140 vulgatis
879 2091 1063 2129 codicibus
1083 2098 1265 2141 peccatur.
1287 2091 1350 2130 Se-

308 2154 399 2180 neca
419 2142 580 2179 Hercule
601 2141 772 2185 Furenti,
800 2155 884 2189 451.

361 2191 478 2239 Pastor
498 2191 661 2228 Pheraeos
680 2191 798 2228 Delius
811 2193 917 2242 pavit
927 2206 1049 2242 greges.

308 2242 555 2281 Pheraeorum
589 2243 687 2281 enim
716 2254 779 2280 rex
812 2243 1003 2281 Admetus.
1031 2245 1119 2280 hinc
1143 2242 1349 2292 Apollonio

307 2294 372 2332 lib.
395 2306 424 2333 x.
443 2306 503 2342 49.
533 2291 635 2330 '0233
654 2296 776 2338 Φεραῖς
796 2287 979 2339 ’Ἄδμητος
1007 2290 1217 2339 ἐϋβὲῆνεσσιν
1236 2294 1350 2346 dreia:

2233 728 2447 794 EPI-

1403 884 1468 909 σων
1485 900 1495 917 ,
1524 873 1658 918 Μίμνεν
1681 871 1750 912 §nb
1766 853 1912 918 σιξοπιῆν
1936 872 2026 921 ’ὄρεος
2042 874 2306 921 χαλκωδὸνισιο.
2330 882 2370 921 &
2397 884 2446 926 ita·

1403 924 1529 962 Valer.
1548 924 1666 963 Flacc.
1691 937 1721 963 1.
1739 938 1821 973 444.

1457 981 1501 1011 Te
1518 989 1649 1027 quoque
1666 976 1756 1014 dant
1775 978 1886 1027 campi
1903 961 2004 1015 tan'io
2017 977 2148 1029 pastore
2164 979 2310 1022 Pheraei

1456 1026 1578 1063 Felices
1594 1027 1757 1065 Admeto.

1406 1078 1567 1126 Copiose
1592 1079 1683 1116 haec
1704 1079 1823 1118 fabula
1842 1088 2005 1120 narratur
2024 1082 2062 1120 in
2082 1086 2280 1131 paroemiis
2301 1087 2451 1131 Graecis
2516 1083 2520 1085 ”

1407 1129 1549 1166 Schotti
1568 1141 1683 1178 p.v45.
1700 1130 1773 1168 -ubi
1801 1143 1837 1168 v.
1857 1140 1975 1171 notas.
1996 1133 2174 1180 Apollod.
2192 1147 2228 1184 p.
2247 1148 2307 1183 27.
2329 1140 2369 1177 ὅ(
2390 1152 2451 1189 37,

1406 1180 1547 1229 Hygin.
1570 1179 1654 1217 Fab.
1671 1192 1730 1228 49.
1751 1194 1808 1230 50.
1832 1195 1889 1231 51.
1906 1195 1942 1220 v.
1960 1182 2101 1221 Frischl.
2122 1185 2160 1222 in
2182 1186 2327 1226 (jallim.
2344 1201 2379 1238 p.
2394 1196 2452 1238 14.

1406 1231 1445 1268 ὃς
1478 1231 1534 1280 36.
1579 1231 1723 1268 Pheraei
1765 1233 1990 1271 Moschionis
2026 1245 2047 1271 a
2087 1234 2248 1274 Stobaeo
2281 1239 2451 1280 citantur.

1405 1281 1589 1320 Admetus
1619 1291 1744 1320 autem
1773 1282 2000 1334 ab'Hygino
2022 1284 2106 1323 Fab.
2133 1298 2213 1325 xxv.
2239 1287 2333 1328 filius
2354 1291 2450 1331 Phe-

1404 1333 1511 1378 retis,
1540 1333 1579 1370 &
1598 1333 1881 1383 Periclymenes.
1910 1337 2118 1374 HE1N81us.
2445 1336 2451 1339 ⁴

1460 1396 1537 1433 152.
1565 1389 1611 1420 Et
1631 1385 1648 1421 ἒ
1668 1384 1774 1432 nostro
1792 1385 1933 1434 saucius
1951 1385 2150 1436 ignefuit.]
2174 1387 2228 1426 Ita
2246 1390 2449 1439 legendum

1405 1434 1425 1472 e
1445 1434 1550 1473 bonis
1567 1434 1649 1473 libb.
1670 1435 1783 1484 idque
1809 1437 1857 1474 est
1876 1438 1990 1485 magis
2007 1438 2213 1485 poeticum.
2235 1441 2450 1484 C10FANus.

1401 1486 1514 1524 Pauci
1534 1486 1677 1524 codices
1690 1488 1751 1531 ‚&
1772 1487 1851 1536 post
1861 1488 2072 1536 Gryphium
2094 1490 2316 1530 recentiores
2335 1506 2449 1543 quae-

1402 1537 1488 1575 dam
1517 1537 1697 1575 editiones
1713 1566 1722 1582 ,
1748 1538 1901 1583 dicitur,
1929 1549 1972 1578 <9⁶
2000 1539 2117 1586 nostro.
2144 1539 2204 1578 sed
2225 1543 2451 1592 antiquiores

1405 1589 1443 1624 &
1473 1588 1630 1625 Aldinae
1656 1600 1743 1626 cum
1781 1589 2005 1627 Lovanienfi
2040 1590 2169 1628 codice
2196 1592 2317 1637 fer-mr
2350 1607 2396 1635 (9-
2424 1608 2450 1634 a

1404 1637 1522 1684 nostro.
1549 1638 1654 1686 quod
1682 1639 1929 1685 praetulimus.
1967 1653 1990 1675 a
2018 1640 2080 1677 hic
2110 1642 2260 1688 ponitur
2287 1656 2352 1692 pro
2366 1647 2450 1695 post.

1403 1687 1519 1725 sensus
1541 1688 1614 1732 est,
1642 1688 1811 1726 Phoebus
1824 1717 1835 1733 ‚
1858 1689 2051 1739 postquam
2072 1701 2133 1728 me
2152 1693 2313 1739 amavit,
2334 1698 2446 1736 etiam·

1406 1738 1586 1775 Alcestida
1601 1738 1734 1776 deinde
1759 1741 1910 1778 amavit.
1929 1740 2019 1790 quid
2040 1742 2122 1779 miri
2142 1754 2252 1791 ergo,
2279 1744 2306 1782 fi
2324 1759 2448 1795 reper-

1402 1795 1462 1825 tor
1490 1788 1701 1826 Medicinae
1725 1817 1735 1834 ,
1772 1790 1811 1827 &
1840 1792 1904 1839 qui
1929 1791 2020 1828 mihi
2042 1791 2201 1829 medicas
2218 1802 2310 1831 artes
2338 1797 2449 1836 tradi-

1406 1837 1458 1875 dit
1471 1865 1480 1880 ‚
1509 1839 1582 1888 ipse
1599 1839 1718 1877 adhuc
1736 1839 1928 1889 postquam
1952 1853 2014 1878 me
2042 1851 2253 1887 amaverat,
2279 1856 2358 1882 non
2377 1858 2448 1895 po-

1404 1890 1514 1926 tuerit
1546 1890 1589 1927 ab
1618 1902 1746 1927 amore
1767 1890 1801 1927 se
1829 1891 2042 1936 continere,
2070 1891 2095 1928 fi
2117 1904 2186 1929 nec
2205 1905 2276 1942 ego
2299 1906 2451 1945 accepta

1408 1939 1583 1978 medendi
1602 1948 1677 1978 arte
1691 1969 1701 1985 ‚
1729 1940 1898 1979 nondum
1918 1941 2149 1980 resanuerim.
2174 1944 2300 1991 paffim
2321 1956 2448 1986 autem

1407 1990 1628 2040 praepositio
1653 1992 1744 2028 haec
1774 1992 1823 2028 ita
1843 2004 1861 2030 a
1882 1992 2017 2030 Nostro
2036 1994 2196 2041 ponitur.
2216 2006 2251 2030 v.
2269 1994 2315 2032 ad
2338 1997 2448 2045 Epist.

1408 2056 1445 2079 x.
1483 2042 1537 2080 16.
1566 2043 1603 2079 ὃ(
1623 2042 1715 2089 supr.
1743 2042 1852 2090 Epist.
1874 2055 1919 2079 11.
1942 2042 2000 2079 86.
2024 2043 2071 2080 fic
2092 2044 2130 2080 &
2150 2044 2250 2081 recie
2276 2046 2450 2087 Heinsius

1407 2092 1610 2130 vindicavit
1630 2091 1883 2140 Vellejilocu1
1933 2092 1994 2130 lib.
2022 2106 2067 2129 11.
2096 2105 2176 2139 127.
2203 2099 2250 2132 D.
2271 2098 2449 2145 Augustus

1408 2149 1463 2180 M.
1491 2143 1644 2192 Agrippa
1659 2171 1669 2187 ‚
1696 2154 1740 2181 ω’
1765 2143 1863 2179 maxi
1904 2157 1920 2179 e
1945 2142 1989 2179 ab
2014 2157 2047 2179 eo
2074 2143 2211 2180 Statilio
2228 2151 2340 2182 Tauro
2356 2148 2449 2196 usus.

1409 2194 1535 2231 Scnec.
1554 2206 1583 2230 1.
1600 2193 1645 2230 de
1659 2193 1778 2230 Clem.
1794 2205 1847 2240 14.
1872 2194 2057 2244 Numquid
2070 2193 2199 2245 aliquis
2206 2194 2318 2243 fimus
2325 2196 2447 2243 filium

1407 2257 1428 2280 a
1441 2244 1558 2293 prima
1579 2243 1701 2293 offensa
1720 2242 1903 2281 exheredat
1916 2254 1931 2282 ,ι’
1950 2254 1989 2282 ut
2009 2244 2105 2282 redte
2128 2257 2194 2293 pro
2210 2246 2278 2289 ,ad
2293 2247 2448 2296 primam

1406 2294 1568 2345 offensam
1580 2303 1840 2341 ,correxerunt
1858 2296 1928 2335 viri
1947 2295 2060 2335 doen.
2078 2295 2344 2338 Bummxwus.
