2553 3676
829 183 892 242 P.
964 181 1382 243 OVIDII

1452 182 1988 245 NASONIS

659 276 826 350 Saepe
850 277 1124 351 soporatos
1150 277 1407 333 invadere
1431 276 1634 350 profuit
1659 278 1865 342 hostes;

728 351 976 405 Caedere
1001 350 1056 404 &
1081 353 1279 406 armata
1304 352 1491 423 vulgus
1516 352 1724 407 inerme
1748 369 1928 409 manu,
1980 422 1983 425 Ι

660 424 746 478 Sic
775 423 884 477 fera
906 423 1155 479 Threicii
1179 424 1496 479 ceciderunt
1523 426 1731 494 agmina
1753 426 1945 484 Rhefi:

729 495 801 549 Et
827 496 1109 551 dominum
1133 498 1274 568 capti
1299 495 1596 551 deseruistis
1620 499 1762 570 equi.

548 588 579 624 :2
588 588 615 637 5
656 569 826 641 Saepe
853 570 1168 624 maritorum
1197 569 1394 621 somnis
1419 580 1644 622 utuntur
1668 584 1935 638 amantes;

719 642 791 697 Et
820 643 907 697 sua
930 643 1109 715 sopitis
1133 639 1365 694 hostibus
1391 657 1535 694 arma
1558 656 1799 698 movent.

655 715 957 770 Custodum
982 712 1196 768 transire
1221 731 1433 777 manUS,

1467 713 1800 796 vigilumque
1824 732 2058 778 catervas
2069 762 2089 789 ‚

720 789 911 853 Militis
929 828 942 851 ‚
983 787 1039 840 &
1064 786 1239 841 miseri
1264 786 1474 859 semper
1501 801 1722 842 amantis
1750 806 1899 862 opus,

656 861 804 917 Mars
832 861 1052 925 dubius,
1089 877 1190 915 nec
1215 872 1362 915 certa
1388 859 1605 922 Venu83
1646 860 1878 936 victique
1903 866 2216 939 resurgunt:

543 955 611 1004 30
723 935 986 1008 Quosque
1011 950 1174 1006 neges
1198 950 1454 1007 umquam
1476 932 1623 1006 posse
1643 933 1848 1005 jacere,
1886 940 2102 996 cadunt„

652 1007 804 1080 Ergo
830 1008 1087 1063 desidiam
1113 1007 1442 1080 quicumque
1468 1009 1682 1062 vocavit
1707 1027 1978 1078 amorem,

722 1081 957 1138 Desinat.
997 1080 1197 1153 ingenii
1223 1079 1298 1134 est
1321 1080 1645 1152 experientis
1673 1101 1838 1139 amor.

650 1156 830 1212 Ardet
854 1157 910 1210 in
933 1153 1158 1210 abducta
1184 1152 1427 1208 Briseide
1450 1171 1675 1225 magnus
1702 1158 1958 1215 Achilles,

720 1229 872 1286 Dum
895 1229 1050 1294 licet,
1087 1227 1366 1299 Argolicas
1392 1227 1621 1300 frangite
1646 1228 1828 1286 Troes
1853 1249 2000 1306 opes,

406 1468 470 1505 24.
494 1454 634 1507 Capti]
666 1455 798 1495 Codex
817 1457 997 1502 Douzae,
1024 1455 1126 1506 rapti,
1167 1505 1173 1511 .

408 1521 469 1556 25.
496 1508 670 1558 Nempe.]
711 1514 809 1558 Saepe
831 1521 899 1558 pro
928 1509 1065 1547 diversa
1091 1504 1253 1544 lechone
1283 1503 1403 1543 Sarra-

355 1559 497 1597 vianus‚
528 1558 631 1610 quod
658 1560 802 1599 arridet.
837 1559 886 1599 fic
915 1559 1025 1609 paulo
1054 1566 1151 1596 ante.
1186 1556 1403 1595 Hmusrus.

357 1608 445 1647 Vid.
466 1611 577 1659 Epist.
593 1624 652 1648 xx.
674 1624 755 1650 110.
1075 1659 1081 1665 ,
1143 1658 1149 1664 ,
1181 1660 1186 1665 q

407 1661 464 1697 26.
478 1666 524 1697 Et
532 1661 602 1709 sua
617 1673 687 1701 effe.
701 1661 874 1711 movent]
889 1662 996 1699 Unus
1006 1657 1152 1697 Heinfii
1164 1657 1402 1716 hber,saeve7

355 1716 549 1765 queftpitis.
566 1719 610 1751 Et
623 1714 691 1764 sua
701 1713 821 1762 sepitis
832 1713 978 1761 hostibus
987 1727 1090 1752 arma
1101 1728 1236 1757 nocent,
1247 1710 1401 1748 sassa—VH

357 1768 397 1804 ἃ
420 1767 569 1804 Moreti.
604 1764 707 1814 quod
738 1764 857 1803 multo
884 1765 1088 1814 planiorem
1117 1770 1203 1807 facit
1229 1771 1400 1810 sensum3

355 1817 474 1855 hostes
494 1828 630 1865 nempe
657 1815 792 1867 sopitos
811 1818 879 1856 suis
907 1820 1014 1857 armis
1033 1820 1166 1858 occidi.
1193 1822 1400 1863 admodum

354 1867 456 1907 sudat
480 1869 618 1905 Marius
638 1869 675 1906 in
694 1870 914 1919 explicandis
934 1871 1001 1908 illis
1021 1870 1097 1919 suis
1113 1872 1234 1911 armis.
1260 1875 1320 1913 sed
1330 1874 1400 1924 sua

354 1932 472 1964 arma,
484 1919 563 1957 sunt
575 1919 689 1969 posita
702 1922 839 1959 circum
853 1921 1094 1967 dormientes,
1106 1924 1237 1973 quibus
1254 1927 1291 1964 in
1305 1926 1399 1976 ipsos

353 1971 409 2008 uti
430 1970 536 2016 licet,
556 1973 618 2020 qui
639 1984 703 2010 eos
724 1973 950 2022 opprimunt.
974 1974 1194 2024 Exemplum
1212 1977 1400 2026 praebebit

352 2020 500 2060 historia
523 2022 614 2060 sacra
632 2023 691 2060 lib.
720 2036 750 2061 1.
778 2024 934 2062 Samuel.
957 2036 1060 2062 xxvr.
1089 2026 1142 2069 ybs.
1166 2039 1198 2073 7.
1219 2029 1268 2067 ita
1285 2030 1397 2066 etiam

353 2071 476 2110 Diana
503 2072 663 2118 dormit,
691 2074 834 2119 Jaculis
853 2075 981 2113 circum
1008 2077 1163 2126 undique
1175 2078 1284 2125 fixis,
1302 2079 1399 2128 apud

354 2121 443 2160 Stat.
476 2136 528 2161 ιν.
556 2124 678 2162 Theb.
704 2137 791 2174 432.
828 2127 867 2164 &
893 2127 954 2164 lib.
985 2139 1030 2165 11.
1059 2129 1219 2166 Metam.
1247 2141 1332 2178 4¹9·
1360 2132 1399 2168 δε

352 2173 453 2211 viros
473 2175 645 2212 militares
666 2188 765 2213 arma
786 2178 823 2214 in
844 2177 946 2215 lectis
963 2177 1122 2215 habuisse
1149 2179 1260 2217 docet
1280 2181 1400 2220 Cerda

352 2223 401 2262 ad
419 2224 551 2274 Virgil.
572 2238 643 2263 v11.
664 2227 823 2264 Aeneid.
846 2230 930 2274 460.
957 2228 1218 2267 Buuimunus.

405 2286 465 2321 27.
493 2274 690 2326 Tranfire.']
713 2279 908 2326 Proprium
926 2279 962 2315 in
983 2279 1052 2316 hac
1072 2291 1110 2316 re
1129 2280 1298 2321 verbum.
1319 2280 1401 2320 Ta-

351 2324 415 2363 cit.
434 2337 512 2364 xiv.
530 2327 620 2365 Am.
640 2340 699 2375 44,
729 2334 828 2365 Num
854 2328 1014 2366 excubias
1039 2328 1225 2380 transtret,
1254 2332 1402 2371 cubiculi

342 2377 438 2424 sores
457 2377 662 2423 recluderet;
684 2378 802 2416 lumen
822 2379 965 2426 inferret
984 2391 1055 2419 wc.
1078 2381 1235 2419 omnibus
1257 2383 1401 2433 nesciis?

351 2426 510 2478 Tranfire
534 2429 642 2466 oculos
670 2431 824 2469 habebat
851 2431 1170 2472 Francofuttenfis.
1195 2445 1273 2472 non
1294 2437 1400 2474 inve-

348 2479 465 2517 nuste.
493 2479 762 2519 BURMANNUS.

402 2541 462 2579 30.
490 2531 579 2582 Poffi’
596 2532 710 2581 jacere
724 2532 908 2583 ,cadunt.]
931 2532 1088 2580 Jacent,
1109 2545 1188 2573 non
1208 2535 1399 2576 invenusta

346 2582 583 2630 tepetitione.
612 2584 824 2622 HEINSIUS.

404 2644 462 2681 31.
489 2634 711 2685 Qicumque
741 2634 893 2674 vocabit.
915 2634 932 2685 ]
974 2636 1146 2675 Omnino
1175 2638 1320 2676 Vocavit
1345 2640 1399 2679 le-

352 2683 515 2729 gendum
537 2685 587 2723 est
601 2714 611 2731 ,
639 2695 680 2724 ut
699 2686 736 2723 in
756 2686 1002 2735 manuscripto
1023 2688 1153 2726 codice
1173 2691 1397 2738 reperimus:

350 2732 510 2781 sequitur
530 2738 629 2775 enim
642 2764 652 2781 ‚
673 2735 817 2786 Definat
831 2754 841 2774 :
864 2749 932 2776 nec
947 2737 1108 2787 aliquem
1126 2739 1289 2779 definere
1309 2742 1401 2780 dici-

352 2793 433 2819 mus
447 2785 531 2827 ,nisi
550 2789 611 2835 qui
628 2789 706 2836 jain
730 2790 895 2838 coeperit
911 2789 1049 2838 aliquid
1069 2791 1199 2829 facere.
1218 2791 1399 2831 Maurus.

350 2833 502 2872 Rectius
525 2837 560 2873 in
582 2839 798 2886 quibusdam
813 2868 824 2885 ,
845 2841 1002 2878 vocavit.
1030 2841 1283 2879 NAuc-zemus.
1313 2844 1397 2882 Lib.

351 2883 572 2923 Maffcianus
588 2915 598 2931 ,
625 2892 781 2927 vocavit.
808 2891 936 2939 placet.
964 2892 1179 2941 Respondet
1198 2895 1300 2930 enim
1321 2895 1399 2932 cui-

349 2933 436 2972 dam
452 2964 462 2979 ,
490 2938 553 2985 qui
572 2950 739 2976 amorem
759 2941 935 2979 desidiam
957 2940 1026 2979 effe
1048 2943 1200 2982 dixerat.
1227 2945 1398 2984 CIOFAN.

352 2986 501 3022 Vacabat
521 2988 726 3026 Puteaneus
746 2991 783 3027 ὃς
805 3000 964 3040 quatuor
985 2994 1056 3030 alii.
1089 2994 1220 3040 Forte,
1241 3007 1398 3035 vocarat.

306 3052 311 3057 ’
349 3042 447 3081 tres,
471 3039 627 3075 vocavit.
655 3040 774 3083 forte,
802 3042 949 3078 vocarit.
978 3043 1195 3082 Hermum.

408 3099 465 3135 32.
494 3087 686 3139 Definat.]
724 3091 864 3128 Marius
895 3093 1003 3129 refert
1031 3093 1076 3129 ad
1100 3095 1261 3142 aliquem
1287 3123 1297 3139 ,
1333 3098 1397 3145 qui

350 3147 550 3178 vocaverat
580 3151 749 3178 amorem
780 3141 953 3179 desidiam
976 3170 987 3186 ‚
1036 3143 1138 3191 cujus
1165 3156 1185 3181 a
1220 3143 1397 3184 sententia

349 3187 415 3226 hic
443 3197 585 3238 praeter
617 3202 762 3228 morem
792 3191 940 3231 discedit
965 3193 1171 3242 Crispinus,
1200 3204 1394 3244 perpetuus

352 3240 430 3289 ejus
459 3239 702 3288 compilator,
732 3243 936 3291 explicans,
964 3243 1101 3282 desinat
1130 3256 1253 3282 amare
1273 3274 1283 3290 ,
1311 3248 1394 3296 qui-

349 3300 515 3339 §umque
539 3291 683 3331 vocabit
701 3304 878 3349 amorem.
891 3294 1078 3335 desidiam.
1103 3295 1165 3336 sed
1180 3297 1318 3337 acutius
1339 3299 1396 3348 vi-¹

2295 1306 2496 1371 Heeor

1458 1454 1545 1494 diffe
1565 1457 1729 1497 Marium
1753 1459 1947 1500 credimus.
1976 1460 2086 1500 Haec
2111 1463 2212 1502 enim
2234 1463 2361 1514 Elegia
2379 1462 2493 1518 scriptfi

1458 1508 1602 1547 videtur
1630 1509 1716 1547 ideo
1744 1510 1791 1548 ad
1822 1511 1991 1551 Atticum
2007 1541 2017 1558 ‚
2044 1515 2130 1564 quia
2157 1515 2218 1553 ille
2240 1515 2391 1554 auetore
2409 1530 2494 1569 quo-

1457 1557 1543 1597 dam
1557 1587 1568 1604 ‚
1597 1572 1735 1610 magno
1756 1562 1853 1600 forte
1875 1564 1913 1601 &
1933 1564 2103 1603 laudabili
2122 1568 2203 1604 viro
2216 1594 2226 1610 ,
2254 1568 2494 1609 amorem‘ca-
2511 1594 2514 1598 ·

1455 1608 1655 1648 lumniatus
1683 1619 1770 1649 erat.
1797 1613 1841 1650 ab
1861 1614 1930 1651 hac
1957 1614 2136 1654 sententia
2158 1617 2326 1656 Atticum
2346 1618 2496 1661 deduce?-

1456 1671 1495 1697 re
1516 1670 1668 1699 conatur
1685 1662 1815 1700 Poeta.
1842 1665 1879 1701 ὃς
1899 1663 1985 1702 ideo
2006 1666 2117 1704 initio
2134 1667 2248 1712 dixit,
2279 1669 2371 1706 crede
2389 1670 2497 1718 mihi,
2542 1688 2544 1690 ’

1455 1722 1534 1748 non
1563 1712 1646 1757 illi,
1685 1713 1786 1762 cujus
1816 1722 1858 1752 tu
1891 1715 2148 1756 auctoritatem
2178 1718 2343 1768 sequeris.
2378 1733 2495 1771 neque
2539 1739 2542 1744 >

1456 1762 1568 1800 etiam
1596 1767 1871 1812 argumentatio
1895 1765 1956 1804 illa
1986 1769 2176 1816 procedit,
2203 1770 2233 1807 is
2252 1771 2315 1819 qui
2331 1782 2496 1812 amorem>
2529 1787 2542 1810 ·;,

1456 1821 1567 1851 vocat
1587 1814 1783 1860 desidiam,
1811 1816 1855 1854 ab
1875 1828 2003 1855 amore
2031 1819 2171 1857 desistat
2184 1849 2194 1865 ‚
2223 1822 2309 1870 quia
2328 1822 2375 1859 est
2395 1833 2497 1864 amor
2519 1837 2553 1869 μ·

1454 1865 1593 1913 ingenii
1621 1866 1852 1914 experientis.
1886 1868 2044 1906 Stultum
2080 1869 2186 1908 fuiffe
2214 1879 2364 1919 oportet
2386 1872 2496 1915 Naso-
2520 1875 2553 1910 ὅ*

1453 1926 1541 1952 nem
1556 1943 1566 1959 ,
1594 1917 1680 1964 quia
1702 1917 1752 1954 ita
1773 1927 2087 1966 argumentaretur
2110 1933 2118 1957 ε
2156 1920 2331 1959 debuisset
2358 1922 2493 1971 dicere,
2532 1936 2553 1964 ιι

1454 1963 1594 2003 desistat
1612 1966 1657 2003 ab
1675 1978 1804 2004 amore
1818 1996 1829 2013 ,
1848 1969 1887 2006 &
1909 1980 1962 2007 res
1982 1980 2083 2019 agat,
2104 1971 2164 2008 vel
2185 1972 2290 2010 <nistra
2311 1973 2498 2023 sequatur,
2534 1987 2548 2011 s.

1453 2028 1501 2054 ne
1530 2017 1598 2054 otii
1625 2015 1741 2065 posset
1760 2019 1927 2057 accusari.
1954 2020 2015 2058 sed
2033 2023 2179 2070 egregie
2197 2024 2292 2060 inter
2309 2023 2344 2061 se
2367 2026 2497 2064 cohae-
2532 2028 2553 2062 ,ϊῑ

1454 2074 1535 2105 rent
1556 2067 1685 2105 omnia
1704 2097 1714 2113 ,
1752 2067 1778 2105 fi
1804 2070 1853 2107 ita
1881 2071 2087 2119 capiamus;
2117 2072 2254 2110 definat
2275 2074 2336 2111 ille
2363 2075 2494 2114 calum·-
2527 2079 2553 2111 v3·

1454 2118 1568 2163 niari,
1595 2130 1681 2156 nam
1705 2131 1812 2158 amor
1837 2121 1994 2159 minime
2014 2121 2208 2168 defidiofi,
2233 2124 2293 2162 sed
2313 2127 2493 2174 experien-
2547 2141 2553 2163 ;

1455 2169 1498 2206 tis
1522 2170 1648 2207 omnia
1663 2179 1727 2214 ,ut
1746 2171 1784 2208 in
1806 2171 1902 2209 bello
1923 2171 2054 2217 decet,
2081 2173 2218 2222 ingenii
2237 2175 2296 2213 est.
2323 2177 2397 2214 hoc
2414 2188 2496 2226 pro·
2546 2191 2553 2214 t

1456 2218 1515 2256 bat
1543 2220 1720 2269 exemplis
1738 2221 1970 2261 summorum
1997 2223 2160 2269 ducum,
2187 2226 2249 2275 qui
2269 2227 2424 2265 minime
2441 2228 2494 2267 in·
2551 2242 2553 2263 ι

1455 2271 1569 2319 genio
1597 2271 1696 2320 segni
1724 2272 1895 2319 fuerunt,
1923 2275 2107 2313 &tamen
2127 2277 2248 2314 amori
2266 2288 2417 2326 operam
2435 2277 2496 2325 de->

1456 2321 1600 2359 derunt.
1627 2322 1897 2362 BURMANNUS.
2512 2334 2513 2338 ’

1510 2382 1528 2421 3
1536 2383 1570 2421 3.
1597 2374 1781 2424 Memfim]
1804 2375 1931 2414 Tristis
1947 2384 2097 2426 propter
2117 2385 2262 2416 amatae
2281 2378 2420 2428 puellae
2436 2378 2493 2419 ab·
2526 2393 2553 2415 v*1

1455 2422 1619 2462 sentiam.
1646 2424 1716 2463 Sed
1745 2425 1859 2475 longe
1887 2428 2022 2465 melior
2047 2428 2141 2466 mihi
2157 2429 2303 2468 videtur
2324 2438 2423 2469 vetus
2440 2431 2491 2470 le·
2546 2443 2553 2465 ·'

1457 2473 1555 2519 etio,
1582 2487 1677 2525 quae
1705 2475 1776 2521 est,
1805 2483 1970 2527 Magnus.
1998 2479 2088 2517 Hoc
2118 2481 2218 2517 enim
2245 2489 2491 2530 cognomento
2545 2495 2551 2518 ι

1453 2525 1604 2565 illustres
1633 2528 1702 2565 viri
1730 2527 1900 2576 appellati
1924 2529 2033 2575 sunt,
2059 2538 2101 2569 ut
2129 2531 2360 2576 Alexander,
2385 2533 2488 2571 Pom-

1455 2576 1582 2626 pejus,
1611 2578 1650 2614 ὃς
1677 2578 1830 2617 Carolus
1857 2580 2083 2619 Francorum
2112 2594 2178 2620 rex
2197 2611 2208 2627 ‚
2243 2583 2375 2633 aliique
2393 2595 2491 2622 com·

1454 2627 1585 2676 plures.
1612 2629 1689 2667 Hic
1707 2631 1808 2669 enim
1827 2631 1926 2670 Naso
1944 2644 2165 2682 magnorum
2187 2635 2353 2673 virorum
2373 2645 2487 2674 exem-
2551 2649 2553 2654 ⁴

1455 2678 1520 2726 plis
1538 2692 1615 2718 non
1637 2680 1856 2720 desidiosum
1874 2681 1944 2720 effe
1959 2695 2129 2722 amorem
2144 2686 2371 2734 comprobat.
2391 2683 2490 2723 Adde

1455 2729 1560 2779 quod
1586 2732 1625 2770 in
1652 2734 1771 2772 Artib.
1800 2745 1954 2784 quoque
1980 2734 2096 2774 Ovid.
2118 2740 2296 2785 Magnum
2314 2737 2485 2778 Achillem
2547 2739 2550 2773 ἓ

1453 2784 1625 2828 vocavit,
1655 2784 1801 2823 dicens:
2396 2815 2401 2818 ·

1504 2834 1598 2870 Fecit
1618 2846 1661 2874 (9⁶
1680 2835 1719 2872 in
1738 2845 1837 2886 capta
1855 2834 2034 2885 Lyrnefide
2050 2849 2196 2886 magnus
2216 2838 2391 2885 Achilles,

1557 2898 1649 2930 Cum
1661 2897 1827 2940 premeret
1846 2886 1983 2923 mollem
2000 2887 2102 2936 laffics
2119 2888 2163 2925 ab
2186 2889 2272 2937 hoste
2293 2902 2414 2927 torum.

1454 2946 1500 2984 M
1505 2960 1634 2985 Anus.
1654 2948 1802 2995 Moestm
1819 2938 2022 2976 Puteaneus
2041 2940 2175 2996 aliique
2194 2943 2310 2980 multi.
2332 2941 2487 2991 quidam,
2537 2955 2549 2976 α

1445 2999 1564 3044 fhrtis.
1591 3000 1701 3036 ctiam
1726 2999 1831 3036 bene.
1856 2988 2067 3046 HQNSOES·
2095 2991 2205 3048 Eplst·
2224 3005 2287 3049 {11-
2311 3005 2389 3044 137·

1505 3049 1634 3093 Respice
1643 3048 1834 3097 fhllicimm
1855 3039 2006 3087 Brlsezda
2016 3043 2124 3088 forus
2139 3043 2290 3081 Achzlle.
2550 3089 2551 3094 ¹

1453 3092 1581 3144 Quem
1612 3099 1837 3146 fortiffimum
1872 3101 1994 3129 vocat.
2032 3105 2122 3132 vers.
2159 3108 2237 3133 111.
2273 3095 2320 3133 fic
2345 3091 2403 3131 lib.
2430 3102 2482 3131 11,
2546 3101 2551 3126 2

1451 3148 1585 3186 Amor.
1605 3150 1707 3198 Eleg.
1729 3162 1816 3188 vm.
1842 3162 1898 3200 13.
1918 3150 2069 3200 quid-am
2091 3148 2254 3187 codices:
2318 3197 2323 3203 ¹

1505 3206 1576 3236 Nec
1586 3199 1668 3248 snm
1691 3201 1895 3246 Tantalide,
1924 3215 1984 3239 nec
1995 3203 2084 3247 fhrti
2102 3202 2213 3251 major
2229 3195 2379 3237 Aclnlle.
2395 3246 2400 3252 Ι

1451 3249 1499 3288 Et
1518 3251 1566 3287 ita
1587 3263 1632 3287 11.
1653 3252 1732 3289 Art.
1752 3254 1842 3290 Am.
1863 3263 1947 3299 711.
1968 3254 2118 3302 quidam
2140 3264 2251 3290 manu
2271 3254 2423 3286 exaratl=

1505 3301 1596 3340 Fecit
1614 3314 1656 3344 ω’
1675 3302 1714 3341 in
1735 3312 1834 3354 capta
1854 3303 2034 3354 Lyrnefide
2044 3303 2151 3353 fortis
2169 3298 2336 3342 Achilles.
2409 3342 2478 3383 Ubi
