2553 3676
592 152 1327 233 ‘HEROIDES

1402 192 1514 231 ΕΡ.

1589 199 1698 239 v1L
2154 205 2245 252 103

398 275 493 330 Tu
517 268 711 330 mod0‚
749 283 845 337 per
868 278 1124 329 matrem,
1162 266 1501 342 fraternaque
1527 272 1662 336 tela,
1699 276 1936 346 sagittas,

471 345 679 413 Perque
704 338 861 411 fugae
885 339 1139 403 comiteS‚
1175 340 1429 396 Dardana
1451 343 1619 409 sacra,
1652 345 1827 401 Deos:

401 422 422 488 (
435 416 519 470 Sic
541 413 789 484 superent
805 453 820 477 ,
857 429 1228 486 quoscumque
1252 426 1341 467 tua
1367 414 1435 468 de
1460 429 1620 486 gente
1644 432 1916 493 reportaS,

259 495 355 545 160
463 485 611 540 Mars
634 483 777 539 ferus
804 485 860 540 δε
885 486 1089 540 damnis
1113 485 1174 539 fit
1197 486 1391 541 modus
1413 487 1501 542 ille
1525 491 1657 555 tui3‚

395 558 758 630 Ascaniusque
783 557 902 614 suos
927 558 1155 613 feliciter
1178 559 1394 632 impleat
1418 578 1612 626 annos,

459 630 532 685 Et
556 630 689 685 senis
712 631 976 686 Anchisae
1003 632 1236 686 molliter
1265 632 1369 687 ossa
1393 633 1628 703 cubent)

392 704 561 759 Parce
581 721 774 776 precor
801 705 1016 769 domui,
1053 722 1190 778 quae
1212 705 1264 759 se
1287 706 1385 762 tibi
1408 707 1572 762 tradit
1597 706 1912 766 habendam.

464 777 633 850 Quod
660 778 865 832 crimen
889 777 1049 841 dicis,
1085 791 1295 849 praeter
1318 779 1533 843 amass'e,
1571 782 1787 836 meum?

247 854 344 921 165
382 851 510 906 Non
535 868 638 921 ego
662 850 776 903 sum
800 850 1043 913 Phthias,
1079 851 1350 922 magnisve
1375 853 1603 908 oriunda
1626 853 1908 927 Mycenis:

463 924 579 978 Nec
605 921 861 978 steterunt
885 924 941 978 in
965 936 1018 978 te
1041 923 1232 996 virque
1257 937 1516 998 paterque
1541 944 1708 981 meus,

389 994 1794 1069 Sipudetuxon83non1nnna,iedlnnpstachcmz

461 1069 612 1125 Dum
635 1080 724 1124 tua
746 1069 807 1124 s1t
831 1069 1010 1135 Dido,
1047 1068 1330 1142 quodlibet
1354 1069 1457 1128 effe
1479 1071 1635 1128 feret.

90 1270 170 1310 ‘aliis
189 1270 350 1321 plurimis
371 1278 480 1309 extat.
508 1271 664 1322 Reliqua
685 1270 706 1310 a
729 1283 791 1309 me
808 1270 882 1321 legi
899 1282 978 1308 non
999 1278 1135 1321 potue-

94 1331 189 1361 runt.
224 1324 274 1359 At
311 1321 497 1365 Salmasius
534 1332 665 1360 monet
690 1322 710 1359 ’ὲ
741 1334 854 1359 manu
881 1323 997 1370 prima
1029 1321 1133 1361 fuiffe

84 1373 243 1410 ‘Nomine
261 1373 388 1421 coregis.
415 1372 528 1410 Unde
551 1374 579 1410 is
599 1374 767 1417 faciebat,
780 1373 930 1409 Nomine
947 1385 1025 1408 cam
1037 1373 1134 1421 regis.

86 1422 203 1461 'Forte
241 1423 389 1460 Nomine
424 1435 468 1462 <y
499 1422 590 1460 hanc
618 1424 714 1473 regis.
754 1422 942 1461 Leidenfis
975 1422 1134 1473 hancque

90 1473 167 1512 loco.
202 1473 382 1511 Barberin.
419 1475 456 1511 &
491 1472 596 1511 Voff.
624 1481 732 1525 Inque
762 1473 884 1511 locum.
922 1474 1132 1512 HEINSIus.

89 1524 172 1574 Ego
203 1536 247 1562 ex
277 1524 430 1573 vestigiis
462 1524 643 1564 ssarberini
679 1525 846 1563 Voffiani
878 1525 915 1562 ὅ(
941 1524 1132 1564 Leidensis

89 1575 262 1613 codicum
282 1577 423 1622 recepi:

142 1633 327 1673 Hancque,
355 1625 464 1661 locam
486 1625 603 1672 regni,
622 1624 821 1674 sceptraque
833 1625 936 1674 fizcra
958 1637 1044 1664 tene.

91 1675 203 1712 Hanc
226 1675 350 1712 urbem
365 1701 374 1718 ‚
402 1686 479 1711 non
503 1675 601 1712 illam
620 1703 630 1718 ‚
658 1687 769 1724 quam
787 1677 825 1712 in
846 1675 946 1712 Italia
967 1678 1131 1726 quaeris,

90 1733 177 1762 tene
206 1725 330 1762 locuni
362 1726 463 1773 regni
492 1726 577 1770 tui,
617 1727 655 1763 &
683 1726 733 1763 ibi
755 1725 890 1774 sceptra
912 1725 1007 1765 sacra
1026 1728 1132 1765 habe.

91 1773 353 1812 Bunmunus.

144 1837 224 1872 155.
252 1825 365 1872 Qtem
379 1822 549 1873 stuperet]
577 1824 682 1872 Quod
699 1825 844 1874 superest
863 1827 1070 1866 Puteaneus
1093 1829 1132 1866 δέ

89 1874 151 1914 alii
168 1887 214 1912 ex
232 1874 452 1912 melioribus.
469 1874 578 1912 Forte
600 1877 836 1923 Qtossuperet
855 1876 968 1922 hostes.
986 1878 1132 1917 Heius.

144 1938 224 1975 157.
252 1932 303 1962 Tu
332 1925 429 1962 modo
450 1934 510 1973 per
526 1924 716 1975 ”patrem.]
748 1925 832 1962 Imo
863 1936 1014 1963 matrem
1043 1940 1129 1968 cum

91 1975 220 2014 decem
250 1976 392 2024 scriptis.
438 1976 498 2013 De
527 1984 627 2024 patre
657 1987 748 2021 mox
776 1984 869 2024 aget.
915 1977 1130 2018 Erfurtanus

88 2036 146 2076 per
175 2033 340 2064 Venerem.
376 2026 478 2076 quod
505 2028 648 2064 alterius
670 2027 1041 2075 interpretamentum
1069 2030 1129 2067 est.

93 2078 302 2165 1Ι-Ιιειικιεωε,
319 2078 560 2116 Heumannus
580 2078 619 2115 in
635 2077 775 2126 Parerg.
787 2077 941 2116 Criticis.
952 2090 1033 2128 pag.
1047 2080 1131 2119 118.

109 2136 204 2166 ecit:

127 2156 194 2216 c’Tu
212 2179 308 2216 modo
314 2181 373 2227 fer
383 2188 520 2228 patrem
531 2207 541 2223 ‚
559 2180 793 2230 fraternaque
808 2177 877 2216 tela
888 2177 1062 2229 sagittas,

188 2233 428 2280 Ferquefagae
445 2231 589 2268 comites.

88 2278 137 2317 Et
155 2280 213 2327 fer
237 2292 302 2329 pro
330 2282 415 2328 refer
442 2283 549 2330 capit.
576 2280 637 2318 sed
656 2293 702 2318 an
723 2288 904 2330 repeteret
923 2282 1030 2330 patris
1050 2280 1124 2320 offa

88 2341 134 2368 ex
159 2330 309 2369 Sicilia?
345 2343 431 2380 ergo
455 2333 549 2381 prius
577 2332 735 2369 Siciliam
767 2331 918 2370 tendere
941 2332 1124 2371 debebat?

90 2382 129 2418 &
159 2382 271 2431 qualis
306 2382 396 2420 haec
432 2383 657 2420 consociatio
693 2383 825 2420 offium
862 2392 1124 2432 paternorum,

89 2431 129 2469 δί
146 2432 303 2470 telorum
328 2433 542 2481 Cupidinis?
565 2433 826 2470 BunMANNiiS.

144 2483 224 2521 160.
250 2484 386 2520 Damni
399 2482 447 2532 fit
461 2484 581 2520 modas
597 2483 654 2519 ille
673 2484 766 2533 tui.]
797 2484 950 2520 Damnis
968 2483 1037 2520 tais
1057 2484 1124 2522 Er-

86 2532 248 2572 fui-tanus
282 2536 320 2572 &
346 2535 433 2572 alter
465 2534 713 2572 LovaniensiS.
741 2534 882 2573 rectius.
911 2536 1123 2581 Hemsms,

87 2581 140 2620 Ita
162 2585 277 2633 potest
297 2586 374 2634 capi
396 2585 502 2633 Epist.
521 2598 584 2622 111.
604 2597 665 2632 oo.

140 2635 275 2685 Simque
293 2649 345 2684 ego
364 2636 522 2682 tristitiae
538 2635 647 2684 cattfflz
666 2637 851 2687 modusque
870 2647 961 2674 tuae.

95 2682 270 2730 Quamvis
306 2687 356 2724 ibi
387 2688 424 2723 ὃς
459 2686 618 2724 secundo
654 2687 734 2724 casu
764 2688 871 2735 pofiit
899 2688 1027 2737 accipi.
1062 2687 1124 2727 sed

96 2734 187 2780 apud
204 2737 332 2774 Horat.
354 2750 383 2774 1.
403 2736 478 2774 Od.
497 2750 601 2775 xxiv.
621 2750 698 2775 non
718 2739 829 2776 item:

146 2785 231 2830 Qis
248 2785 401 2836 defiderio
413 2785 459 2836 fit
473 2788 582 2837 pudor
599 2799 662 2824 att
682 2789 813 2825 modas.

95 2833 244 2880 Quin&
266 2850 318 2874 11.
342 2851 418 2887 cap.
447 2849 477 2876 1.
507 2845 578 2875 Nos
589 2839 696 2887 suam
719 2837 1032 2889 cuiqueprofeffioni
1051 2853 1123 2876 mo—

93 2883 180 2918 dam
198 2884 323 2924 demus.
340 2889 399 2926 ubi
421 2890 514 2927 male
529 2888 732 2938 proftffionis
752 2891 976 2928 Gebhardus.
1002 2891 1123 2928 noster

2097 1137 2242 1200 Nota

1245 1271 1327 1321 165.
1356 1278 1437 1311 Non
1468 1286 1521 1322 ego
1544 1274 1629 1323 sam
1654 1271 1828 1322 Phthia]
1858 1268 2010 1308 Phthias
2031 1268 2240 1311 Puteaneus

1191 1334 1276 1360 cum
1299 1325 1610 1362 emendatioribus
1628 1337 1770 1362 novem
1794 1331 1857 1361 aut
1880 1323 2011 1360 decem
2034 1322 2120 1359 aliis.
2140 1334 2240 1360 vere.

1187 1375 1354 1413 foemina
1377 1374 1529 1412 Phthias
1548 1377 1588 1413 ὃς
1606 1375 1794 1412 Phthiotis.
1822 1373 2012 1422 Euripides
2027 1371 2243 1420 Andromaff

1189 1425 1255 1463 cha
1277 1426 1392 1464 choro
1409 1427 1531 1476 primo
1543 1455 1554 1472 ‚
1581 1438 1669 1464 nam
1687 1425 1785 1476 apud
1801 1425 1891 1463 alios
1910 1424 1974 1461 vix
1997 1424 2177 1462 occurrit:

1239 1488 1340 1530 Φθιὰς
1353 1516 1362 1532 ,
1382 1487 1471 1533 ὅμως
1488 1488 1615 1536 ἔμολον
1634 1490 1721 1526 ποτὶ
1739 1490 1804 1526 σᾶν
1825 1487 1999 1529 Ασιῆτιδοι
2016 1488 2138 1526 Γύναιν.

1236 1539 1303 1575 Ad
1323 1549 1356 1574 te
1374 1538 1523 1578 Phthias
1541 1554 1595 1589 ego
1613 1540 1781 1590 quamvis
1802 1544 1840 1576 A
1836 1537 1971 1590 fiatida
1989 1537 2087 1577 veni.

1187 1599 1287 1637 Inter
1319 1613 1496 1640 nummos
1520 1602 1678 1652 Philippi
1706 1604 1859 1641 Parutae
1882 1600 2023 1639 Siculos
2050 1611 2144 1638 unus
2173 1601 2242 1638 ex2

1186 1650 1251 1688 stat
1270 1651 1415 1700 elegans
1434 1653 1472 1689 in
1490 1654 1615 1702 primis
1635 1665 1760 1691 aereus
1775 1681 1786 1696 ,
1813 1653 1857 1689 ab
1876 1663 1949 1688 una
1966 1659 2068 1699 parte
2091 1651 2238 1689 fulmen

1186 1702 1370 1747 referens,
1398 1715 1483 1740 cum
1502 1703 1736 1751 inscriptione
1765 1705 1957 1738 HTPPOT
1982 1703 2239 1739 ΒΑΣΙΛΕΩΣ.

1187 1751 1232 1787 ab
1255 1752 1365 1790 altera
1391 1762 1491 1802 parte
1520 1754 1687 1790 foemina
1709 1754 1838 1790 vittata
1859 1766 1869 1794 ;
1906 1751 2054 1799 reginae
2084 1750 2237 1795 habitu,

1184 1804 1346 1846 ΦΘΙΑΕ,
1375 1815 1452 1852 quo
1478 1803 1655 1852 defignari
1677 1803 1830 1840 Achillis
1856 1802 2010 1849 patriam
2038 1800 2207 1838 existimo
2224 1828 2237 1845 ,

1185 1863 1250 1900 per
1276 1852 1419 1891 fulmen
1447 1862 1572 1892 autem
1593 1854 1776 1902 originem
1798 1852 1876 1901 ejus
1896 1851 1941 1889 ab
1960 1851 2038 1901 ipso
2055 1852 2151 1900 Jove
2172 1850 2239 1897 deff

1188 1901 1349 1942 ductam.
1368 1905 1494 1954 Apoll.
1514 1904 1681 1944 Rhodius
1699 1904 1792 1942 libro
1818 1915 1848 1941 1.
1879 1914 1938 1952 53.

1236 1968 1336 2004 Τοῖσι
1355 1963 1388 2002 δ’
1406 1968 1470 2005 ἐπῖ
1491 1969 1662 2013 τρίτατος
1682 1968 1818 2013 γνωτὸς
1837 1966 1890 2002 κῖε
1909 1966 2126 2010 νισομένοισιν

1237 2017 1440 2061 Αιθαλῑδης.
1468 2021 1531 2054 καὶ
1549 2020 1609 2056 τὶν
1626 2019 1692 2062 μὲν
1711 2014 1772 2055 ἐπ’
1796 2013 2029 2063 'Alampria-crozo
2046 2016 2150 2063 ῥοῇσιν

1237 2068 1449 2113 Μυρμῑὲονος
1465 2070 1565 2112 κούρη
1585 2071 1687 2113 Φθιὰς
1707 2069 1813 2106 τέκεν
1834 2064 2089 2112 Ἐυπολέμειιι.

1237 2119 1371 2155 Tertius
1393 2119 1600 2157 Aethalides
1619 2120 1677 2157 hos
1684 2121 1803 2167 frater
1821 2119 1860 2156 in
1877 2131 1980 2156 arma
1992 2120 2160 2166 secutus}

1236 2169 1428 2218 Amphrysi
1444 2171 1482 2206 in
1499 2171 1610 2208 lucem
1629 2185 1730 2222 quem
1744 2179 1878 2220 propter
1888 2168 2053 2220 fluminis
2071 2182 2149 2205 oras

1235 2219 1327 2255 Filia
1348 2221 1583 2269 Myrmidonis
1602 2221 1752 2259 Phthias
1770 2221 1864 2258 dedit
1885 2219 2097 2271 Eupolemia.

1179 2279 1365 2328 Euripidis
1397 2283 1613 2332 exemplum
1639 2283 1811 2333 producit
1834 2283 2035 2330 Stephanus
2056 2280 2230 2329 Byzanti-

1179 2342 1247 2369 nus
1267 2333 1305 2369 in
1329 2332 1423 2379 Φθίᾳ.
1441 2334 1549 2371 Pthia
1565 2335 1652 2373 hinc
1672 2345 1814 2372 nomen
1827 2334 2018 2377 muliebre,
2031 2330 2228 2380 quomodo

1180 2383 1358 2430 appellata
1388 2385 1486 2433 apud
1515 2385 1641 2432 Justin.
1668 2385 1729 2422 lib.
1759 2397 1898 2422 xxvnr.
1935 2396 2013 2432 cap.
2043 2395 2073 2419 1.
2106 2382 2226 2430 neptis

1179 2432 1306 2481 Pyrrhi
1326 2435 1562 2483 Epirotarum
1575 2437 1684 2485 Regis
1694 2451 1706 2480 ;
1719 2437 1758 2473 δε
1775 2435 1872 2484 apud
1890 2433 2068 2472 Plutarch.
2090 2432 2129 2468 in
2150 2432 2228 2469 vita

1178 2483 1307 2532 Pyrrhi
1344 2486 1509 2531 ejusdem
1547 2495 1674 2524 mater.
1713 2486 1924 2522 HElNSIUS.
1973 2484 2063 2520 Non
2096 2490 2225 2519 tamen

1179 2533 1318 2572 damno
1345 2529 1477 2580 Pthia‚
1505 2538 1591 2586 quia
1617 2536 1773 2584 Mycenis
1799 2535 1989 2584 sequitur,
2016 2544 2104 2584 quas
2133 2544 2226 2570 con-

1175 2584 1299 2633 jungit
1321 2587 1433 2624 etiam
1456 2587 1585 2636 Virgil.
1611 2599 1641 2624 1.
1662 2586 1745 2632 284.

1232 2641 1326 2672 Cum
1342 2637 1463 2674 domas
1482 2637 1642 2686 Affizraci
1659 2635 1804 2674 Pthiam
1824 2634 1999 2686 clarasque
2020 2637 2188 2683 Mycenas

1233 2687 1381 2724 Servitio
1394 2698 1538 2737 premet.

1182 2737 1422 2776 Scribcndum
1479 2751 1570 2776 vero
1615 2737 1792 2788 magnisve
1835 2738 1897 2775 vel
1933 2736 2056 2774 invitis
2090 2735 2186 2773 libris
2210 2738 2225 2780 ,“

1179 2800 1340 2836 quorum
1361 2790 1469 2828 multi
1487 2791 1636 2834 habent,
1649 2790 1783 2839 magnis
1804 2787 2071 2833 emundamus
2084 2797 2222 2824 ornata.
2270 2810 2276 2816 ·

1179 2838 1441 2877 Burmannus.

1232 2892 1313 2928 166.
1352 2897 1425 2927 Nec
1445 2891 1662 2941 steterant.]
1699 2891 1752 2929 Ea
1777 2892 1922 2934 forma,
1949 2901 2020 2938 qua
2046 2888 2219 2936 Virgilius

89 2933 152 2969 lib.
176 2945 229 2970 11.
250 2936 326 2973 Art.
346 2950 402 2985 25.
428 2940 478 2975 Sit
505 2941 623 2976 modas
643 2940 754 2977 exilio.
782 2942 820 2978 &
849 2941 910 2978 lib.
939 2953 999 2978 VI.
1028 2942 1122 2978 Met.
1169 2940 1403 2991 steteruntque
1423 2955 1556 2985 comae,
1584 2944 1621 2979 &
1650 2943 1849 2980 Terentius
1870 2950 2036 2977 emerant.
2058 2941 2219 2977 Eoum.

93 2982 153 3019 82.
181 2984 278 3031 Operi
295 2987 436 3024 vietoria
449 2989 542 3036 finis.
569 2992 607 3028 &
631 2991 724 3029 alibi.
754 3000 917 3029 ceterum
943 2992 1123 3040 Capofer-
1177 2997 1351 3028 Steterunt
1374 2993 1575 3031 Puteaneus
1603 2994 1641 3029 &
1675 2992 1876 3031 Leidensis.
1904 2991 2022 3030 recte:
2046 2991 2218 3039 Virgilius

91 3044 171 3071 reus
191 3035 251 3071 liic
269 3034 428 3083 legebat:
517 3077 523 3082 ,

195 3087 378 3122 Ηιιεέοηιις.
404 3098 445 3125 <5⁵
463 3088 582 3127 damni
594 3091 641 3140 fit
662 3094 781 3131 modas
800 3093 857 3130 ille
874 3093 940 3131 tui.
992 3093 1121 3132 BuRM.

147 3135 228 3181 ¹64.
256 3142 396 3171 Praeter
422 3139 580 3188 amaffe.]
609 3143 713 3182 Haec
735 3145 782 3182 est
811 3146 969 3193 genuina
986 3146 1121 3191 lectio,

94 3196 206 3276 :lium
249 3186 477 3275 {nicanum
518 3192 698 3239 exemplar
742 3195 862 3234 habet.
905 3196 1125 3237 CxofANus.

137 3249 230 3275 mare
285 3249 321 3277 11.

1181 3054 1194 3079 1
1230 3073 1236 3080 .
1341 3073 1348 3080 .

1207 3055 1391 3145 IOhysiiipai
1401 3124 1410 3140 ‚
1429 3095 1662 3145 steteruntque
1679 3108 1802 3133 comae.

1181 3145 1238 3183 Sic
1266 3146 1492 3196 Quaesterant
1521 3147 1679 3194 Epistola
1711 3148 1890 3183 Oenones
1915 3156 1958 3181 ex
1979 3143 2091 3180 veteri
2110 3141 2219 3181 libro.

1181 3198 1220 3234 &
1242 3196 1428 3244 Vagierant
1447 3198 1484 3234 in
1503 3197 1621 3234 Fastis.
1647 3196 1695 3233 sic
1714 3197 1811 3246 apud
1833 3197 1984 3232 Statium
2008 3193 2129 3229 Theb.
2152 3205 2215 3230 111.

1179 3259 1214 3286 v.
1236 3259 1320 3297 302.
1345 3248 1572 3287 Exciderant.
1591 3247 1714 3286 Theb.
1733 3260 1768 3286 v.
1789 3258 1872 3293 274.
1891 3243 2135 3293 Absciderunt.
2155 3244 2216 3281 lib.

2153 3306 2230 3337 xn-
