2553 3676
710 191 1370 252 HEROIDES.

1446 212 1477 247 Ε
1516 214 1558 247 P.
1633 213 1683 251 x.
2168 216 2256 265 143

415 297 537 351 Sive
561 289 742 345 colunt
763 285 1108 357 habitantque
1131 283 1259 347 viri,
1299 282 1595 338 diffidimus
1618 285 1730 340 illis,

483 363 751 418 Externos
777 357 944 413 didici
968 355 1097 411 laesa
1121 355 1312 410 timere
1335 357 1492 411 viros.

418 437 656 493 Viveret·
670 431 996 501 Androgeos
1019 428 1250 483 utinam:
1291 447 1391 483 nec
1414 428 1547 482 fabia
1572 430 1742 486 luisses

277 528 376 567 100

486 506 650 578 Impia
673 503 971 566 funeribUS,
1008 500 1244 573 Cecropi
1270 513 1437 564 terra,
1477 502 1603 554 tuis!

413 580 531 635 Nec
557 593 646 631 tua
670 576 934 631 maciass'et
959 574 1167 629 nodoso
1191 573 1390 645 stipite,
1425 573 1670 636 Theseu,

486 651 674 706 Ardua
695 664 845 723 parte
868 650 1044 703 virum
1069 647 1316 712 dextera,
1353 659 1502 719 parte
1526 645 1749 700 bovem!

408 724 526 779 Nec
553 723 675 786 tibi,
713 741 848 796 quae
873 721 1076 776 reditus
1102 719 1480 783 monstrarent,
1517 720 1600 773 fila
1624 715 1914 780 dediffem3

487 797 596 851 Fila
622 814 717 868 per
741 793 992 849 addu&as
1019 793 1170 864 saepe
1198 806 1414 864 recepta
1438 793 1646 846 manus!

271 886 369 938 105
406 870 535 925 Non
559 869 813 942 equidem
838 867 1032 929 miror,
1072 865 1110 920 fi
1132 865 1226 918 stat
1251 866 1469 919 victoria
1492 879 1701 927 tecum,

485 942 763 1016 Strataque
788 940 1073 994 Cretaeam
1095 938 1265 992 bellua
1290 938 1449 992 tinxit
1472 938 1726 1000 humum,

171 1142 232 1191 96.
258 1141 397 1192 Rapidis
419 1142 550 1193 praeda
574 1142 732 1194 cibusque
749 1143 848 1190 feris.
870 1142 885 1192 ]
916 1139 1058 1178 Rabidis
1089 1137 1160 1176 Ar-

121 1194 349 1242 gentinenfis.
375 1194 423 1231 fic
448 1194 547 1231 idem
579 1196 697 1232 codex
719 1195 883 1243 sequenti
902 1192 1048 1240 epistola
1063 1218 1073 1233 ,
1100 1202 1161 1226 ra-

120 1243 282 1281 hidarum
308 1245 437 1294 praeda
459 1247 633 1292 ferarum.
669 1246 731 1282 ubi
762 1246 837 1293 pari
873 1242 990 1280 modo
1022 1241 1162 1279 variant

122 1293 266 1333 codices
286 1296 391 1333 MSS.
418 1297 466 1333 ita
491 1294 511 1331 e
534 1296 640 1333 MSS.
662 1297 819 1333 Metam.
837 1307 908 1332 vn.
928 1292 1012 1342 388.

174 1344 387 1383 Rabidarum
407 1359 497 1383 more
506 1345 682 1391 ferarum.

121 1393 226 1433 Silius
244 1408 331 1434 V111.
351 1398 437 1444 640.

169 1446 291 1493 Castra
309 1461 441 1498 quoque
459 1459 504 1488 a*
520 1448 662 1486 vallum
680 1447 822 1486 rabidae
828 1445 897 1497 sub
914 1445 1007 1483 noae
1016 1442 1138 1495 stlenti

171 1502 322 1547 Irrupere
334 1500 443 1545 serae.

120 1545 177 1584 Ut
193 1547 242 1585 ibi
257 1549 468 1598 legendum.
491 1550 577 1588 Stat.
601 1563 631 1587 1.
650 1562 734 1598 454.

171 1603 260 1634 Sunt
277 1612 320 1638 εγ
341 1599 471 1636 rabidis
484 1601 570 1649 jura
588 1599 691 1649 infita
707 1599 877 1647 monstris.

123 1647 174 1686 Et
193 1661 284 1685 V111.
306 1649 392 1697 837.

171 1697 299 1735 Rabidi
320 1713 396 1736 cum
417 1698 501 1736 colla
525 1699 705 1737 minantia
723 1698 864 1748 monstri

171 1753 337 1796 Angeret.

122 1797 177 1834 Ut
198 1797 249 1834 ibi
266 1799 373 1836 MSS.
393 1800 432 1836 ὃς
451 1800 621 1838 meliores
639 1801 844 1839 Editiones.
863 1800 902 1838 ὅ(
915 1798 977 1837 lib.
990 1809 1081 1838 vm,
1101 1806 1161 1845 71.

171 1848 224 1883 Sit
243 1849 304 1898 qui
321 1848 529 1886 rabidarum
546 1852 820 1896 moreferarum.

123 1898 239 1948 Quod
258 1900 353 1936 male
372 1900 477 1936 MSS.
499 1908 654 1937 mutant.
675 1901 713 1936 &
733 1900 793 1936 lib.
812 1912 881 1937 vn.
902 1911 986 1949 530,

172 1949 318 1986 Pefftoris
336 1948 473 1999 impulsi
487 1950 601 1987 rabidi
614 1950 770 1997 stravere
788 1949 908 1989 leones.

123 1999 182 2038 Sic
197 2000 281 2050 lego
302 1999 322 2038 ὲ
343 2001 451 2038 MSS.
473 2002 511 2038 ὅτ
533 2015 568 2038 x.
588 2013 647 2048 42.
769 2039 773 2044 ,

419 2051 545 2088 Rabidi
555 2050 606 2101 fic
624 2051 760 2101 agmine
778 2050 890 2088 mixto

175 2099 244 2137 sub
260 2103 390 2139 nostem
406 2105 504 2139 co'z'ere
524 2103 621 2152 Lupi.

74 2175 79 2180 ·
123 2150 258 2189 Avien.
279 2153 366 2190 Fab.
389 2166 419 2190 1.
444 2153 575 2190 Rabido
605 2152 798 2205 quodforet
817 2151 889 2202 efita
909 2151 996 2201 lupo.
1020 2151 1164 2189 rabidae

121 2201 233 2251 tigres.
255 2203 420 2250 Juvenal.
450 2204 520 2242 Sat.
547 2218 608 2242 xv.
640 2205 721 2253 163.
749 2204 900 2253 Rapidae
915 2211 1042 2241 tamen
1064 2205 1163 2242 ferae

123 2263 190 2302 pro
209 2255 393 2302 rapacibus
411 2253 529 2292 dicftae
551 2255 733 2292 videntur.
760 2255 970 2292 Hismsms.

172 2315 233 2352 99.
261 2311 332 2341 Nec
349 2306 451 2352 sabla
479 2304 626 2355 huffen]
658 2306 712 2342 Ita
739 2305 1019 2343 emendavimus
1038 2333 1048 2348 ‚
1076 2317 1162 2343 cum

123 2354 295 2393 haetenus
321 2367 452 2393 omnes
489 2356 635 2394 codices
667 2356 770 2394 nullo
802 2355 904 2394 sensu
938 2355 1063 2405 tulisses
1098 2357 1164 2393 ha-

123 2404 261 2443 berent.
296 2406 521 2444 Eoua‘rius.
557 2406 706 2456 Fuisfes‚
743 2406 792 2444 est
828 2418 1002 2456 germana
1036 2406 1164 2445 lectio.

126 2456 341 2494 ConANus.
384 2455 493 2494 'Fata
535 2457 661 2507 tuliffet
706 2458 923 2496 Puteaneus.
979 2457 1039 2495 alii
1077 2458 1164 2503 fata

124 2505 238 2595 {1152stss
255 2508 315 2545 vel
336 2507 472 2558 tuliffes.
499 2508 561 2547 sed
581 2509 634 2547 nil
653 2515 772 2546 muto.
800 2507 848 2546 fic
875 2507 973 2557 apud
1007 2508 1164 2546 Statium

196 2570 214 2594 C
243 2587 250 2594 .
277 2571 306 2596 Ι.

176 2611 283 2645 Faaffa
303 2609 407 2646 luant
424 2609 567 2649 Thebae.

129 2656 178 2697 Et
195 2659 256 2697 lib.
273 2672 347 2698 xri.

199 2727 280 2760 Aut
298 2737 375 2761 nece
386 2726 488 2773 fasta
506 2724 614 2763 luent.
767 2724 977 2763 HEINsxus.

135 2795 262 2870 C101.
287 2791 358 2822 Nec
383 2797 444 2823 tua
472 2786 657 2836 maetaffet.
679 2784 695 2836 ]
734 2785 791 2824 Sic
818 2787 1029 2825 Vaticanus.
1055 2785 1168 2823 reete.

172 2846 347 2873 IOFANUS.

188 2896 266 2930 104.
292 2885 365 2922 Fila
377 2896 437 2936 per
452 2888 620 2924 addaffas
634 2888 730 2937 saepe
749 2897 876 2938 recepta
894 2885 1051 2935 manus]
1076 2887 1166 2924 Non

130 2933 271 2972 damno
299 2936 393 2973 hanc
416 2938 630 2976 leetionem.
656 2939 754 2976 Vide
783 2948 933 2982 tamen,
961 2950 1007 2975 ne
1024 2937 1167 2986 scripse-

131 2985 177 3022 rit
200 2984 369 3040 Ovidius.
370 2985 435 3032 fila
454 2989 584 3026 relena.
611 2999 719 3039 auget
738 2989 980 3038 suspicionem
998 2988 1043 3025 de
1061 3000 1167 3025 men-

132 3036 182 3073 do
197 3064 208 3079 ‚
235 3034 338 3083 quod
362 3047 399 3071 m
426 3040 607 3083 nonnullis
639 3041 903 3088 exemplaribus
924 3039 1168 3078 membraneis

132 3098 200 3135 pro
231 3083 340 3134 glossa
367 3084 581 3134 adscriptum
613 3091 661 3128 est
688 3090 836 3130 collena.
855 3093 949 3130 Met.
970 3103 1060 3129 vm.
1087 3101 1170 3140 173,

135 3137 182 3175 de
200 3136 329 3173 eadem
352 3147 389 3171 re
405 3148 413 3171 2

187 3188 315 3242 Janua
333 3196 480 3244 difficilis
490 3197 552 3245 filo
572 3197 613 3244 est
632 3200 777 3240 inventa
793 3205 922 3244 relecto.

135 3255 213 3296 Ubi
233 3258 345 3296 relicto
364 3269 554 3308 perperam
570 3259 795 3301 scribebatur.
813 3267 901 3305 Fast.
920 3281 983 3307 111.
1003 3269 1087 3315 461.

2135 1007 2261 1062 Non

1267 1140 1360 1186 Jam
1381 1140 1471 1177 male
1487 1140 1621 1190 perjuro
1642 1145 1803 1175 mutarat
1825 1135 1960 1184 conjuge
1980 1134 2175 1180 Bacchum,

1319 1194 1421 1240 Qae
1440 1192 1535 1228 dedit
1554 1191 1688 1240 ingrato
1703 1187 1769 1236 fila
1789 1186 1926 1235 legenda
1944 1186 2034 1225 viro.

1218 1250 1277 1291 Sic
1301 1266 1388 1292 vere
1417 1254 1551 1303 optimi
1580 1252 1735 1290 codices.
1762 1249 1900 1299 vulgati
1936 1250 1972 1286 ὅ(
2003 1249 2076 1286 illic
2107 1247 2261 1296 regenda.

1218 1304 1337 1342 ubi&
1361 1305 1539 1354 insignem
1562 1303 1672 1341 Persii
1700 1302 1828 1340 locum
1859 1300 2080 1348 castigamus.
2108 1300 2261 1348 Proper-

1218 1355 1288 1392 tius
1304 1355 1366 1393 lib.
1386 1368 1438 1393 ιν,
1460 1355 1514 1392 El.
1533 1367 1588 1392 iv.

1269 1420 1416 1457 Prodita
1435 1420 1520 1471 quid
1539 1419 1671 1457 mirum
1682 1416 1839 1466 fraterni
1857 1428 1983 1472 cornua
2003 1414 2168 1464 monstri,

1320 1476 1413 1508 Cum
1426 1472 1546 1521 patuit
1565 1471 1646 1508 leeto
1656 1469 1808 1518 stamine
1829 1477 1922 1505 torta
1942 1479 2018 1506 vta.

1218 1535 1350 1568 Funem
1371 1531 1540 1569 anchorae
1558 1531 1672 1582 legere.
1691 1532 1777 1569 Val.
1797 1531 1893 1569 Flac.
1917 1544 1948 1570 Ι.

1270 1601 1379 1631 Prora
1393 1596 1519 1642 funem
1539 1595 1618 1644 legit
1639 1600 1758 1645 Argus
1773 1594 1817 1632 ab
1834 1594 1925 1634 alta.

1220 1661 1350 1712 virgil.
1371 1663 1432 1700 lib.
1454 1675 1489 1700 x.
1506 1661 1592 1709 814.

1635 1726 1872 1770 Extremaque
1888 1719 1998 1768 Lausb

1269 1776 1399 1808 Parcae
1411 1771 1480 1820 fila
1502 1772 1632 1821 legunt.

1217 1836 1308 1875 Hoc
1344 1838 1394 1875 est
1413 1866 1423 1882 ,
1465 1839 1644 1887 colligunt
1663 1865 1674 1881 ‚
1719 1842 1760 1873 ut
1808 1834 1952 1872 Servius
1999 1819 2266 1880 interpretatur,

1218 1888 1336 1937 Quod
1356 1889 1548 1928 Ennodius
1570 1890 1609 1928 in
1631 1888 1908 1938 Epigrammate
1930 1883 1979 1922 est
1996 1883 2179 1921 imitatus:

1266 1947 1344 1985 Fila
1365 1950 1479 1999 legant
1497 1956 1649 1994 Parcae,
1678 1940 1956 1999 quae‘dederant
1976 1943 2118 1994 miseris.

1217 2005 1377 2042 Stamina
1401 2006 1501 2054 legere
1520 2005 1743 2043 Claudianus
1764 2003 1971 2041 Phoenice:

1270 2061 1351 2091 Non
1362 2055 1520 2102 stamina
1538 2062 1692 2100 Parcae,
1719 2054 1758 2091 in
1777 2064 1810 2091 te
1826 2053 1916 2090 dura
1937 2051 2068 2101 legunt.

1218 2104 1348 2144 Senec.
1371 2107 1485 2144 Herc.
1504 2108 1591 2144 Oet.

1268 2156 1360 2200 Jam
1381 2157 1540 2194 dominae
1558 2155 1699 2206 captiva
1718 2154 1800 2192 colos
1808 2153 1970 2204 ficsbsque
1988 2152 2111 2201 legam.

1219 2206 1279 2245 Sic
1299 2206 1434 2244 collecta
1445 2207 1513 2254 fila
1532 2209 1669 2245 Seneca
1686 2205 1900 2255 Hippolyto
1917 2233 1927 2250 ‚
1949 2204 1995 2241 de
2016 2202 2185 2240 Theseo:

1295 2262 1343 2294 Et
1363 2257 1462 2306 longa
1480 2271 1591 2295 curva
1602 2257 1669 2303 fila
1689 2256 1818 2305 collegit
1836 2255 1913 2292 via.
1966 2255 2175 2292 Heiusms.

1274 2308 1356 2346 106.
1382 2309 1522 2345 Stravit
1538 2307 1727 2358 humum]
1751 2308 1809 2345 Sic
1826 2306 1917 2344 boni
1932 2305 2023 2343 libri.
2048 2303 2263 2339 ConANus.

1219 2360 1448 2408 Quanquam
1477 2360 1516 2397 in
1544 2359 1652 2397 MSS.
1678 2366 1785 2396 notet
1807 2358 1984 2396 Gruterus
2002 2355 2097 2409 legi3
2125 2359 2265 2388 Strata-

1219 2424 1283 2459 que
1312 2415 1497 2447 Cretaeam
1529 2409 1643 2446 bellua
1663 2409 1773 2446 tinxit
1794 2408 1942 2444 humum
1963 2421 1972 2449 ;
2010 2403 2113 2460 nobis
2135 2411 2262 2440 tamen

1219 2460 1389 2498 nondum
1418 2460 1581 2509 displicet
1607 2462 1699 2497 haee
1725 2459 1850 2497 lectio.
1878 2456 1981 2505 Quid
2011 2458 2051 2490 sit
2074 2453 2262 2502 pondere,

1220 2519 1283 2548 aut
1302 2512 1427 2555 mole,
1453 2519 1516 2548 aut
1545 2510 1709 2547 cadendo
1724 2536 1734 2552 ‚
1752 2509 1900 2554 sternere
1925 2506 2098 2548 humum,
2124 2510 2264 2558 norunt

1220 2562 1286 2610 qui
1306 2562 1437 2598 Poetas
1455 2560 1637 2598 viderunt.
1665 2560 1766 2596 DAN.
1790 2558 2002 2594 Hnmsxus.
2032 2555 2092 2590 An
2109 2555 2183 2590 hoc
2204 2552 2262 2589 di-

1222 2611 1547 2660 etum‚quomodo
1561 2609 1718 2648 Auctori
1738 2608 1920 2645 Carminis
1938 2607 1976 2644 in
1996 2605 2140 2643 obitum
2153 2604 2262 2641 Mae-

1224 2663 1361 2700 cenatis
1378 2675 1385 2699 :

1274 2713 1439 2750 Vmorem
1456 2711 1570 2748 vibius
1587 2718 1732 2748 metuat.
1759 2717 1870 2745 metus
1889 2707 2027 2757 imperet
2045 2704 2110 2743 illi.

1323 2762 1485 2800 Membra
1506 2775 1562 2799 nec
1583 2762 1621 2798 in
1633 2761 1747 2808 strata
1760 2760 1907 2808 sternere
1923 2758 2030 2807 discat
2047 2757 2180 2793 humo?

1222 2813 1294 2852 Sed
1322 2826 1407 2852 cum
1428 2815 1630 2851 Puteaneus
1650 2814 1688 2849 &
1710 2811 1770 2848 alii
1792 2810 1963 2848 nonnulli
1982 2821 2027 2846 ex
2048 2805 2260 2845 melioribus

1220 2865 1416 2914 agnoscant
1436 2864 1591 2911 stravit,
1619 2863 1753 2911 opinor
1778 2860 2023 2911 castigandum
2041 2857 2265 2914 lavit-‚san-

1221 2917 1332 2965 guine
1359 2916 1549 2952 nimirum.
1586 2913 1707 2951 Tinxit
1732 2912 1882 2949 humum
1911 2911 2017 2949 multi
2047 2922 2091 2946 ex
2118 2912 2263 2955 scriptis.

1221 2979 1300 3004 non
1329 2966 1425 3003 male
1447 2993 1458 3010 ,
1493 2972 1534 3002 ut
1571 2965 1740 3002 Schottus
1772 2963 1811 3000 in
1845 2963 1913 3000 suis
1939 2961 2090 3014 invenit·
2107 2959 2166 2995 lib.
2203 2968 2261 2993 11,

1224 3017 1378 3054 Observ.
1398 3028 1428 3054 c.
1450 3028 1538 3053 Lux.
1559 3014 1624 3052 nisi
1641 3013 1780 3064 planxit
1800 3015 1914 3051 malis.
1934 3014 1998 3060 Ep.
2016 3008 2130 3048 Pax-id.
2153 3018 2234 3055 334.

1276 3067 1450 3118 Caesaque
1464 3066 1692 3116 sanguineam
1713 3065 1861 3101 viffima
1876 3064 2013 3114 planget
2030 3060 2190 3095 humum.

1224 3118 1322 3156 Met.
1342 3131 1406 3155 111.
1431 3129 1510 3166 ης.
1530 3117 1575 3154 de
1594 3117 1826 3164 Terrigenis:

1278 3169 1509 3217 Sanguineam
1526 3166 1651 3216 trepido
1662 3165 1872 3215 plangebant
1884 3164 2009 3211 pectore
2028 3168 2190 3196 matrem,

1226 3220 1287 3258 De
1310 3232 1386 3269 quo
1402 3218 1580 3268 loquendi
1605 3217 1721 3253 modo
1741 3216 1834 3252 alibi.
1856 3213 1942 3250 Fast.
1965 3224 1993 3247 1.
2019 3211 2102 3257 578.

1278 3275 1323 3308 Et
1345 3270 1416 3306 lato
1432 3269 1577 3307 moriens
1591 3270 1718 3317 petiere
1731 3263 1867 3315 plangit
1881 3262 2045 3299 humum,
2191 3311 2223 3345 b
2262 3314 2264 3316 Ι

2232 3321 2268 3351 bi
