2553 3676
627 184 1278 274 HEROIDES.
1353 220 1463 253 ΕΡ.
1538 219 1661 257 x1v.

2092 225 2179 274 191

355 293 519 348 Mane
542 297 675 339 erat:
715 282 770 335 ἅ
793 282 1005 335 Danaus
1030 298 1256 351 generos
1279 299 1348 335 ex
1369 283 1534 336 caede
1554 285 1785 355 jacentes

250 366 315 420 80

423 362 752 415 Dinumerat.
792 354 1038 408 Summae
1063 354 1297 407 criminis
1320 372 1456 408 unus
1482 355 1621 411 abes.

354 434 476 488 Fert
499 429 632 482 male
657 439 913 497 cognatae
932 424 1183 496 jacturam
1208 426 1396 478 mortis
1420 426 1475 478 in
1499 446 1636 492 uno;

420 501 491 556 Et
515 499 756 571 queritur
781 497 902 554 fasti
925 498 1184 569 1anguinis
1211 496 1313 550 effe
1335 515 1536 569 parum.

347 573 636 629 Abstrahor
661 590 688 624 a
711 572 889 642 patriis
909 570 1160 643 pedibus3
1203 582 1512 642 raptamque
1537 572 1731 642 capillis

421 643 612 715 (Haec
638 644 832 709 meruit
857 644 1020 715 pietas
1042 642 1307 713 praemia)
1335 660 1516 696 carcer
1540 644 1712 698 habet.

242 717 268 770 8
277 737 304 785 5
344 717 554 772 Scilicet
580 734 648 769 ex
672 717 762 769 illo
781 715 1012 785 junonia
1034 728 1308 785 permanet
1334 715 1438 777 i1·a;

421 791 549 860 Quo
576 788 670 842 bos
693 806 763 842 ex
786 788 1002 841 homine
1028 785 1128 851 est,
1167 806 1236 841 ex
1258 787 1396 841 bove
1420 787 1553 841 facia
1577 787 1709 841 Dea.

346 864 422 917 At
446 863 562 915 satis
588 859 662 914 est
684 878 888 932 poenae
913 874 1149 913 teneram
1174 859 1393 929 mugiss'e
1416 861 1666 930 puellam:

418 934 535 987 Nec
549 974 564 996 ‚
602 933 768 986 modo
793 933 1079 986 formosam
1092 972 1106 995 ‚

1143 931 1287 1004 polle
1311 934 1520 1003 placere
1537 931 1676 1000 Jovi.

346 1005 567 1060 Adstitit
591 1006 646 1058 in
669 1006 779 1086 ripa
803 1005 990 1078 liquidi
1018 1022 1156 1057 nova
1180 1023 1338 1057 vacca
1360 1004 1588 1075 parentis
1603 1043 1618 1065 ,

240 1097 307 1148 90

59 1288 184 1328 Senec.
201 1288 363 1326 Hercule
382 1290 539 1327 Oetaeo.
558 1301 593 1327 V.
615 1288 699 1327 860.

354 1340 537 1390 Qudquid
555 1340 593 1376 in
614 1350 759 1377 mortem
778 1338 893 1377 trahit

112 1389 183 1426 Teli
201 1389 336 1425 abunde
354 1392 406 1438 est.

60 1439 114 1478 Ita
132 1440 244 1477 scribo
259 1468 268 1484 ‚
290 1453 365 1477 non
386 1440 504 1478 telum.
530 1440 712 1479 Phaedrus
728 1442 789 1480 lib.
812 1453 874 1480 111.
890 1441 948 1488 46.

108 1511 168 1517 —
195 1491 288 1527 Unde
299 1491 409 1539 jecisti
428 1502 570 1528 tantum
591 1493 728 1541 corporis
742 1502 757 1531 ἓ
875 1490 877 1503 ¹

58 1540 147 1578 Hoc
173 1542 221 1578 est
248 1541 345 1579 unde
369 1551 445 1579 tam
473 1542 599 1579 obesus
630 1542 743 1579 faetus
773 1542 845 1581 es?
880 1543 1092 1579 HmNsxus.

59 1591 186 1628 Livius
205 1591 280 1627 libr.
303 1604 356 1628 11.
377 1603 452 1640 cap.
473 1603 532 1639 30.
556 1591 705 1641 Plusque
730 1593 776 1628 ibi
787 1593 990 1641 sanguinis,
1012 1601 1092 1639 pro-

59 1641 190 1687 miscua
216 1642 372 1677 omnium
399 1641 495 1677 caede
516 1669 526 1685 ‚
569 1654 677 1691 quam
704 1641 742 1677 in
770 1642 839 1690 ipsa
871 1641 1092 1676 dimicatione

49 1691 204 1736 saelum.
234 1692 271 1727 &
298 1691 356 1728 lib.
378 1704 427 1727 1x.
446 1703 476 1728 c.
506 1703 559 1740 13.
579 1697 745 1727 Romanos
764 1704 818 1727 tra
837 1692 953 1727 eadem
970 1720 979 1734 ‚
1006 1703 1093 1741 quae

49 1748 113 1788 per
132 1740 282 1776 mediam
302 1742 408 1777 aciem
426 1741 569 1788 hostium
589 1741 738 1785 tulerat3
768 1753 811 1781 ω’
833 1742 870 1778 in
898 1741 1004 1788 castra
1015 1750 1093 1790 pcr-

0 1790 1 1826 l
57 1788 152 1825 tulit.
182 1789 297 1839 Ibique
309 1790 389 1839 plus
402 1818 412 1834 ,
433 1804 541 1840 quam
559 1792 597 1826 in
617 1792 708 1834 acie,
721 1792 903 1840 sanguinis
923 1804 963 1827 ac
984 1791 1095 1827 caedis

49 1838 201 1886 saelum.
227 1840 303 1876 libr.
332 1852 442 1876 XXXV.
478 1853 533 1886 51.
561 1840 651 1875 Bello
672 1841 725 1875 ita
745 1842 932 1889 commisso,
960 1852 999 1877 ut
1010 1842 1094 1888 stri-

59 1891 125 1925 cios
143 1888 274 1937 gladios
289 1917 299 1933 ,
334 1899 396 1925 aut
410 1889 617 1938 sanguinem
643 1889 944 1948 usquamqfafft'um
963 1890 1096 1939 accdiif-

50 1937 142 1988 sent.
176 1940 224 1977 ita
260 1941 392 1977 Graeci
428 1942 597 1983 πράσσειν
629 1952 732 1984 aiax.
769 1939 933 1988 huripid.
977 1941 1094 1978 Oreit.

64 2001 120 2028 11.
142 2001 200 2038 39.

113 2042 236 2082 Κακῆς
255 2041 440 2085 γυναικὸς,
461 2040 577 2085 ἔπεχ’
599 2035 678 2085 αἷμ’
696 2039 918 2087 ἐπράξαμεν.

60 2089 167 2127 Haec
185 2091 686 2138 satis‚spero,evincent‚non
704 2104 796 2140 opus
819 2089 887 2129 effe
907 2103 990 2129 cum
1012 2093 1094 2130 viro

59 2140 214 2178 Erudito
233 2142 271 2177 in
289 2141 473 2190 Supplem.
496 2141 623 2178 Actor.
644 2142 740 2190 Lips.
758 2151 852 2179 tom.
872 2155 923 2179 vi.
946 2142 1028 2179 sest.
1052 2156 1096 2180 11.

57 2201 94 2239 p.
113 2189 171 2227 80.
187 2191 307 2240 legere
321 2220 330 2235 ,
340 2192 463 2239 fusum
474 2192 658 2239 fiznguinis
677 2191 732 2241 effe
745 2201 885 2241 parum.
912 2192 1095 2230 offendet-

61 2252 110 2277 ne
137 2241 278 2285 statim,
305 2242 330 2278 si
359 2241 447 2290 quid
477 2243 587 2278 rarius
615 2241 755 2279 dietum
781 2242 844 2286 fit,
873 2244 911 2281 &
938 2255 957 2280 a
981 2244 1093 2291 vulgo

60 2300 246 2328 remotum
269 2291 284 2329 ?
328 2293 376 2328 ita
419 2292 686 2340 imperitissimo
725 2294 857 2342 cuique
894 2294 1094 2342 elegantiae

61 2340 213 2379 Latinae
241 2343 395 2391 amplior
422 2351 496 2379 erat
524 2342 689 2380 odiosam
708 2344 882 2380 Criticam
901 2344 1094 2381 exercendi

59 2391 226 2435 facultas,
254 2405 366 2442 quam
396 2404 482 2429 vere
510 2393 669 2431 eruditis.
693 2393 753 2431 sed
772 2396 864 2431 haec
881 2406 979 2432 nunc
999 2394 1095 2432 suffi-

61 2442 166 2479 ciant.
195 2443 452 2480 Bummuuus.

114 2492 174 2541 83.
200 2493 391 2541 Abstrahor
417 2507 439 2528 a
463 2494 588 2547 Eatriis
611 2493 810 2544 manibus]
840 2494 900 2532 Ad
920 2495 1019 2532 hunc
1038 2495 1096 2532 lo-

63 2554 147 2580 cum
160 2545 279 2592 primo
293 2553 420 2581 notam
434 2544 647 2592 asscripserat
660 2546 814 2593 Scaliger
836 2547 898 2581 τοῦ
917 2549 1096 2583 ΛΕΙΠΕΙ.

1 2627 3 2629 ,
63 2592 209 2631 Deinde
230 2596 321 2632 haec
343 2596 473 2639 verba,
500 2607 602 2632 xxvi.
619 2594 776 2644 verficuli
794 2595 998 2644 alienisunt
1017 2596 1098 2632 huic

61 2641 140 2680 loco.
168 2647 340 2692 Quorum
373 2648 509 2694 primus
536 2646 610 2690 est,
635 2645 767 2682 Scilicet
787 2660 828 2683 ex
856 2645 913 2682 illo
934 2647 1096 2692 Junonia

58 2701 234 2741 permanet
257 2696 333 2739 ira,
361 2696 582 2744 postremus,
612 2702 751 2734 Autor?
779 2697 868 2733 dant
896 2697 983 2733 anni
1006 2698 1097 2747 quod

65 2756 188 2789 querar
216 2759 281 2782 ecce
310 2747 386 2783 mei.
424 2749 551 2795 Quem
579 2747 737 2796 sequitur
765 2748 850 2791 itte,
879 2746 973 2783 Bella
997 2757 1097 2796 pater

10 2833 12 2839 Ι
61 2800 268 2847 patruusque
288 2806 421 2845 gerunt.
450 2797 511 2835 Ad
536 2810 648 2847 quem
670 2798 803 2834 iterum
824 2798 923 2835 idem
945 2809 1097 2846 magnus

12 2867 13 2872 ,
71 2854 132 2886 vir,
144 2852 350 2891 notaverat,
376 2847 424 2884 Hi
448 2860 539 2885 vm.
565 2847 683 2896 versus
702 2847 806 2883 alieni
826 2848 905 2883 huic
923 2847 988 2883 loco
998 2850 1098 2896 sunt.

12 2899 13 2917 ³
66 2892 112 2928 ab
133 2903 180 2928 eo
200 2905 352 2951 nempe,
379 2910 491 2946 quem
510 2898 695 2947 postremo
715 2898 815 2941 dixi,
842 2898 887 2935 ad
907 2910 1015 2942 eum,
1043 2903 1098 2933 En

69 2955 123 2990 ego
152 2943 240 2991 quod
271 2945 378 2982 vivis.
425 2949 601 2987 Ceterum
622 2977 633 2993 ,
681 2958 721 2985 ut
750 2949 854 2985 nobis
878 2949 983 2996 plane
1010 2948 1096 2991 ssat,

14 3026 15 3032 ,
69 3002 317 3030 narrationem
347 2995 392 3032 de
417 2997 509 3035 Ione
530 3027 541 3043 ,
575 2999 741 3036 alicunde
770 2999 843 3035 huc
870 2999 1095 3042 transsatam,

13 3065 15 3093 l

69 3051 219 3098 itanon
238 3043 349 3080 video
365 3071 374 3086 ,
401 3057 461 3083 cur
479 3050 663 3087 non1oeto
684 3050 738 3087 isti
756 3050 874 3086 versus
889 3078 899 3093 ,
927 3061 1011 3086 cum
1033 3050 1072 3086 iis
1085 3078 1096 3093 ‚

70 3103 134 3141 qui
155 3095 398 3130 narrationem
425 3098 665 3144 praecedunt,
693 3100 896 3138 commode
923 3100 1098 3150 conjungi

70 3143 214 3192 poffint.
241 3145 330 3181 Hoc
349 3145 464 3181 modo
483 3147 678 3186 nimirum:

124 3193 315 3241 =Abstrahor
329 3207 349 3230 a
361 3194 483 3243 patriis
501 3196 680 3241 manibus,
705 3209 905 3251 raptamque
923 3200 1051 3250 capillis
1065 3229 1078 3248 ‚

174 3248 289 3294 <Haec
309 3245 434 3284 meruit
446 3245 557 3294 pietas
572 3249 754 3298 praemia)
776 3264 885 3290 carcer
902 3251 1016 3292 habet.

416 1077 741 1150 Cornuaque
765 1095 820 1131 in
846 1077 1025 1148 patriis
1049 1094 1161 1131 non
1184 1078 1271 1131 sua
1298 1077 1433 1130 vidit
1457 1075 1630 1148 aquis:

2007 1150 2183 1205 Coria-2

1197 1287 1294 1325 Bella
1307 1296 1404 1336 pater
1416 1285 1629 1336 patruusque
1644 1295 1789 1335 gerunt:
1819 1300 1980 1336 regnoque
2000 1287 2163 1338 domoque

1247 1338 1426 1374 Pellimur.
1455 1338 1575 1386 ejec'las
1597 1337 1742 1373 ultimus
1761 1336 1847 1373 orbis
1865 1338 1979 1375 habet.

1146 1388 1251 1426 DAN.
1280 1389 1489 1425 Haustus.
1526 1387 1681 1435 Scaliger
1706 1387 1824 1424 versus
1853 1388 1998 1436 triginta
2028 1393 2186 1436 quatuor

1146 1439 1234 1477 huic
1256 1439 1342 1476 loco
1371 1439 1508 1475 alienos
1539 1439 1575 1474 &
1596 1436 1667 1475 alio
1689 1437 1899 1474 referendos
1922 1438 2097 1475 censebat.
2128 1435 2188 1473 sed

1148 1490 1281 1527 frustra.
1318 1489 1420 1525 Nihil
1450 1490 1550 1525 enim
1580 1489 1621 1525 iis
1658 1489 1938 1525 convenientius
1967 1496 2028 1525 aut
2059 1487 2188 1534 aptius.

1149 1539 1267 1588 Quod
1286 1548 1325 1576 ut
1345 1540 1459 1586 magis
1479 1540 1638 1587 liqueat,
1667 1540 1840 1576 adeantur
1866 1538 2038 1587 Aeschyli
2059 1535 2188 1573 Ἱκέτι-

1147 1590 1204 1632 δες
1235 1589 1356 1627 similis
1381 1590 1539 1626 omnino
1569 1590 1802 1637 argumenti,
1829 1589 1892 1626 ubi
1923 1590 1962 1625 δε
1990 1596 2068 1626 tota
2096 1588 2189 1624 haec

1148 1640 1208 1677 liis
1237 1640 1355 1677 fabula
1390 1639 1604 1676 recensetur.
1649 1639 1798 1675 Danaus
1832 1649 1968 1685 nempe
1999 1639 2185 1684 Argorum

1148 1691 1230 1727 Rex
1254 1689 1562 1738 Hypermnestrae
1580 1696 1681 1737 pater
1699 1689 1744 1725 ab
1766 1689 1858 1725 Ione
1877 1689 1915 1725 ὃς
1937 1688 2091 1736 Epapho
2113 1688 2189 1725 ori-

1147 1741 1273 1788 ginem
1296 1740 1470 1776 trahebat.
1498 1739 1711 1775 Hfimsrus.

1201 1790 1260 1839 83.
1299 1796 1335 1825 A
1365 1789 1492 1839 patriis
1519 1789 1728 1838 manibus.]
1765 1787 1912 1825 Pedibus
1947 1786 2072 1825 iidem.
2098 1786 2190 1824 Fast.

1155 1852 1209 1878 11.
1239 1841 1258 1877 8
1290 1853 1322 1876 2.

1197 1884 1247 1926 Et
1265 1852 1359 1928 {adit
1374 1890 1413 1927 in
1430 1889 1558 1940 patrios
1570 1887 1835 1939 sanguinolenta
1851 1883 1960 1938 pedes.

1152 1940 1222 1978 Sed
1250 1941 1492 1979 Scriverianus
1520 1942 1559 1978 ὅ(
1585 1939 1794 1978 Hafnienfis
1813 1951 1897 1977 cum
1919 1939 2116 1976 Erfurtano
2137 1937 2191 1975 Iao

1150 1991 1254 2028 ribus.
1282 1991 1330 2029 fic
1347 1991 1535 2028 Remediis
1553 1991 1705 2028 Amoris
1727 2001 1809 2038 237.

1202 2048 1273 2078 Nec
1293 2052 1326 2078 te
1342 2042 1397 2078 lar
1409 2041 1547 2091 patrius
1559 2069 1568 2085 ,
1589 2041 1651 2090 sed
1669 2054 1766 2076 amor
1784 2039 1958 2076 revocabit
1976 2040 2118 2076 amicae.

1151 2091 1393 2139 Symmachus
1423 2091 1620 2129 Ausonio:
1656 2097 1726 2126 Uno
1756 2101 1898 2126 tantum
1920 2089 2014 2139 lapsu
2043 2091 2122 2137 (fas
2139 2087 2190 2138 fit

1151 2141 1282 2188 dicere)
1311 2142 1424 2177 amica
1451 2140 1644 2177 vindicatio
1664 2141 1900 2185 claudicavit,
1928 2140 2017 2190 quod
2034 2153 2190 2176 remune-

1150 2193 1304 2229 randum
1335 2205 1388 2228 me
1417 2191 1457 2227 de
1485 2191 1633 2227 audacia
1655 2191 1822 2240 polliceris
1841 2218 1852 2235 ‚
1887 2190 1945 2227 ubi
1970 2190 2017 2226 ad
2031 2190 2188 2239 patrium

1150 2242 1258 2278 larem
1280 2241 1425 2279 veneris.
1454 2242 1553 2278 Laris
1574 2241 1653 2278 exul
1672 2242 1789 2285 aviti,
1816 2241 1913 2289 apud
1934 2240 2104 2278 Prudent.
2126 2239 2186 2276 lib.

1150 2305 1195 2329 11.
1216 2293 1251 2330 in
1279 2294 1490 2342 Symmach.
1516 2292 1564 2330 fic
1592 2294 1630 2330 &
1657 2292 1772 2329 Patrii
1789 2300 1928 2341 penates
1943 2290 2080 2340 passim.
2109 2290 2190 2333 Lus

1150 2355 1228 2381 can.
1247 2344 1306 2380 lib.
1332 2357 1361 2381 1.
1380 2343 1550 2381 Pellimur
1567 2343 1724 2392 epatriis
1743 2342 1884 2379 laribus.
1913 2344 1950 2381 ὃς
1971 2352 2082 2377 mox:

1356 2394 1461 2430 Haud
1479 2393 1610 2443 patrii,
1638 2392 1760 2430 dubiae
1778 2393 1863 2428 dum
1880 2401 1962 2427 vota
1974 2389 2086 2438 saluti

1204 2444 1425 2493 Conciperent
1439 2473 1448 2488 ,
1461 2457 1595 2481 tenuero
1611 2444 1710 2480 lares.

1151 2495 1238 2532 Vid.
1266 2495 1374 2542 Epist.
1404 2507 1519 2532 xvm.
1551 2497 1608 2542 56.
1641 2503 1751 2539 atque
1781 2493 1829 2529 ita
1858 2491 1982 2539 paffnn
2011 2488 2190 2535 au&01·es.j

1153 2545 1208 2582 Ita
1228 2546 1265 2581 ὅ(
1284 2546 1416 2582 Horat.
1437 2544 1557 2592 Epod.
1574 2555 1653 2580 xvi.
1678 2555 1732 2589 19.

1230 2600 1340 2643 Agros
1359 2604 1463 2644 atque
1483 2594 1569 2629 lares
1583 2592 1713 2642 patrios
1727 2619 1738 2636 ‚
1758 2590 2020 2639 habitandaque
2027 2590 2122 2636 fana

1226 2645 1333 2694 Apris
1351 2644 1503 2695 reliquit.

1204 2696 1263 2733 86.
1289 2700 1345 2733 Ex
1374 2695 1585 2742 boverfaoia
1612 2691 1734 2742 Ded]
1774 2692 1909 2740 Regius
1941 2690 1981 2727 de
2009 2688 2104 2727 bove.
2139 2690 2189 2729 ita

1150 2747 1237 2794 Just.
1264 2758 1336 2784 vn.
1365 2758 1400 2782 2.
1431 2745 1624 2794 Captivum
1652 2744 1691 2779 de
1722 2756 1792 2791 rege
1808 2741 1944 2788 saciari
1965 2740 2190 2779 videbantur.

1152 2798 1248 2834 Flor.
1281 2810 1324 2834 11.
1353 2798 1387 2834 6.
1419 2796 1590 2832 Libertate
1619 2794 1739 2830 donati
1763 2793 1921 2838 fecerant
1949 2791 1990 2827 de
2018 2792 2189 2839 servitute

1154 2854 1331 2883 Romanos.
1360 2848 1398 2883 &
1426 2857 1538 2888 mox,
1567 2844 1719 2880 mediam
1732 2843 1812 2892 jam
1829 2842 1870 2878 de
1896 2842 2003 2879 Italia
2022 2841 2188 2889 Africam

1144 2900 1314 2943 facerent.
1331 2897 1463 2943 Juven.
1484 2907 1556 2931 v11.
1578 2906 1659 2942 197.

1203 2948 1237 2983 Si
1259 2953 1412 2983 Fortuna
1429 2944 1521 2982 volet
1533 2973 1543 2989 ‚
1555 2944 1619 2992 fies
1636 2945 1677 2980 de
1694 2943 1835 2980 Rhetore
1856 2942 1996 2987 Consul.

1152 2997 1241 3034 Vid.
1259 2998 1340 3034 infr.
1365 3010 1395 3034 1.
1415 2997 1548 3033 Amor.
1568 3009 1603 3032 x.
1623 2995 1658 3031 8.
1685 2994 1948 3031 BURMANNus.

1204 3047 1264 3093 87.
1289 3047 1354 3083 Ah
1367 3046 1456 3095 satis
1472 3045 1553 3094 effi]
1581 3044 1855 3083 Praestantiores
1869 3072 1880 3088 ,
1908 3042 2059 3087 At‚inf.
2079 3039 2189 3088 Epist.

1154 3110 1268 3136 xvxix.
1289 3110 1367 3143 141.
1396 3098 1605 3134 Hmusms.

1206 3149 1263 3189 87.
1293 3147 1479 3196 Mugiffiz.]
1511 3146 1648 3195 Magire
1672 3146 1952 3183 Gronovianus,
1981 3139 2082 3189 quod
2107 3150 2190 3178 non

1159 3199 1340 3248 displicet,
1367 3199 1453 3246 quia
1472 3197 1629 3246 sequitur
1642 3196 1732 3246 posse.
1756 3196 2010 3231 Buammnus.

1209 3253 1270 3300 259.
1294 3248 1487 3298 affinia]
1515 3247 1675 3295 Constitit
1692 3243 1964 3292 Gronovianus.
2145 3293 2177 3327 Ε

1208 3298 1215 3301 “
2056 3303 2120 3345 91.
2177 3296 2196 3336 3,
