2553 3676
219 212 246 266 8
257 229 324 277 04

547 200 696 258 AD
768 194 1234 257 LIVIAM
1307 196 2035 260 AUGUSTAW

511 291 727 366 Raptus
755 291 811 346 &
836 289 1064 354 absenti,
1103 287 1236 343 dum
1258 298 1314 343 te
1338 288 1451 346 fera
1477 289 1610 345 bella
1634 302 1940 358 morantur,

374 380 475 419 100

585 364 786 420 Utilior
813 363 1038 437 patriae,
1076 379 1239 436 quam
1262 361 1389 425 tibi,
1426 363 1629 426 Druse,
1653 378 1792 420 tuae.

518 439 807 511 Liquitur3
847 448 908 490 ut
931 439 1235 510 quondam,
1278 434 1542 506 Zephyris
1568 437 1623 489 ὅς
1649 438 1839 494 solibus
1874 438 2017 494 ielae

595 512 887 565 Solvuntur
913 522 1128 564 tenerae
1150 553 1161 570 ‚
1202 524 1328 560 vere
1356 520 1605 577 tepente,
1643 511 1806 566 nives.

508 582 601 638 Te
626 584 897 656 queritur,
934 581 1185 651 casusque
1213 579 1408 637 malos,
1443 578 1697 650 irrisaque
1724 585 1878 649 taleS,
1916 585 1943 609 *

592 655 932 728 Accusatque
956 670 1120 706 annos
1141 690 1157 714 ,
1196 663 1255 704 ut
1281 649 1727 714 diuturna,.1u03.

376 747 473 798 105
510 727 661 784 Talis
685 730 741 783 in
764 725 1048 788 umbrosis,
1087 723 1229 777 mitis
1253 741 1396 778 nunc
1424 722 1660 796 denique
1683 764 1699 788 ,
1738 725 1873 781 silvis

595 802 782 856 Deflet
808 798 1134 853 Threicium
1161 796 1378 851 Daulias
1402 797 1507 850 ales
1534 797 1679 868 Ityn:

522 873 873 936 Halcyonum
897 872 1023 925 tales
1048 869 1267 924 ventosa
1290 886 1386 940 per
1413 887 1645 942 aequora
1670 870 1882 943 questus

596 939 687 1000 Ad
718 945 898 1000 surdas
925 944 1074 998 tenui
1100 960 1236 995 voce
1261 941 1512 996 sonantur
1536 960 1710 1015 aquas,

523 1017 611 1073 Sic
634 1018 871 1092 plumosa
894 1017 1046 1070 novis
1070 1015 1381 1096 plangentes
1405 1014 1622 1087 penora
1650 1018 1855 1088 pennis

381 1111 480 1149 110

594 1091 848 1146 Oeniden
871 1090 1071 1144 subitae
1097 1088 1437 1143 concmuistis
1462 1106 1596 1143 aveS.

526 1165 613 1220 Sic
639 1163 789 1218 flevit
827 1161 1117 1233 Clymene:
1159 1160 1227 1214 sie
1254 1160 1309 1213 &
1335 1161 1747 1233 Clymene'i‘deffi
1786 1163 1890 1219 alte

597 1236 742 1292 Cum
762 1236 969 1311 juvenis
995 1233 1177 1311 patriis
1206 1234 1410 1290 excidit
1434 1233 1567 1291 ictus
1595 1237 1762 1311 equis

234 1442 367 1484 Claud.
393 1442 476 1482 bell.
502 1441 587 1480 Get.
619 1452 679 1492 33;
713 1452 781 1490 pro
805 1440 897 1489 caesa
926 1443 1096 1479 Getarum
1118 1439 1287 1489 agmina,

234 1497 277 1534 in
297 1495 443 1533 vetusto
467 1492 610 1532 Heinfii
644 1492 772 1530 codice
792 1492 979 1540 legebatur
993 1519 1003 1536 ‚
1021 1505 1129 1530 caeca.
1156 1493 1288 1530 BURM.

293 1558 374 1584 101.
405 1544 537 1594 Iotae]
569 1542 657 1581 Vid.
675 1542 720 1580 ad
740 1555 802 1580 111.
822 1542 913 1580 Fast.
932 1543 1016 1591 236.

292 1607 376 1644 103.
405 1602 448 1632 Te
466 1595 644 1645 queritur,
673 1593 832 1643 casusque
850 1593 959 1630 malos
972 1621 982 1637 ‚
994 1592 1162 1643 irrisaque
1172 1593 1288 1644 tales.]

236 1647 365 1685 Locus
386 1647 487 1684 haud
509 1643 621 1684 dubie
641 1653 831 1693 corruptus
851 1645 889 1683 δε
920 1643 1130 1683 mendosus.
1186 1646 1289 1694 Quid

236 1699 340 1736 enim
359 1696 423 1734 fibi
443 1697 576 1735 volunt
595 1696 704 1733 verba
724 1696 815 1733 haec
829 1724 840 1741 ,
879 1694 1049 1745 larisaque
1071 1695 1183 1735 tales?
1212 1698 1292 1734 Ne-

236 1759 313 1798 que
342 1747 454 1786 video
486 1759 563 1796 quo
589 1746 699 1796 paeto
734 1747 866 1795 corrigi
896 1746 1027 1795 poffit,
1064 1747 1130 1784 nisi
1151 1748 1290 1786 auxilio

238 1798 447 1836 vetustioris
467 1798 616 1847 alicujus
627 1797 798 1846 exempli.
824 1798 1291 1836 M1cntus.1-1aecetiam

236 1849 353 1888 foede
374 1857 542 1898 corrupta
562 1848 655 1887 sunt,
711 1847 939 1886 Combianus
959 1848 1069 1894 liber,
1104 1849 1209 1899 quod
1236 1850 1294 1888 in-

235 1900 514 1949 terpolatricem
534 1910 688 1937 manum
714 1898 823 1947 sapit:

240 2001 266 2041 S
292 1956 337 1987 Te
359 1950 539 2001 queritur,
567 1949 727 2001 casusque
743 1950 850 1987 etiam
870 1949 983 2001 derisa
998 1950 1189 2001 malignos,

270 2002 390 2040 cribe:
654 2015 659 2021 ·

293 2058 338 2090 Te
359 2052 517 2102 queritur
535 2052 694 2103 casusque
711 2053 839 2098 malos,
867 2052 1035 2104 irrisaqzie
1057 2062 1154 2091 vota.

239 2104 352 2142 Duae
372 2104 576 2152 postremae
597 2103 749 2152 syllabae
769 2107 804 2141 in
823 2105 989 2153 irrisaqzie
1006 2106 1168 2153 priorem
1189 2104 1295 2154 sylla-

241 2154 329 2193 bam
350 2154 563 2193 absorbuere
588 2155 758 2192 vocabuli
775 2155 957 2204 sequentis
974 2165 1071 2191 vota.
1100 2156 1224 2205 itaque
1245 2168 1293 2193 ex

243 2215 306 2249 ta,
334 2217 383 2242 ne
407 2204 649 2248 claudicaret,
678 2206 843 2243 fecerunt
862 2205 959 2243 tales.
1008 2206 1196 2244 Gisbertus
1217 2208 1294 2245 Cu-

239 2268 348 2305 perus
362 2283 371 2300 ‚
400 2257 456 2294 vir
468 2254 699 2304 politiffimus
716 2255 777 2293 lib.
797 2268 850 2293 iv.
871 2257 997 2294 Obser.
1011 2269 1044 2306 3.
1072 2257 1297 2306 reponebat,

241 2307 412 2355 irrisaque
441 2305 547 2344 tabet.
586 2307 800 2344 HE1N81US.
839 2308 915 2345 Hic
945 2309 1078 2345 iterum
1097 2310 1297 2347 temerario

243 2358 331 2395 ausu
353 2357 544 2401 Gorallus,
579 2357 773 2406 postquam
794 2358 951 2395 fabulam
970 2359 1102 2397 leetori
1124 2372 1296 2397 narrave-

241 2418 321 2453 rat„
349 2420 426 2458 quo
449 2407 558 2457 paeto
577 2408 708 2445 librarii
730 2407 929 2456 potuiffent
947 2410 1046 2447 hunc
1065 2410 1191 2447 locum
1215 2423 1296 2448 cor-

240 2471 439 2507 rumpere,
468 2459 656 2496 elumbem
687 2459 725 2495 &
753 2459 925 2507 frigidum
941 2486 952 2504 ,
986 2468 1024 2497 ut
1044 2460 1116 2507 ipse
1139 2462 1295 2503 fatetur,

240 2510 386 2548 versum
409 2509 515 2547 nobis
534 2509 659 2555 cudit,
688 2509 1098 2549 &audaciaincredibili
1118 2511 1156 2548 in
1177 2511 1295 2559 ipsum

245 2569 463 2599 contextum
491 2561 642 2605 recipit:

299 2617 343 2647 Te
362 2612 519 2662 queritur
548 2605 708 2662 casusque
730 2611 839 2649 malos
857 2622 963 2663 atque
979 2611 1146 2650 exitiales.

247 2661 285 2697 O
310 2662 466 2700 Criticae
484 2662 719 2700 admirandae
736 2663 920 2711 specimen
936 2692 944 2706 ‚
957 2664 995 2700 ὃς
1017 2663 1157 2701 scabrae
1171 2675 1295 2701 emen-

247 2711 405 2748 dationis
434 2714 587 2750 unicnm
619 2714 697 2762 post
732 2715 853 2752 literas
886 2722 1025 2751 renatas
1057 2715 1296 2763 exemplum!

247 2763 345 2810 Quis
366 2763 464 2799 enim
479 2791 489 2806 ,
517 2765 674 2812 quaeso,
704 2765 951 2813 elegiacorum
964 2765 1164 2802 Poetarum
1178 2793 1188 2808 ‚
1218 2766 1300 2802 Au-

246 2812 362 2860 gustei
382 2815 461 2850 aevi
477 2840 487 2857 ,
502 2815 641 2851 veiliim
660 2815 821 2864 aliquem
845 2817 881 2853 in
895 2817 1061 2865 quinque
1082 2815 1300 2864 syllabarum

245 2875 386 2900 vocem
415 2872 613 2900 exeuntem
635 2866 721 2902 fecit
742 2866 757 2903 ?
796 2866 821 2903 si
843 2866 975 2904 Bartliii
996 2874 1101 2904 notas
1123 2866 1168 2904 ad
1191 2866 1303 2904 Clau·

246 2913 348 2952 diani
371 2927 422 2951 iv.
456 2913 566 2952 Cons.
590 2915 738 2952 Honor.
762 2919 843 2964 365.
872 2915 1030 2966 legiffet,
1065 2917 1302 2954 sanctissimos

246 2975 349 3002 vates
370 2965 414 3001 ab
436 2965 505 3001 hac
537 2965 697 3002 scabritie
725 2967 890 3014 religiose
918 2967 980 3003 libi
1007 2965 1137 3005 caviffe
1166 2968 1301 3005 discere

246 3014 431 3063 potuisset.
458 3015 522 3064 qui
541 3015 634 3052 duos
659 3017 775 3053 modo
796 3017 828 3053 se
842 3016 1032 3065 repperiffe
1053 3018 1165 3061 dicim
1186 3030 1302 3056 unum

247 3068 287 3104 in
310 3066 467 3104 sidonio
485 3094 494 3110 ‚
528 3066 647 3103 ferreo
669 3067 784 3103 l'o'e'ta
804 3080 812 3103 :

302 3115 620 3153 Jnizmnerabilibus
639 3116 822 3165 legionibus
843 3117 1104 3167 imperitabant.

250 3170 380 3214 Quem
408 3168 467 3205 ille
496 3176 621 3205 tamen
649 3179 694 3204 ex
727 3169 888 3205 Horatio
916 3169 974 3206 lib.
1011 3181 1040 3205 1.
1079 3170 1151 3207 Sat.
1181 3182 1235 3206 vx.
1276 3182 1310 3216 4.

2243 1314 2391 1372 Con-

1343 1447 1440 1479 runt.
1467 1439 1618 1479 alterum
1643 1441 1819 1491 produxit
1837 1453 1881 1481 ex
1893 1441 2063 1491 juvenco
2078 1450 2135 1489 ,at
2156 1455 2232 1495 quo
2248 1444 2392 1484 Po'e'ta!

1396 1492 1667 1540 Luxuriofhrum
1689 1494 1856 1531 convivia
1876 1494 2167 1532 concelebrabunt.

1345 1541 1415 1580 Sed
1434 1542 1507 1591 ipse
1528 1543 1725 1593 Virgilius,
1748 1553 1810 1582 aut
1830 1546 1999 1595 aequales
2022 1546 2071 1584 illi
2101 1547 2238 1584 Poetae
2252 1575 2262 1592 ‚
2281 1547 2394 1585 etiam

1347 1593 1385 1630 in
1405 1593 1576 1632 Heroico
1597 1596 1759 1633 carmine
1781 1595 1824 1633 ab
1843 1597 1898 1634 his
1917 1596 2160 1634 abstinuerant
2173 1625 2184 1641 ‚
2206 1598 2270 1647 qui
2287 1598 2398 1646 spon-

1347 1643 1472 1682 daicos
1506 1645 1626 1684 versus
1656 1646 1701 1684 ad
1730 1647 1917 1685 summum
1949 1647 1985 1684 in
2013 1647 2273 1697 quadrisyllaba
2298 1649 2397 1686 exire

1346 1695 1586 1743 patiebantur.
1613 1697 1700 1735 vide
1722 1696 1825 1735 Voss‘.
1846 1698 1906 1735 lib.
1928 1710 1990 1735 111.
2021 1698 2129 1736 Poe‘t.
2151 1698 2235 1737 Inst.
2256 1711 2334 1748 cap.
2362 1710 2398 1745 7.

1344 1747 1409 1794 qui
1427 1747 1465 1784 in
1486 1758 1565 1796 cap.
1592 1760 1644 1785 xi.
1672 1748 1735 1786 ubi
1766 1748 1812 1786 de
1833 1749 2008 1798 Elegiaco
2029 1749 2190 1787 carmine
2217 1751 2314 1798 agit,
2342 1751 2400 1788 ni-

1345 1797 1397 1834 hil
1414 1796 1532 1836 simile
1552 1798 1757 1847 producere
1778 1801 1912 1848 potuit.
1955 1799 2104 1838 Sacrum
2125 1812 2212 1849 ergo
2242 1801 2281 1838 ὅ(
2297 1800 2402 1838 dete-

1346 1847 1508 1886 stabilem
1537 1849 1681 1888 versum
1710 1851 1849 1888 faciunt
1868 1851 1948 1895 illa,
1976 1861 2082 1900 atque
2101 1851 2268 1889 exitiales.
2296 1863 2401 1900 prae-

1348 1906 1448 1937 terea
1470 1899 1666 1939 Heinfium
1686 1899 1835 1940 edidisse
1856 1902 2007 1952 erisaque
2031 1910 2137 1940 notat
2152 1930 2162 1945 ‚
2191 1902 2292 1951 cujus
2322 1902 2402 1940 edi-

1350 1950 1407 1987 tio
1444 1957 1594 1996 tamen,
1626 1952 1737 2001 (nam
1770 1964 1896 1989 veram
1926 1952 2070 1990 Hein-fii
2095 1952 2201 2002 ipfius
2232 1952 2400 2001 auspiciis

1351 2000 1487 2039 editam
1509 2014 1718 2052 numquam
1732 2031 1740 2044 ,
1768 2003 1829 2041 sed
1851 2003 2000 2041 solama
2022 2003 2250 2052 Cnippingio
2272 2004 2403 2052 depra-

1349 2059 1473 2090 vatam
1487 2051 1614 2091 vidisse
1636 2055 1751 2102 puto)
1781 2053 1932 2098 habeat,
1949 2053 2277 2105 irrisaque:notam
2289 2056 2402 2092 etiam

1349 2103 1495 2141 Heinfii
1528 2103 1574 2142 ad
1603 2104 1703 2143 hunc
1729 2105 1856 2142 locum
1886 2104 2042 2150 omisit,
2075 2106 2161 2155 quia
2188 2105 2403 2154 Cnippingii

1347 2153 1519 2203 supinitas
1540 2155 1652 2193 oblita
1675 2164 1750 2193 erat
1767 2155 1912 2193 Heinfii
1933 2167 2076 2193 nomen
2096 2164 2207 2194 notae
2238 2156 2404 2204 adpone-

1353 2216 1403 2242 re.
1438 2205 1571 2243 deinde
1600 2206 1828 2244 Thrasonica
1858 2209 2064 2256 arrogantia
2091 2206 2264 2256 subjicit,
2302 2207 2404 2243 donec

1354 2255 1477 2293 melius
1499 2256 1699 2306 quidquam
1720 2257 1908 2306 afferatur,
1937 2258 2029 2294 hanc
2055 2257 2328 2294 emendationem
2351 2270 2405 2293 re-

1354 2306 1560 2350 tinebimus;
1590 2308 1690 2356 quasi
1711 2308 1790 2356 jam
1812 2320 1890 2346 non
1912 2309 2041 2345 melius
2062 2308 2222 2344 adlatum
2256 2306 2342 2345 effet
2360 2307 2405 2344 ab

1355 2357 1593 2405 Ampliffimo
1615 2358 1787 2406 Cupero,
1817 2360 1918 2406 cujus
1947 2358 2160 2395 emendatio
2181 2358 2286 2395 molli
2314 2358 2417 2405 pede,

1349 2407 1585 2446 incedentem
1609 2409 1750 2446 versum
1775 2409 1933 2446 exhibet.
1963 2409 2100 2456 Cuperi
2114 2420 2204 2446 vero
2226 2409 2407 2446 Observa-

1350 2458 1471 2495 tiones
1503 2457 1625 2508 legiffe
1654 2459 1841 2497 Clericum
1870 2467 2017 2509 apparet
2046 2471 2091 2495 ex
2124 2467 2221 2496 notis
2249 2459 2294 2498 ad
2313 2471 2406 2497 versv.

1356 2510 1440 2557 236.
1488 2509 1548 2547 ubi
1578 2510 1881 2547 emendationem
1919 2509 2009 2547 Viro
2043 2509 2167 2546 Illustri
2199 2509 2404 2550 suffuratur.

1358 2560 1588 2608 Grangraeus
1615 2572 1769 2610 quoque
1800 2560 1845 2598 ad
1871 2560 2056 2606 Juvenah's
2089 2560 2160 2598 Sat.
2190 2573 2224 2598 x.
2244 2560 2302 2605 jis,
2320 2572 2405 2610 251.

1357 2611 1443 2648 citat
1467 2612 1731 2650 huncversum
1751 2612 1826 2649 hoc
1853 2611 1993 2649 modo:

1406 2679 1450 2711 Te
1471 2674 1629 2723 queritur
1650 2676 1808 2725 casusque
1826 2674 1934 2711 malos
1948 2704 1958 2720 ‚
1984 2674 2170 2725 invisaque
2179 2676 2277 2721 fata.

1356 2738 1426 2776 Sed
1454 2750 1500 2775 an
1531 2749 1575 2775 ex
1604 2739 1837 2787 conjectura.
1877 2749 1923 2774 an
1955 2749 1999 2773 ex
2029 2737 2158 2775 codice
2182 2738 2307 2787 aliquo
2326 2747 2407 2774 non

1355 2789 1464 2826 addit.
1475 2789 1683 2826 Roverium
1698 2787 1860 2826 maluisse
1875 2817 1884 2831 ‚
1898 2787 2068 2838 irrisaque
2079 2788 2225 2833 clamat,
2237 2786 2410 2826 Heinsius

1355 2840 1513 2877 notavit.
1533 2839 1705 2877 Francius
1728 2839 1946 2877 violentiori
1972 2839 2157 2877 medicina
2173 2839 2357 2877 tentabat:

1409 2908 1453 2939 Te
1471 2904 1630 2953 queritur
1648 2903 1806 2954 casusque
1825 2913 1900 2939 tuos
1920 2902 2017 2938 luftu
2036 2902 2158 2939 obruta
2180 2913 2306 2941 mater.

1360 2968 1443 3006 Nos
1470 2967 1719 3014 exspetamus
1749 2968 1944 3005 meliorem
1973 2966 2198 3005 medicinam
2215 2995 2225 3012 ,
2255 2968 2292 3004 δε
2313 2966 2410 3004 mol*

1358 3019 1492 3056 liorem
1523 3019 1747 3056 Goralliana.
1782 3018 1840 3055 ille
1871 3025 1995 3055 tamen
2018 3046 2028 3061 ,
2057 3018 2194 3063 credo,
2233 3017 2258 3055 si
2292 3017 2411 3054 versus

1358 3070 1496 3106 faceret
1529 3069 1653 3118 lingua
1688 3069 1907 3112 vernacula,
1948 3068 2151 3106 Clementis
2186 3069 2326 3106 Maroti
2348 3079 2415 3105 ve-

1359 3131 1446 3156 nam
1479 3122 1701 3167 exprimeret
1738 3120 1859 3167 potius
1882 3147 1892 3164 ,
1931 3131 2042 3167 quam
2074 3120 2181 3169 liujus
2212 3120 2293 3157 aevi
2318 3118 2416 3156 mol·
2484 3159 2492 3164 β

1365 3170 1432 3207 lius
1476 3170 1623 3208 fluentia
1656 3182 1829 3207 carmina.
1885 3170 1920 3207 Si
1955 3181 2043 3207 vero
2072 3171 2230 3208 versatus
2267 3168 2352 3207 esset
2379 3169 2417 3206 in

251 3219 418 3263 effinxit,
457 3220 521 3268 qni
540 3218 587 3256 ibi
606 3218 758 3267 satyrice
778 3221 893 3268 tangit
916 3228 1082 3257 veterum
1107 3222 1307 3259 Poetarum
1365 3221 1527 3259 leffione
1563 3230 1730 3259 veterum
1763 3222 1985 3264 Poetarum,
2014 3219 2186 3269 potuisset
2215 3220 2418 3270 producere

251 3269 462 3307 inconditos
496 3282 694 3313 numeros,
725 3279 764 3308 ut
789 3271 1003 3308 Lucretium
1033 3268 1092 3308 lib.
1116 3285 1177 3308 111.
1203 3285 1308 3318 1041.

249 3321 345 3367 apud
372 3333 486 3373 quem
515 3321 592 3371 ejus
619 3329 732 3361 notae
761 3321 881 3371 plures
910 3323 998 3362 tales
1031 3323 1151 3363 versus
1178 3334 1311 3375 occur<

1369 3272 1511 3310 versum
1532 3273 1569 3309 in
1592 3285 1727 3312 vocem
1750 3271 1929 3311 exitialem
1951 3281 2176 3318 exeuntem,
2206 3284 2250 3311 ex
2272 3271 2422 3310 Sedulio

1366 3323 1426 3365 lib.
1449 3334 1484 3363 v.
1508 3334 1591 3374 123.

2352 3375 2429 3416 Ar<
