2553 3676
320 214 418 281 673

803 211 863 266 P.
939 207 1354 266 OVIDII
1428 208 1961 267 NASONIS

471 319 570 369 ἕως
612 298 721 356 Sed
747 299 805 355 sit
823 340 839 363 ,
858 313 917 354 ut
944 301 1000 354 in
1024 297 1232 361 multiS,
1259 298 1453 353 modus
1476 300 1564 355 hic
1591 318 1828 375 quoque.
1854 300 2076 356 rusticus
2100 298 2231 355 alter

692 373 914 434 Motus;
942 373 996 426 in
1021 369 1221 426 incess'u
1245 373 1458 427 mollior
1480 374 1611 429 alter
1636 376 1753 430 erit.

626 447 752 502 Pars
780 446 987 500 humeri
1013 457 1192 500 tamen
1217 445 1321 499 ima
1345 446 1452 507 tui,
1485 465 1603 518 pars
1626 449 1829 504 summa
1852 448 2037 504 lacerti

691 518 852 575 Nuda
873 519 935 574 sit
952 564 965 581 ‚
1002 521 1031 573 a
1055 520 1200 573 laeva
1224 518 1601 590 conspicienda
1623 538 1800 577 manU.

615 593 751 648 Hoc
775 611 871 648 vos
895 590 1212 666 praecipue,
1237 591 1457 653 niveae,
1481 590 1658 646 decet.
1693 593 1801 649 hoc
1826 595 1918 651 ubi
1942 594 2083 657 vidi,

470 683 568 733 510

680 666 874 722 Oscula
896 666 1035 721 ferre
1060 665 1288 717 humero
1303 700 1317 724 ‚
1341 664 1447 735 qua
1470 676 1646 734 patet,
1671 683 1840 739 usque
1864 668 2010 722 libet.

616 741 863 798 Monstra
889 738 1045 793 maris
1071 736 1281 790 Sirenes
1306 748 1483 790 erant:
1513 754 1650 809 quae
1678 756 1816 794 voce
1839 742 2036 795 canora

695 811 1006 886 Quamlibet
1030 808 1269 863 admiffas
1293 808 1576 865 detinuere
1600 825 1754 867 rateS.

617 887 724 943 His
749 887 836 940 sua
863 882 1166 958 Sisyphides
1191 881 1382 937 auditis
1408 901 1547 956 pene
1568 884 1787 941 resolvit

692 957 957 1032 Corpora.
1013 975 1137 1011 nam
1159 956 1313 1010 sociis
1341 956 1466 1011 illita
1495 976 1617 1013 cera
1638 958 1758 1013 fuit.

474 1052 573 1102 315
606 1033 720 1089 Res
745 1031 819 1087 est
844 1030 1033 1087 blanda
1059 1047 1248 1085 canor:
1290 1027 1494 1085 discant
1519 1044 1734 1087 cantare
1759 1033 1981 1106 puellae.

691 1106 800 1161 Pro
826 1105 963 1160 facie
987 1103 1166 1159 multis
1193 1120 1305 1158 vox
1329 1102 1417 1158 sua
1442 1104 1559 1159 lena
1584 1105 1701 1160 fuit.

621 1179 695 1235 Et
722 1178 891 1233 modo
915 1176 1227 1231 marmoreis
1252 1175 1485 1232 referant
1510 1178 1692 1232 audita
1717 1178 1971 1241 theatris;

694 1251 769 1306 Et
791 1249 966 1310 modo
993 1250 1210 1305 Niliacis
1235 1252 1468 1305 carmina
1492 1252 1599 1306 lusa
1623 1252 1815 1306 modis.

614 1325 733 1380 Nec
756 1323 1019 1397 plectrum
1043 1323 1262 1386 dextra,
1301 1323 1559 1379 citharam
1585 1325 1808 1380 tenuifl'e
1833 1322 2029 1380 sinistra

473 1417 577 1467 320

687 1398 902 1452 Nesciat
927 1395 1145 1451 arbitrio
1171 1395 1369 1451 femina
1393 1397 1550 1451 docta
1587 1416 1727 1453 meo,

616 1470 751 1528 Saxa
776 1471 1021 1544 ferasque
1045 1471 1156 1544 lyra
1180 1471 1352 1525 movit
1376 1470 1742 1544 Rhodopeius
1768 1470 2050 1544 OrpheuS,

687 1546 1094 1617 Tartareosque
1119 1544 1260 1600 lacus
1276 1587 1288 1606 ‚
1327 1545 1800 1619 tergeminumque
1824 1561 2029 1600 canem.

312 1758 449 1788 ‚catores
466 1748 584 1787 dietos
603 1747 684 1787 vult
712 1747 896 1798 Ulpianus
922 1747 974 1787 D.
1000 1747 1047 1787 de
1074 1749 1374 1798 praevaricatori-

318 1800 398 1838 bus.
427 1799 574 1838 Gloffae
594 1799 1034 1849 H.Stephani,varicat‚
1059 1798 1271 1845 ὑπερβιεῑνει.
1284 1800 1375 1838 aliae

312 1849 455 1900 rgloffae
486 1851 633 1895 varice,
672 1851 808 1897 ρὲιιβὸω.
851 1851 996 1889 varicus
1017 1880 1028 1898 ,
1066 1852 1192 1898 ρὶιιβὸς.
1227 1851 1373 1900 Papias:

320 1902 485 1946 varim,
512 1902 698 1948 ambulat,
732 1899 871 1952 transit.
899 1902 947 1942 fic
970 1903 1075 1953 lege,
1113 1915 1191 1941 non
1220 1903 1374 1941 veritat.

320 1953 394 1991 Sed
416 1953 605 1992 audiamus
627 1955 665 1991 δε
691 1955 862 1991 Nonium
885 1955 1130 1993 Marcellum:
1165 1953 1376 1991 Divaricari

319 2003 456 2041 {libiam
483 2004 527 2051 est
546 2005 714 2052 distendi,
753 2005 799 2041 ab
828 2004 904 2050 lais,
933 2005 995 2056 qui
1022 2006 1113 2042 vitio
1147 2015 1296 2042 naturae
1321 2005 1375 2042 ita

317 2056 404 2103 [unt
425 2055 565 2104 pedihus
585 2056 735 2105 discretis
760 2084 768 2100 ,
807 2066 847 2093 ut
876 2069 927 2093 eos
947 2057 987 2093 in
1015 2057 1193 2103 diversum
1221 2055 1376 2093 habeant

312 2106 499 2155 scparatos.
525 2119 546 2144 a
567 2108 665 2143 varis
691 2109 800 2156 igitur
829 2108 868 2144 &
905 2108 1065 2146 incurvis
1087 2107 1240 2157 pedibus
1260 2107 1377 2146 dedu-

319 2159 414 2195 citur
431 2157 556 2206 gresjus
576 2158 728 2195 varicus.
762 2157 822 2195 sed
851 2157 1006 2197 alterum
1035 2167 1186 2197 naturae
1213 2159 1345 2197 vitium
1364 2187 1375 2204 ,

318 2208 476 2246 alterum
490 2209 641 2247 rusticae
660 2208 943 2247 consuetudinis.
970 2210 1095 2259 utjam
1105 2210 1376 2260 liqueat,sum·=·

317 2270 425 2296 mum
448 2263 603 2307 po'e‘tam
624 2260 723 2298 reeie
743 2268 854 2309 atque
876 2260 1006 2298 ordine
1020 2289 1030 2306 ,
1059 2262 1097 2299 ὃς
1117 2273 1162 2298 ex
1186 2261 1250 2298 usu
1271 2262 1377 2300 Lati-

315 2311 356 2348 ni
377 2310 555 2349 sermonis
578 2310 649 2348 effe
667 2312 850 2349 locutum.
888 2312 979 2349 haec
1009 2312 1141 2360 scripto
1170 2312 1375 2350 mandave-

313 2373 392 2399 ram
410 2390 420 2406 ,
449 2373 535 2400 cum
566 2362 679 2400 video
710 2361 925 2400 Salmafium
958 2362 1002 2400 de
1030 2364 1099 2401 hac
1129 2375 1225 2401 voce
1263 2362 1372 2412 egiffe

315 2414 467 2451 exercit.
482 2413 575 2451 Plin.
594 2424 675 2462 pag.
698 2413 784 2461 663.
805 2425 919 2462 quem
933 2425 1010 2450 non
1026 2414 1204 2462 compilo.
1222 2414 1371 2453 Heius.

314 2463 426 2502 docta
456 2464 540 2502 sunt
565 2465 604 2502 ὃς
633 2465 800 2513 egregia,
821 2476 918 2513 quae
949 2464 1120 2502 Heinsius
1151 2465 1214 2502 hic
1242 2464 1372 2502 adfert.

315 2515 377 2554 sed
406 2514 523 2564 poffet
551 2515 590 2553 &
624 2516 704 2565 capi
739 2515 787 2553 de
816 2516 957 2554 femina
985 2516 1114 2553 rustica
1145 2516 1184 2552 &
1211 2516 1371 2563 ingentis

313 2566 491 2612 flaturae,
520 2578 594 2616 que
611 2567 754 2604 varicos
772 2566 902 2615 gradus
931 2567 1040 2604 ferret
1061 2581 1072 2610 3
1120 2577 1208 2603 nam
1241 2567 1280 2603 ὃς
1311 2567 1371 2605 illa

315 2617 445 2656 statura
466 2619 582 2656 nimia
606 2617 842 2656 rusticitatem
863 2617 1018 2666 probat,
1047 2619 1086 2654 ὃς
1103 2617 1220 2656 solent
1242 2618 1372 2666 ingen-

315 2676 368 2704 tes
385 2668 465 2706 illae
491 2669 654 2707 feminae
670 2669 890 2708 deformiter
910 2667 1090 2708 &rustice
1113 2667 1298 2706 incedere.
1312 2668 1371 2718 *fic

319 2717 478 2756 Martial.
500 2732 570 2758 ΧΠ.
589 2720 699 2769 Epist.
716 2732 774 2770 32.

371 2780 418 2812 Et
441 2790 516 2812 cum
531 2779 644 2826 serore
664 2793 753 2816 cana
772 2793 886 2818 macer
906 2780 1050 2830 ingenti.

315 2838 439 2888 Quod
462 2839 557 2876 male
580 2840 741 2879 Raderus
766 2844 863 2892 capit
884 2843 928 2881 de
949 2851 1080 2882 aetate.
1107 2843 1238 2883 Euam.

371 2902 454 2941 305.
482 2889 627 2945 :Sedfim
656 2893 750 2928 utin
779 2894 924 2938 multis,
964 2895 1085 2931 modas
1113 2895 1168 2933 hic
1197 2895 1367 2947 quoque]

316 2941 372 2979 Ita
410 2941 490 2979 libri
528 2952 672 2978 omnes.

314 3004 404 3032 nus:

368 3056 432 3093 Sed
443 3053 515 3105 sit,
543 3066 583 3093 ut
600 3056 638 3093 in
660 3057 780 3102 culta,
811 3061 932 3097 modas
952 3060 1008 3097 hic
1027 3076 1173 3113 quoque.

314 3118 378 3157 De
400 3120 500 3158 cultu
521 3121 620 3158 enim
637 3122 885 3160 foeminarum
899 3127 972 3173 egit
991 3125 1101 3172 paulo
1115 3125 1368 3162 antei—rme.

315 3172 560 3209 Nihilmuto:
592 3172 847 3220 respicitenim
871 3174 916 3211 ad
937 3175 1078 3212 dictum
1104 3187 1309 3213 commune
1330 3178 1369 3214 δεῖ

315 3222 531 3271 vulgatum,
560 3237 601 3260 ne
621 3223 707 3274 qaid
727 3225 843 3262 nimis.
872 3225 944 3263 rid.
972 3226 1015 3263 ad
1045 3227 1228 3275 Quinctil.
1260 3227 1368 3264 Decl.

318 3284 510 3312 ccixriii.

375 3336 458 3373 307.
486 3332 573 3364 Pars
594 3326 732 3365 humeri
749 3337 870 3366 tamen
899 3327 973 3366 ima
993 3327 1084 3378 tull]
1115 3328 1191 3367 Hic
1212 3328 1315 3368 locus
1331 3330 1370 3368 in

730 2943 874 2981 Censeo
913 2945 1143 2985 scribendum
1181 2947 1374 2985 nihilomi-

2353 1611 2488 1668 Saxa

1430 1754 1597 1787 mentem
1612 1748 1705 1786 mihi
1720 1754 1876 1785 revocat
1894 1746 2050 1784 alterurn
2071 1741 2414 1798 Propertianumin
2432 1740 2488 1778 fa-

1428 1800 1513 1838 bula
1544 1800 1667 1848 Hylae
1698 1799 1937 1848 lepidiffima,
1964 1796 2025 1835 sed
2045 1792 2240 1850 peffimea
2254 1792 2404 1830 librariis
2422 1791 2488 1848 ha-

1430 1851 1525 1895 bita,
1553 1862 1650 1901 quae
1671 1851 1818 1901 ingenia
1835 1849 1946 1888 nostri
1964 1848 2143 1896 temporis
2166 1851 2289 1883 critica
2315 1854 2392 1900 non
2415 1853 2486 1900 mi-

1430 1914 1498 1941 nus
1519 1903 1683 1940 exercuit
1698 1931 1708 1946 ,
1736 1913 1849 1952 quam
1872 1900 1992 1949 Hylas
2012 1899 2085 1948 ipse
2102 1897 2276 1946 antiquos
2288 1895 2379 1932 olim
2391 1896 2485 1943 poe}

1430 1965 1493 1992 tas.
1522 1954 1627 1991 locus
1656 1953 1704 1990 est
1724 1954 1830 1991 libro.
1853 1965 1882 1990 1.
1901 1952 1957 1990 El.
1977 1963 2036 1988 xx,
2056 1961 2116 1999 43.

1482 2015 1639 2053 Tandem
1659 2015 1802 2052 haurire
1813 2023 1921 2065 parat
1943 2010 2087 2060 demiffis
2101 2009 2257 2061 flumina
2266 2007 2399 2059 palmi:
2412 2035 2423 2054 a

1535 2067 1685 2104 Innixus
1706 2067 1827 2104 dextro
1841 2065 1944 2116 plena
1961 2064 2103 2101 trahens
2126 2062 2280 2100 humero.
2328 2083 2331 2086 Δ

1432 2143 1525 2192 Quo
1544 2132 1634 2170 loco
1652 2130 1883 2170 scribendum
1899 2144 1908 2168 ι

1484 2194 1603 2246 Nireus
1617 2221 1628 2238 ,
1655 2204 1698 2232 (φ’
1718 2192 1846 2241 exserto
1859 2191 1963 2242 plena
1982 2189 2126 2228 trahens
2143 2189 2297 2227 humero.

1433 2256 1596 2305 Sequens
1616 2256 1737 2294 versus
1761 2256 2013 2306 conjecturam
2035 2253 2253 2298 confirmat,
2283 2251 2349 2303 qui
2367 2248 2413 2290 ad
2424 2257 2487 2296 exe*

1431 2307 1567 2345 sertum
1584 2309 1784 2345 humerum
1807 2307 2041 2345 referendus:

1483 2371 1596 2420 Cujus
1611 2381 1652 2407 ut
1668 2371 1825 2420 accensae
1843 2371 2004 2420 Dryades
2031 2370 2176 2408 candore
2187 2368 2334 2420 puellae.

1428 2439 1575 2473 Exerere
1596 2436 1782 2474 humerum
1799 2435 1944 2486 elegans
1966 2437 2003 2473 δί
2025 2435 2217 2473 Latinum.
2245 2434 2290 2472 de
2321 2446 2399 2483 quo
2418 2445 2486 2472 nos

1426 2486 1588 2535 pluribus
1605 2487 1805 2537 aliquando
1816 2487 1987 2536 adipsum
2012 2485 2256 2534 Propertium.
2272 2485 2484 2522 Hmsms.

1428 2538 1538 2576 Haec
1564 2538 1739 2576 libertinis
1757 2547 1902 2577 tantum
1935 2539 1975 2575 &
2005 2537 2255 2575 meretricibus
2282 2536 2485 2573 convenire

1428 2588 1559 2627 docuit
1579 2589 1717 2628 Ferrar.
1731 2590 1795 2628 lib.
1816 2602 1881 2628 111.
1899 2588 1945 2626 de
1965 2589 2022 2626 Re
2042 2588 2143 2626 Vest.
2168 2599 2228 2637 23.
2256 2587 2294 2624 δε
2313 2586 2484 2636 Bynaeus

1427 2640 1473 2678 de
1497 2641 1624 2679 calceis
1644 2640 1706 2679 lib.
1726 2653 1770 2679 11.
1790 2653 1868 2690 cap.
1886 2653 1923 2677 v.
1946 2641 1981 2683 §.
2003 2639 2038 2677 6.
2065 2638 2111 2676 de
2131 2638 2271 2687 exsertis
2294 2649 2386 2675 vero
2416 2637 2483 2674 hu-

1428 2692 1533 2729 meris
1555 2691 1640 2729 vide
1661 2692 1839 2730 eumdem
1870 2691 2008 2728 Ferrar.
2021 2689 2084 2728 lib.
2118 2702 2150 2727 1.
2177 2689 2224 2726 de
2243 2690 2300 2725 Re
2327 2688 2427 2726 Vest.
2448 2701 2485 2735 9.

1428 2741 1594 2781 Tennul.
1613 2743 1659 2782 ad
1679 2743 1807 2781 Front.
1829 2755 1876 2780 11.
1897 2742 2036 2790 strateg.
2061 2751 2135 2789 1.3.
2165 2741 2204 2778 ὃς
2221 2737 2332 2777 Waff.
2346 2740 2391 2778 ad
2411 2740 2485 2777 Sal-

1425 2793 1503 2831 lust.
1525 2793 1634 2832 Catil.
1656 2806 1761 2832 xciv.
1790 2794 1852 2832 ubi
1871 2792 2057 2842 distinguit
2080 2792 2175 2829 inter
2211 2791 2346 2827 nudare
2363 2791 2486 2828 hume-

1427 2858 1508 2881 rum
1531 2846 1569 2882 &
1584 2848 1753 2893 exserere:
1781 2846 1856 2883 hoc
1887 2842 1956 2881 effe
1977 2844 2089 2880 etiam
2109 2842 2273 2891 proferre
2288 2869 2298 2886 ,
2321 2842 2484 2891 jactare,

1428 2896 1608 2939 educere;
1639 2897 1678 2934 &
1696 2897 1745 2934 ita
1765 2895 1950 2945 poffemus
1970 2895 2045 2932 hoc
2067 2901 2305 2942 praeceptum
2331 2894 2484 2932 Nasonis

1428 2958 1505 2985 non
1525 2948 1571 2985 ad
1592 2947 1810 2985 exserendos
1819 2948 1996 2984 humeros
2011 2974 2021 2989 ‚
2048 2945 2108 2982 sed
2125 2953 2223 2993 parte
2246 2953 2389 2983 tantum
2409 2945 2482 2982 ima

1426 2998 1622 3037 nudandos
1652 2998 1862 3048 restringere
1885 3026 1895 3041 ,
1944 3008 1992 3033 ne
2019 2994 2306 3033 inverecundiae
2342 2997 2479 3034 nimiae

1428 3050 1595 3098 magister
1614 3049 1795 3087 videatur.
1813 3048 1926 3085 hodie
1948 3049 2023 3084 fere
2043 3047 2268 3084 contrarium
2289 3047 2477 3085 videmus:

1426 3101 1600 3137 nostrates
1632 3101 1730 3137 enim
1752 3100 1893 3148 puellae
1927 3107 2068 3147 partem
2097 3100 2173 3136 fere
2201 3097 2384 3136 summam
2413 3098 2480 3135 hu-

1426 3151 1518 3188 meri
1547 3151 1751 3192 ostentant,
1788 3152 1901 3187 imam
1923 3158 2054 3199 tegunt
2073 3150 2112 3187 ὃς
2133 3149 2316 3187 summam
2346 3148 2487 3187 lacertL‘

1424 3201 1484 3239 sed
1519 3202 1593 3239 hoc
1638 3214 1682 3239 cx
1722 3202 1859 3240 diverse.
1896 3200 2074 3239 vestiendi
2106 3201 2251 3239 ratione
2296 3199 2478 3250 provenit.

1431 3252 1697 3291 Burtmmus.

1483 3329 1566 3369 311.
1595 3317 1752 3366 Monstra
1775 3315 1930 3367 marin]
1961 3316 2015 3355 Ita
2048 3316 2120 3356 dici
2140 3327 2271 3355 omnes
2298 3314 2477 3355 inusitatas

2402 3378 2477 3416 for-
