2553 3676
333 209 428 281 388

839 200 898 257 P.
973 192 1389 251 QVID-11
1462 191 2000 249 NASONIS

628 294 857 369 Qualem
883 288 1107 346 clivosae
1144 285 1371 341 madidis
1393 285 1448 340 in
1472 284 1689 339 vallibus
1713 285 1834 339 ldae

699 366 887 421 Ardua
910 364 1132 434 derepta
1156 359 1360 414 cortice
1385 357 1576 413 cedrus
1600 358 1774 412 haber.

627 438 818 501 Adde,
854 435 1004 509 quod
1032 438 1086 487 ὅε
1112 433 1340 497 (1061163,
1381 432 1435 484 &
1461 443 1681 483 centum
1705 430 1931 485 flexibus
1957 425 2097 501 apti,

702 510 776 565 Et
804 510 902 564 tibi
925 508 1115 562 nullius
1141 505 1309 558 causs'a
1334 502 1537 556 doloris
1563 515 1727 555 erant.

527 604 588 654 15
630 585 757 640 Non
781 600 902 637 acus
927 580 1162 650 abrupit,
1201 592 1312 627 non
1336 573 1497 626 vallus
1520 572 1767 641 pec‘rinis²
1804 575 1947 629 illos;

704 655 960 712 Ornatrix
981 666 1100 705 tuto
1128 663 1359 718 corpore
1382 645 1588 716 semper
1617 659 1745 701 erat.

387 863 487 896 Dum
501 857 675 907 scatebras
686 854 882 906 fluviorum
900 848 1032 895 om'nes,
1044 857 1089 890 ἐφ’
1106 856 1217 899 operta
1233 844 1379 884 metalla

389 910 535 959 Eliquat
557 919 709 945 ornatus.
1170 950 1176 955 θ

339 960 411 999 Sed
431 961 488 997 1116
511 958 705 1008 capiendus
725 956 769 992 de
788 954 853 991 filis
882 954 998 991 aureis
1014 979 1024 995 ‚
1051 962 1145 1000 quae
1167 947 1381 986 intexebant

337 1012 515 1055 vestibus,
543 1021 635 1059 quae
663 1006 811 1056 eliquari
838 1005 895 1041 vel
918 1003 1048 1041 deduci
1067 1011 1170 1039 antea
1189 999 1379 1036 debebant.

338 1063 379 1099 δί
407 1062 455 1099 ita
485 1063 724 1098 vehementer
751 1057 878 1094 dubito
901 1083 910 1099 ,
948 1067 992 1092 an
1025 1066 1100 1091 non
1127 1053 1200 1088 hoc
1225 1050 1378 1087 verbum

336 1112 441 1151 reddi
471 1110 585 1160 posset
616 1110 737 1147 nostro
768 1107 906 1144 Nasoni
931 1106 991 1142 lib.
1027 1117 1081 1141 ιν.
1110 1104 1266 1139 Metam.
1297 1100 1377 1147 176.

339 1163 401 1201 ubi
422 1164 580 1200 Vulcani
602 1162 689 1197 retia
705 1188 714 1203 ,
735 1159 864 1206 quibus
878 1157 1065 1192 Venerem
1086 1155 1296 1190 &Martem
1317 1151 1381 1189 de-

337 1213 553 1263 prei1endir,
579 1218 765 1258 comparat
784 1209 1010 1244 Aranearum
1030 1206 1108 1243 telis
1123 1232 1133 1249 ,
1161 1205 1198 1241 &
1220 1203 1383 1240 stamini-

337 1265 405 1302 bus
425 1263 638 1301 tenuissimis
659 1275 666 1298 2
1125 1303 1128 1306 -

618 1308 796 1359 Extemplo
808 1308 952 1357 graciles
969 1321 1010 1344 ex
1031 1321 1106 1344 aere
1121 1316 1258 1343 catenas

390 1366 556 1416 Retiaque
573 1375 616 1403 &⁴
634 1362 768 1411 laqueos
781 1388 789 1404 ,
819 1374 905 1410 quae
922 1358 1192 1406 luminafallere
1204 1354 1325 1406 possint

392 1417 551 1466 Eliquczt.

337 1467 467 1517 Vulgo
486 1467 616 1514 legitur
631 1464 773 1507 elimat,
796 1462 855 1500 sed
871 1462 957 1499 lima
981 1463 1040 1498 vix
1064 1470 1138 1498 tarn
1156 1460 1281 1497 tenuia
1302 1458 1383 1503 fila,

338 1518 438 1556 unde
458 1517 546 1554 retia
566 1516 624 1552 illa
644 1515 737 1552 fasta
754 1514 858 1558 sunt,
885 1513 962 1550 fieri
985 1513 1151 1549 credibile
1173 1512 1250 1558 est‚:
1286 1522 1381 1559 quae

335 1568 476 1607 lumina
507 1565 648 1615 'poss‘ent
674 1565 807 1603 fallere.
842 1564 900 1601 sed
928 1563 1088 1613 eliqztatis
1117 1561 1190 1599 five
1218 1561 1382 1598 deduetis

338 1631 384 1657 ex
414 1618 479 1655 filis
507 1626 604 1655 texta
636 1617 724 1654 retia
752 1616 882 1652 16611115
901 1614 1110 1662 fingemus:
1150 1624 1219 1650 nec
1246 1612 1382 1649 morari

338 1668 447 1706 debet
472 1668 602 1717 syllaba
632 1666 807 1716 producta
826 1695 835 1710 ,
880 1677 964 1702 curn
991 1665 1027 1701 in
1059 1663 1186 1715 liquere
1204 1691 1214 1706 ,
1248 1662 1383 1712 liquare

338 1721 378 1757 &
413 1719 499 1756 inde
535 1718 697 1756 deducus
734 1719 850 1766 prima
885 1715 1016 1765 syllaba
1052 1715 1093 1752 fit
1131 1726 1273 1762 anceps,
1309 1714 1383 1751 vid.

338 1770 384 1807 ad
409 1783 488 1807 111.
509 1770 665 1807 Metam.
694 1769 775 1814 486.
803 1770 840 1805 &
868 1766 964 1804 alibi.
999 1765 1059 1803 sed
1086 1766 1178 1802 haec
1199 1766 1278 1813 jam
1306 1763 1384 1813 plus

338 1820 441 1865 satis,
471 1822 508 1857 δέ
526 1830 665 1868 praeter
685 1832 830 1858 morem
852 1818 1026 1855 nostrum.
1055 1816 1318 1854 BuRMANNus.

394 1871 428 1908 8.
459 1871 574 1907 Nec‘lit
603 1881 689 1915 opus.
713 1872 727 1922 ]
765 1869 866 1907 Texit
894 1868 954 1905 vel
984 1867 1082 1904 nevit
1114 1866 1270 1904 malebat
1293 1867 1384 1904 Olim

340 1921 528 1959 Heinsius.
555 1917 685 1960 deinde
716 1934 801 1959 cum
830 1922 866 1957 in
890 1918 1136 1958 Ambrofiano
1156 1915 1385 1966 repperiffet‚

334 1972 440 2021 fingit
454 2001 463 2017 ‚
476 1972 563 2009 illud
580 1973 816 2021 praeruhn&
834 1972 883 2007 ita
902 1969 1020 2007 codex
1044 1970 1213 2006 Douzae.
1241 1968 1287 2006 de
1308 1980 1384 2018 quo

341 2024 457 2060 verbo
486 2022 587 2071 plura
617 2024 662 2062 ad
692 2037 722 2062 1.
755 2022 888 2060 Fastor.
923 2020 1005 2069 158.
1042 2031 1112 2069 ego
1148 2020 1240 2057 nihil
1267 2028 1386 2056 muro.

340 2073 610 2112 Romaanus.

395 2137 431 2172 9.
460 2131 531 2162 Nec
551 2136 670 2161 tamen
688 2134 763 2161 ater
781 2134 856 2160 erat
874 2121 974 2172 wa]
1005 2122 1058 2160 lta
1079 2120 1238 2170 Bathylli
1260 2131 1385 2158 comas

343 2175 546 2214 Anacreon
567 2177 668 2225 pingi
685 2176 762 2212 vulr
781 2176 857 2214 Od..
876 2186 978 2211 xxix.

447 2229 616 2272 ,Λιπαρᾰς
645 2226 756 2271 κόμας
785 2226 943 2269 ποίησον,

446 2279 507 2314 T&
534 2280 601 2324 μὲν
629 2276 758 2313 ἔνδοθεν
784 2276 979 2320 μελαίνας,

449 2330 510 2365 T&
535 2325 567 2364 δ’
595 2327 631 2370 ἐς
657 2328 758 2372 ἄκρον
785 2327 947 2368 {ymno-xe.

344 2378 423 2417 Ubi
447 2380 518 2417 viri
539 2379 642 2417 (1οᾶ1
659 2380 759 2417 hunc
779 2378 909 2415 Ovidii
924 2378 1051 2414 locum
1071 2375 1168 2413 rcere
1188 2374 1388 2414 adducunt.

343 2431 612 2469 BURMANNth.

397 2493 434 2528 9.
461 2488 532 2518 Nec
553 2491 629 2517 erat
649 2481 734 2518 color
756 2492 880 2516 aureus
907 2477 1002 2526 illa]
1034 2478 1091 2515 Sic
1118 2479 1155 2515 in
1183 2489 1260 2515 uno
1288 2477 1390 2514 Maf-

343 2533 456 2569 feian.
504 2532 626 2581 sicque
665 2531 865 2581 legendum
910 2528 1098 2578 persuadet
1131 2529 1222 2565 ratio
1259 2530 1297 2565 &
1338 2528 1391 2565 se-

345 2595 463 2632 quens
489 2595 648 2620 carmen.
678 2583 893 2620 Ciorauus.
938 2581 1143 2617 Puteaneus
1171 2580 1209 2615 δε
1239 2579 1388 2627 quidam

346 2634 436 2677 alii,
475 2647 581 2683 neque
602 2644 677 2670 erat
698 2644 818 2669 tamen
844 2644 968 2668 aureus
995 2630 1063 2666 ille.
1094 2630 1293 2674 nonnulli,
1332 2642 1391 2666 nec

348 2693 423 2719 erat
442 2695 559 2720 tamen
579 2698 702 2720 aureus
723 2683 804 2720 illis.
826 2692 1026 2730 utrumque
1044 2681 1148 2717 bene.
1179 2681 1392 2718 Hfimsxus.

407 2745 462 2769 12..
490 2735 628 2783 Direpto
659 2735 788 2771 cortice.
812 2733 828 2783 ]
867 2739 1012 2781 Derepto
1038 2732 1254 2768 Puteaneus.
1281 2731 1329 2768 fic
1352 2733 1391 2768 δε

348 2784 460 2832 paulo
482 2785 559 2831 post
582 2786 699 2822 codex
720 2786 819 2823 idem
833 2813 842 2828 ,
871 2784 1102 2832 dereptaflcu.
1129 2781 1204 2818 dixi
1225 2781 1326 2830 supra
1346 2781 1392 2818 ad

350 2834 455 2883 Eleg.
484 2847 518 2870 v.
543 2834 597 2876 >5ss-
627 2848 656 2872 1.
683 2837 844 2884 optimus
872 2835 1072 2876 Palatinus,
1102 2832 1231 2868 direcra
1262 2832 1391 2870 cortice.

352 2885 485 2933 Lego,
513 2883 658 2933 derepta.
686 2898 776 2923 nam·
792 2886 929 2923 Nostro
952 2897 994 2922 ea
1026 2895 1100 2920 vox
1130 2892 1169 2920 ut
1191 2883 1392 2930 plurimum

350 2935 550 2973 foeminini
572 2935 619 2971 est
638 2938 803 2983 generis,
832 2936 877 2972 de
906 2948 977 2983 qua
999 2935 1043 2972 ad
1066 2935 1315 2982 Metamorph.
1339 2947 1392 2970 1v.

355 2997 438 3035 375.
468 2987 505 3022 &
528 2985 634 3022 Nuce
660 2985 717 3034 38.
742 2986 877 3034 derepta
894 2986 979 3034 pelle
995 2986 1039 3022 de
1061 2984 1207 3032 Marsya
1227 2985 1266 3020 in
1290 2984 1391 3022 lbide

352 3049 438 3085 55¹·
455 3048 500 3073 ex
520 3035 652 3084 scripto
671 3035 811 3072 codice.
835 3036 1044 3071 Hfimsius.

410 3099 464 3124 12.
492 3085 669 3135 Cetium]
706 3086 902 3123 Piniferam
929 3086 1146 3132 plerumque
1171 3083 1312 3119 Po'e'tae
1339 3083 1394 3119 fa-

356 3139 458 3176 ciunt
478 3137 594 3174 Idam.
622 3136 682 3174 sed
704 3137 798 3173 forte
819 3136 959 3184 piceam
985 3134 1175 3181 intelligit,
1204 3143 1315 3180 quain
1341 3132 1396 3167 ni-

352 3198 512 3237 grantem
530 3195 638 3225 vocat
658 3187 785 3236 Virgil.
806 3198 856 3223 xx:
878 3186 936 3231 87.
956 3186 992 3222 &
1016 3196 1110 3234 quae
1129 3185 1166 3220 111
1184 3183 1270 3219 silva
1287 3182 1395 3219 Pinea

355 3248 461 3282 eram
492 3238 587 3276 male
616 3238 665 3276 ibi
695 3238 839 3275 Servius
867 3236 1075 3273 umbrosam
1108 3234 1283 3283 exponit,
1312 3245 1398 3271 cum

352 3291 488 3344 rariora
498 3290 629 3329 habeat
641 3289 728 3329 folia
740 3316 750 3336 ,
763 3287 850 3329 teste
863 3287 986 3340 Plinio
1000 3299 1080 3328 xvr.
1091 3297 1169 3335 cap.
1182 3297 1238 3327 10.
1248 3285 1399 3326 Piceam

2327 723 2476 782 Ante

1432 858 1523 885 vero
1546 845 1647 885 fuisse
1667 846 1825 895 speciem
1855 845 1965 884 Cedri
1995 845 2093 884 idem
2121 845 2264 884 Servius
2285 857 2330 884 ex
2353 847 2467 890 Plinio

1433 897 1543 935 docet
1566 898 1610 936 ad
1640 910 1692 935 vr.
1722 897 1876 935 Aeneid.
1914 898 1994 935 180.
2023 897 2126 947 quod
2145 907 2269 935 tamen
2297 899 2333 934 in
2355 900 2467 940 Plinio

1433 951 1589 997 reperire
1619 960 1697 986 non
1736 950 1855 997 potui.
1893 948 2048 986 similem
2080 961 2170 986 vero
2203 949 2312 986 Cedri
2343 949 2380 986 δε
2409 951 2467 990 Pi-

1435 1011 1522 1036 ceae
1540 1009 1704 1038 naturam
1731 1000 1768 1036 in
1789 1012 1835 1037 eo
1855 1028 1865 1044 ‚
1903 1000 2006 1049 quod
2025 999 2189 1037 detrado
2212 1000 2402 1037 cacumine
2418 1002 2472 1040 in-

1433 1059 1574 1088 tereant
1597 1080 1607 1095 ,
1643 1051 1760 1089 scribit
1790 1051 1850 1088 lib.
1874 1063 1969 1090 xvn.
1992 1063 2067 1100 cap.
2092 1062 2148 1095 24.
2181 1051 2283 1100 quod
2305 1051 2390 1088 folia
2407 1051 2473 1092 fint

1437 1103 1600 1150 capillata
1628 1101 1723 1139 Pino
1751 1103 1790 1139 δε
1812 1102 1935 1139 Cedro
1957 1102 2019 1140 lib.
2042 1114 2119 1138 xvr.
2142 1114 2199 1146 24.
2228 1102 2265 1139 &
2287 1102 2472 1143 Homerus

1438 1151 1567 1202 Odyff.
1597 1156 1633 1189 E.
1661 1157 1720 1189 60.
1750 1153 1913 1190 Cedruin
1934 1154 1972 1190 δε
1991 1153 2151 1196 Ρ11111111,
2179 1152 2254 1190 sive
2282 1153 2473 1201 Laricern,

1437 1204 1518 1241 Pini
1548 1204 1706 1252 speciem
1738 1204 1931 1253 conjungit
1964 1204 2051 1241 teste
2078 1203 2169 1240 Plin.
2196 1216 2284 1240 xm.
2310 1215 2388 1252 cap.
2421 1206 2473 1244 16'.

1438 1255 1500 1292 ubi
1519 1254 1591 1292 vid.
1611 1255 1764 1292 Comm.
1789 1256 1827 1291 ὅ(
1854 1255 1914 1292 lib.
1933 1267 2010 1291 xvi.
2031 1266 2106 1302 cap.
2134 1266 2188 1291 10.
2216 1255 2388 1303 quintum
2414 1267 2476 1304 ge-

1438 1318 1505 1344 nus
1535 1307 1706 1343 Laricern
1738 1306 1853 1348 dicit,
1899 1317 2012 1354 quem
2040 1305 2167 1342 locum
2203 1318 2248 1342 an
2283 1305 2474 1353 respexerit
2537 1326 2539 1332 ·

1440 1357 1584 1394 Servius
1602 1357 1736 1394 nescio.
1763 1356 1943 1406 quidquid
1964 1356 2028 1400 fit,
2058 1356 2220 1393 Cedrum
2244 1357 2280 1393 in
2304 1356 2364 1394 Ida
2386 1357 2478 1396 nasci
2537 1356 2539 1375 ²

1438 1419 1619 1457 nusquam
1647 1408 1731 1446 alibi
1756 1408 1840 1456 legi.
1868 1408 2007 1445 Marius
2036 1406 2080 1443 de
2106 1405 2168 1444 Ida
2196 1406 2360 1444 Cretenfi
2378 1407 2478 1446 vide-

1437 1466 1497 1497 ‘tur
1525 1461 1584 1496 hic
1608 1459 1771 1507 suspicari
1795 1487 1805 1503 ,
1840 1459 1925 1508 quia
1954 1459 2088 1495 Plinius
2117 1457 2279 1495 Cedrum
2307 1458 2345 1495 in
2369 1458 2480 1498 Creta.

1436 1509 1533 1548 nasci
1560 1511 1621 1547 ait.
1648 1510 1709 1547 sed
1727 1521 1791 1558 per
1814 1509 1916 1546 Idam
1931 1538 1940 1552 ‚
1968 1508 2178 1556 simpliciter
2204 1508 2382 1556 positam,
2402 1509 2475 1548 fere

1437 1561 1637 1609 Phrygium
1658 1566 1827 1597 montem
1848 1561 1989 1596 Po'e'tae
2006 1558 2222 1605 intelligunt.
2245 1559 2432 1598 Burman.
2473 1569 2475 1571 ’
2520 1560 2522 1562 ’

1494 1623 1548 1660 ¹3-
1576 1616 1622 1647 Et
1650 1610 1804 1659 dociles.]
1836 1610 1931 1647 Tres
1949 1609 2025 1646 libri
2042 1636 2052 1652 ‚
2068 1607 2205 1654 faciles.
2232 1621 2325 1658 quae
2348 1610 2480 1650 eadem
2538 1599 2542 1636 ἶ

1436 1662 1589 1700 varietas
1616 1674 1646 1699 1.
1668 1665 1747 1699 Art.
1768 1661 1851 1708 267.
1880 1660 1976 1706 duo,
1995 1658 2151 1707 fragiles.
2176 1659 2236 1698 sed
2258 1660 2347 1699 nihil
2364 1669 2480 1702 muta.

1441 1713 1569 1751 Claud.
1590 1713 1635 1750 de
1658 1714 1766 1761 Rapt.
1789 1725 1833 1749 11.
1856 1723 1914 1762 30.

1493 1764 1653 1800 Indociles
1681 1777 1794 1800 errare
1821 1776 1943 1800 comas.

1441 1815 1483 1854 Id
1503 1815 1551 1852 est
1571 1814 1679 1864 paffas
1692 1844 1701 1859 ‚
1721 1815 1866 1863 sparsas,
1894 1826 1989 1863 quae
2010 1814 2046 1851 in
2069 1814 2260 1852 cincinnos
2287 1813 2382 1853 116611
2401 1825 2480 1860 non}

1442 1874 1542 1904 erant
1572 1866 1720 1903 adsueti.
1750 1865 1823 1902 vid.
1849 1864 1969 1902 Barth.
1999 1865 2042 1902 ad
2068 1865 2152 1901 Stat.
2174 1877 2227 1902 1v.
2249 1865 2373 1902 Theb.
2398 1860 2484 1915 7433'

1442 1918 1481 1955 ὃ(
1501 1916 1545 1954 de
1566 1928 1661 1953 voce
1679 1915 1796 1952 docilis
1819 1916 1856 1952 ὃς
1875 1914 2032 1951 indocilis
2049 1913 2174 1952 Paffer.
2199 1914 2243 1952 ad
2263 1916 2372 1964 Prop.
2398 1928 2429 1954 1.
2446 1929 2481 1956 τ.

1440 1968 1624 2054 Paissfiilss'
1641 1976 1762 2066 2523?
1781 1966 2213 2067 33222542‘3223332fi1·
2231 1977 2317 2014 ²³⁷·

1442 2069 1502 2107 Est
1522 2081 1612 2107 vero
1631 2069 1731 2107 idem
1760 2068 1861 2118 quod
1883 2069 2029 2105 Petron.
2055 2069 2134 2105 126.
2154 2066 2266 2112 dicit,
2294 2067 2400 2105 crines
2427 2067 2483 2114 inf
2542 2106 2543 2109 ,

1437 2121 1534 2169 genio
1551 2120 1613 2169 suo
1633 2119 1752 2170 flexos.
1781 2119 2039 2156 BuRMANNus.

1496 2183 1510 2209 1
1522 2185 1552 2217 ς.
1581 2178 1661 2207 Non
1678 2170 1819 2207 vallum
1829 2170 1973 2219 perh-'nis
1987 2198 1995 2212 ‚
2024 2167 2121 2218 cra]
2153 2168 2313 2206 Observa
2333 2169 2407 2206 hoc
2424 2170 2482 2207 Io·

1443 2234 1489 2259 co
1509 2221 1782 2259 similitudinem
1804 2234 1812 2258 z
1850 2229 1890 2258 ut
1919 2221 2019 2257 enim
2038 2220 2164 2257 dentes
2184 2219 2332 2267 peciinis
2352 2220 2486 2258 ordine
2542 2209 2545 2235 ²

1441 2273 1477 2310 se
1495 2273 1716 2321 sequuntur,
1745 2273 1792 2309 ita
1814 2272 1908 2308 &in
1936 2271 2033 2308 vallo
2054 2272 2136 2318 pali.
2164 2270 2223 2307 Est
2250 2278 2374 2307 autem
2399 2269 2485 2306 val..
2542 2291 2546 2305 .

1443 2323 1517 2359 lum
1539 2351 1548 2366 ,
1584 2322 1688 2372 quod
1725 2322 1835 2359 nostri
1861 2321 1981 2370 vulgo
2023 2320 2079 2361 cin
2120 2320 2253 2369 ssucfcu
2289 2320 2480 2369 appellant.

1443 2375 1669 2411 Mrcrrrus.
1710 2372 1827 2410 Vallus
1850 2372 1937 2421 legit
1963 2384 2007 2409 ex
2044 2371 2172 2410 codice
2210 2371 2491 2416 Arondeliano,-
2544 2399 2545 2403 ,

1444 2426 1507 2474 qui
1540 2424 1775 2462 Pirckeimeri
1810 2423 1900 2461 olim
1938 2424 2006 2461 fuit
2028 2453 2037 2467 ‚
2081 2424 2117 2460 in
2161 2422 2482 2460 Observationibus

1446 2476 1662 2513 Gronovius
1677 2503 1686 2518 ,
1714 2484 1755 2513 ur
1783 2475 1821 2512 &
1846 2474 2007 2511 Metam.
2026 2486 2114 2511 vm.
2134 2472 2217 2510 286.
2239 2479 2407 2523 stantque
2424 2485 2482 2509 ve-

1447 2526 1500 2562 lut
1528 2525 1654 2562 vallus.
1667 2525 1773 2574 setae.
1800 2525 1864 2575 qui
1893 2525 2145 2563 consulendus.
2172 2523 2326 2562 Observ.
2342 2523 2402 2561 lib.
2422 2535 2483 2562 111.

1448 2589 1525 2626 cap.
1547 2590 1660 2614 xvxxi.
1683 2575 1809 2614 Tibul.
1834 2589 1864 2613 1.
1883 2576 1986 2625 Eleg.
2010 2589 2064 2614 10.

1502 2635 1582 2664 Non
1602 2642 1694 2664 arces
1708 2656 1718 2672 ‚
1747 2641 1814 2664 non
1833 2627 1952 2663 vallus
1970 2637 2056 2664 erat.

1447 2680 1524 2716 Ubi
1542 2680 1711 2727 Gujetius
1731 2679 1841 2727 legit,
1867 2678 1964 2714 acies.
1991 2678 2111 2722 forte,
2138 2677 2238 2714 aries.
2270 2676 2483 2716 Hmusmsl
2544 2686 2545 2689 ’

1503 2730 1557 2766 16.
1586 2730 1759 2766 Ornatrix
1775 2740 1850 2765 tuto
1873 2727 2034 2777 corpore.]
2064 2729 2298 2766 Praetereunt
2321 2729 2411 2766 haec
2429 2728 2483 2766 inv

1444 2789 1618 2829 terpretes
1640 2809 1649 2824 ,
1687 2782 1725 2817 &
1753 2790 1879 2818 tamen
1904 2779 2114 2816 difficultate
2140 2790 2259 2816 carere
2289 2780 2379 2816 mihi
2408 2789 2483 2816 non

1446 2833 1644 2869 videntur:
1684 2831 1895 2869 insolentior
1922 2831 2020 2867 enim
2042 2830 2206 2872 locutio,
2234 2837 2275 2866 111
2303 2830 2481 2874 ornatrix,
2544 2834 2545 2837 ’

1448 2895 1543 2933 quae
1566 2894 1641 2920 non
1662 2882 1773 2919 laedit
1789 2881 1979 2918 dominam
1995 2909 2005 2924 ‚
2019 2880 2158 2918 dicatur
2178 2878 2282 2917 fuiffe
2303 2889 2386 2918 tuto
2404 2890 2482 2916 cor·

1448 2946 1539 2982 pore
1554 2962 1563 2977 ‚
1591 2934 1693 2982 quod
1713 2933 1835 2980 potius
1851 2938 2016 2975 notaret,
2045 2932 2266 2969 ornatricem
2287 2943 2363 2968 non
2382 2925 2481 2967 fuiffe

1446 2985 1589 3022 laesam.
1613 2985 1651 3020 &
1668 2985 1744 3019 hoc
1763 2983 1858 3019 forte
1878 2983 2000 3018 movit
2016 2983 2139 3019 virum
2159 2982 2330 3019 illustrem
2351 2979 2483 3018 Ezech'.

1449 3035 1644 3081 spanhem.
1678 3039 1717 3069 ut
1744 3033 1880 3080 legeret
1902 3032 1948 3069 ad
1965 3032 2097 3079 Julian.
2119 3032 2285 3069 Caesares
2303 3043 2382 3080 pag.
2402 3040 2484 3079 300.

1451 3089 1530 3119 Toto
1559 3093 1685 3131 corpore
1707 3085 1836 3131 semper
1865 3093 1950 3120 erat.
1985 3085 2098 3121 uritur
2124 3091 2248 3120 autem
2276 3083 2349 3119 hoc
2377 3081 2484 3123 loco’,

1450 3141 1491 3170 ut
1515 3134 1644 3182 probet
1663 3134 1863 3170 ornatrices
1886 3146 1964 3171 non
1993 3142 2137 3171 tantum
2162 3133 2316 3170 crinibus
2336 3141 2486 3173 comenr

1453 3184 1504 3221 dis
1519 3213 1529 3229 ‚
1556 3184 1613 3221 sed
1635 3185 1705 3220 toti
1727 3184 1872 3232 corpori
1901 3184 2060 3221 colendo
2082 3184 2266 3222 adhibitas
2293 3182 2351 3220 sed
2371 3189 2486 3228 aeque

1454 3235 1611 3272 insolens
1641 3231 1728 3271 61161
1756 3235 1830 3272 hoc
1856 3235 1957 3272 sensu
1985 3235 2105 3272 dicere
2129 3262 2140 3279 ‚
2178 3232 2394 3270 ornatricem
2422 3238 2489 3271 toto

1452 3295 1585 3335 corporev
1608 3283 1701 3332 6116,
1730 3285 1834 3336 quod
1860 3285 2009 3326 deberet
2032 3286 2093 3326 hic
2116 3291 2245 3325 notare
2269 3282 2491 3377 nullacgrzgge
