2553 3676
799 164 1350 275 P.oV1D11

1423 202 1966 265 NASONIS

593 312 696 369 Tu
725 309 933 371 tamen,
971 308 1002 360 a
1029 304 1220 360 dextra
1243 302 1570 375 quicumque
1596 289 1678 364 es,
1714 317 1873 373 parce
1897 299 2119 373 puellae.

677 379 949 438 Contactu
970 379 1144 435 lateris
1174 376 1400 431 laeditur
1428 375 1518 428 ista
1542 373 1636 427 tui.

604 459 701 513 Tu
728 471 972 528 quoque,
1008 451 1100 525 qui
1125 449 1320 521 spectas
1344 446 1461 518 post
1483 463 1609 507 nOS,
1647 458 1738 500 tua
1761 445 2018 500 contrahe
2046 449 2235 508 crura‚‘

677 529 733 583 Si
757 527 933 601 pudor
960 524 1061 588 est,
1099 522 1276 594 rigido
1303 537 1403 572 nec
1429 534 1614 590 preme
1642 530 1790 590 terga
1817 537 1975 591 genu.

309 740 338 773 *a
365 733 449 772 viris
475 730 646 772 summis;
675 735 756 766 turn
788 728 826 765 &
847 722 1189 780 Artis-Amatoriae
1216 719 1308 759 libro
1336 732 1367 759 r.

314 786 372 830 ybs.
396 796 472 830 i4r.
488 784 527 821 in
548 781 790 829 descriptione
812 779 1061 814 Circenlium:

371 851 418 880 Et
440 845 520 881 bene
541 843 629 892 quod
651 841 752 889 cogit,
775 837 808 887 fi
828 836 936 880 nolis,
964 835 1055 872 linea
1067 833 1182 884 jungi.

319 904 366 945 tn
388 907 518 955 quibus
537 901 757 952 explicandis
778 899 937 935 multum
955 896 1095 934 sudavit
1114 896 1308 933 observatis
1325 895 1369 933 ad

321 957 523 995 Manilium
544 956 603 992 lib.
628 966 670 989 ii.
690 950 743 994 xis.
770 961 850 993 roo.
872 960 1023 997 magnus
1046 947 1212 995 Scaliger.
1241 959 1304 994 per
1325 947 1370 983 li-

321 1019 434 1047 neam
463 1019 540 1044 non
568 1001 742 1051 delignari
772 1000 898 1037 funem
917 1027 927 1043 ,
956 1008 995 1036 ut
1023 998 1082 1035 ille
1111 998 1369 1041 arbitrabatur,

323 1058 386 1097 sed
427 1066 567 1095 certum
606 1054 764 1093 limitem
794 1049 1039 1099 spectatorum
1072 1048 1237 1086 sedilibus
1269 1060 1372 1096 prae-

324 1109 443 1147 fixum
463 1106 650 1145 Salmasius
671 1102 873 1140 contendit.
902 1100 946 1137 de
967 1099 1057 1147 sune
1076 1100 1176 1136 enirn
1201 1098 1226 1135 fi
1248 1110 1372 1147 agere-

326 1169 410 1204 tur,
431 1158 583 1208 regulam
604 1157 723 1205 potius
745 1152 928 1189 dieturum
950 1148 1052 1188 fuiffe
1067 1180 1076 1194 ‚
1096 1161 1208 1199 quam
1231 1149 1373 1186 lineam.

327 1212 380 1249 ita
401 1212 565 1248 Servium
588 1208 694 1243 limen
710 1205 987 1251 interpretatum
1002 1230 1013 1246 ,
1041 1202 1100 1238 ubi
1133 1201 1206 1249 agit
1226 1200 1271 1237 de
1295 1201 1376 1238 Cir-

330 1273 376 1299 co
410 1261 603 1308 VirgiliuS,
631 1267 725 1306 quae
756 1255 832 1291 aliis
862 1253 910 1290 est
933 1281 943 1297 ,
981 1254 1193 1301 Transenna.
1229 1249 1377 1288 Gloffae

328 1320 495 1355 veteres,
526 1309 726 1356 Tranfimna
741 1334 750 1349 ‚
777 1305 909 1350 βρόχος
930 1304 965 1338 ἐν
990 1303 1198 1349 ἄφες-κρίσεις
1219 1306 1378 1346 τεταμέ-

331 1375 397 1404 νος.
418 1362 632 1409 Unicuique
645 1356 889 1407 speetatorurn
904 1362 1020 1392 certus
1033 1363 1107 1391 erat
1120 1355 1157 1390 S<
1171 1352 1378 1402 praefinitus

330 1414 437 1452 106113
459 1441 469 1457 ,
503 1423 550 1449 116
579 1411 692 1448 laxius
723 1406 1019 1449 constrietiusve,
1047 1417 1157 1453 quam
1188 1416 1250 1452 par
1270 1402 1377 1448 effer,

332 1464 510 1502 sederent.
529 1463 632 1510 isque
654 1456 798 1508 publica
815 1456 1031 1494 auetoritate
1047 1455 1230 1492 distindhis
1251 1466 1293 1492 ac
1314 1455 1381 1492 dis-

334 1515 465 1563 septus.
494 1513 567 1550 1106
595 1512 718 1548 nollro
748 1509 808 1546 hic
832 1507 936 1556 legem
964 1506 1025 1543 loci
1052 1506 1246 1554 appellari,
1273 1514 1313 1542 ut
1343 1506 1382 1542 &

335 1566 429 1603 Arte
458 1563 653 1601 Amatoria
683 1559 841 1598 versibus
861 1560 939 1607 jam
969 1557 1155 1606 produetis
1178 1585 1188 1601 ‚
1226 1556 1383 1605 pluribus

334 1616 396 1653 hic
431 1614 476 1652 ad
511 1614 677 1651 Solinum
715 1611 774 1651 ille
811 1611 940 1659 pagina
968 1609 1051 1657 645.
1089 1609 1127 1645 ὅ(
1154 1606 1385 1657 sequentibus

336 1666 387 1703 est
408 1664 628 1714 prosecutus.
657 1664 762 1700 Haec
780 1661 843 1700 illi.
872 1667 1002 1705 neuter
1024 1658 1123 1696 redte
1139 1687 1150 1703 ‚
1178 1668 1216 1696 ut
1237 1658 1383 1706 opinor.

333 1716 470 1756 Nostra
487 1716 579 1752 haec
601 1714 649 1752 est
666 1713 855 1751 sententia.
885 1712 982 1748 Cum
1004 1709 1101 1759 apud
1123 1708 1385 1758 agrimensores

338 1766 501 1804 vetustos
518 1767 635 1802 lineae
656 1764 819 1813 plurimis
837 1763 927 1800 locis
946 1769 1130 1809 ponantur
1148 1773 1214 1808 pro
1238 1761 1304 1797 viis
1323 1771 1387 1797 an-

338 1817 556 1866 gustioribus
580 1844 590 1859 ‚
630 1827 692 1863 per
721 1825 808 1862 quas
841 1813 913 1860 agri
941 1811 1279 1848 disterminabantur
1299 1835 1308 1853 ,
1347 1821 1389 1847 ac

339 1867 488 1916 patebat
516 1865 681 1903 transitus
712 1865 805 1900 ultro
826 1865 991 1910 citroque
1014 1861 1307 1899 commeantibus
1321 1889 1331 1905 ,
1352 1861 1390 1898 in

342 1927 463 1955 certos
493 1916 638 1953 ordines
667 1914 886 1961 descriptae,
916 1912 1032 1950 simile
1061 1912 1149 1960 quid
1177 1913 1213 1949 in
1238 1912 1391 1949 Circen-

343 1968 438 2006 fibus
459 1967 687 2005 observatum
712 1963 812 2002 suiffe
835 1965 979 2011 opinor.
1004 1964 1109 1998 Linea
1128 1964 1164 1999 δε
1185 1963 1282 1998 limes
1295 1962 1393 2010 apud

343 2018 607 2067 agrimensores
633 2016 759 2065 passim
784 2013 1072 2053 confunduntur.
1098 2014 1185 2051 hinc
1205 2013 1294 2052 illud
1315 2013 1393 2052 Na-

341 2069 467 2114 rsonis,
494 2069 555 2106 lib.
580 2081 609 2105 r.
636 2069 790 2105 Metam.
817 2066 895 2115 136.

399 2137 536 2170 Cautus
556 2133 704 2169 humum
724 2131 817 2180 longo
851 2130 989 2178 ignavit
1009 2129 1122 2167 limite
1140 2128 1282 2179 menfhr.

346 2195 492 2232 Liueae
511 2202 636 2232 tamen
656 2194 790 2231 limites
812 2193 1043 2241 augustiores.
1074 2194 1268 2240 Hyginum
1288 2191 1392 2229 audi:

351 2245 476 2281 Omnis
502 2244 605 2294 lmjm
634 2246 786 2280 reffurae
814 2243 987 2291 lmgitndo
1015 2242 1198 2278 rationalis
1221 2243 1319 2277 limes
1339 2251 1399 2291 ap-

344 2295 511 2345 pellatur.
550 2308 607 2331 nec
636 2294 771 2341 interest
801 2295 1011 2344 quicquam,
1040 2293 1273 2328 decumanam
1305 2293 1401 2328 dica-

353 2359 432 2383 mus
448 2359 498 2382 an
519 2345 678 2383 limitem.
706 2351 928 2381 Dammana-s
955 2354 1073 2379 amem
1098 2344 1255 2391 primas,
1284 2343 1401 2379 maxi-

353 2410 434 2434 mus
453 2396 670 2444 appellatur,
701 2396 784 2432 irem
811 2395 934 2431 Cardo.
965 2408 1048 2430 nam
1073 2394 1261 2430 latitudine
1282 2405 1403 2429 ceteros

349 2447 572 2497 praecedunt.
610 2453 698 2483 Sunt
730 2446 793 2482 alii
820 2445 947 2481 limites
969 2445 1118 2481 acharii
1134 2474 1141 2487 ,
1170 2445 1234 2480 alii
1252 2445 1402 2481 linearii.

354 2498 551 2535 Aeiuarius
580 2497 621 2544 est
648 2497 768 2541 limes,
798 2497 858 2546 qui
880 2496 1014 2545 primns
1041 2498 1138 2532 acius
1153 2496 1218 2542 est,
1246 2507 1289 2534 cy·
1309 2495 1352 2531 ab
1369 2509 1403 2531 eo

356 2549 504 2598 quintus
530 2549 696 2599 quisque,
725 2561 825 2597 quem
849 2547 877 2594 fi
905 2560 1060 2583 numeres
1083 2560 1160 2582 cum
1178 2547 1312 2595 primo,
1341 2546 1406 2582 erit

351 2599 485 2647 finctus.
523 2599 689 2648 quoniam
720 2598 871 2647 quinque
899 2598 1070 2633 centurias
1087 2597 1151 2645 sex
1179 2597 1305 2632 limites
1334 2596 1406 2632 clu—

360 2650 462 2686 dunt.
502 2649 635 2698 Reliqui
657 2649 762 2684 medii
790 2648 917 2684 limites
945 2647 1083 2684 linearii
1101 2647 1339 2696 apoellantur,
1369 2647 1406 2682 in

361 2699 471 2734 ltalia
495 2700 711 2745 fiebrimcivi.
756 2698 922 2735 Arfluarii
951 2709 1069 2733 autem
1107 2708 1206 2733 extra
1236 2698 1409 2734 maximos

361 2748 588 2785 latitudinem
612 2750 736 2797 pedum
768 2749 897 2786 habent
926 2749 1114 2785 duodecim.
1142 2749 1242 2796 plura
1265 2749 1338 2784 illic
1366 2747 1411 2784 ad

363 2810 457 2836 rem.
485 2801 626 2835 termini
654 2803 691 2837 ὅς
721 2801 829 2836 lineae
860 2799 982 2848 passim
1007 2799 1103 2847 apud
1132 2798 1283 2835 eosdem
1305 2798 1412 2847 scrip-

365 2857 464 2886 tores
489 2850 762 2897 conjunguntur
784 2880 792 2893 ,
829 2859 868 2887 ut
900 2853 937 2887 ὃ(
967 2851 1099 2898 rigores.
1136 2849 1232 2898 apud
1260 2852 1411 2886 cosdem

327 2910 330 2914 “
365 2901 578 2948 frequenter
605 2899 695 2935 linea
730 2900 890 2946 finitima
913 2929 922 2943 ,
959 2900 1051 2936 linea
1081 2899 1248 2937 normalis
1272 2927 1281 2942 ,
1323 2899 1414 2935 linea

369 2949 576 2997 mensuralis
599 2977 608 2991 ‚
646 2950 829 2986 rationalis
850 2979 858 2993 ‚
888 2951 1106 2998 consortalis,
1130 2950 1413 3000 proportionalis,

369 3010 481 3049 atque
510 3000 563 3036 his
594 2998 721 3037 similia
750 3001 949 3047 complura.
977 3001 1114 3037 linearii
1136 3002 1246 3037 etiam
1275 3002 1416 3048 rigores,

371 3052 410 3088 &
431 3050 568 3086 linearii
588 3049 712 3098 lapide5
727 3079 736 3093 ‚
766 3054 802 3088 ὃς
825 3050 964 3086 linearii
985 3050 1121 3086 limites.
1151 3050 1220 3086 Sed
1235 3052 1271 3085 ἃ(
1285 3053 1320 3086 111
1342 3051 1419 3086 lusu

371 3101 600 3138 calculorum
654 3101 763 3136 lineae
806 3101 1075 3148 appellabantur
1119 3099 1317 3136 duodecim
1363 3100 1420 3136 illa

375 3151 567 3199 scriptula,
596 3163 655 3199 per
683 3163 777 3199 quae
806 3151 931 3188 calculi
959 3149 1207 3187 decurrebant.
1234 3161 1328 3197 quac
1347 3160 1422 3186 tra·

375 3203 496 3239 mitem
511 3231 519 3244 ‚
547 3201 634 3245 iter,
658 3202 759 3238 viam
776 3230 784 3245 ,
807 3201 990 3249 staiimem
1014 3210 1152 3238 veteres
1176 3201 1354 3238 dicebant.
1383 3210 1423 3238 ut

375 3253 470 3294 iibro
494 3265 555 3290 111.
570 3254 665 3291 Artis
688 3265 721 3289 v.
746 3253 826 3301 363.
845 3251 1187 3293 demonstravimus.
1207 3251 1423 3291 Prudentius

372 3304 609 3348 Praefatione
629 3303 808 3355 Psyeliom
824 3317 832 3342 :

2355 590 2458 649 Sed

1472 723 1565 754 Haec
1579 715 1630 752 ⁴ad
1643 714 1798 764 figuram
1813 725 2019 766 praenotata
2039 716 2082 763 est
2101 716 2220 759 linea}

1474 770 1597 816 Quam
1615 767 1725 813 nostra
1745 769 1831 803 resto
1851 768 1930 803 vita
1950 767 2114 816 resculpat
2130 766 2223 816 pede.

1423 818 1470 857 Et
1490 828 1613 868 aperte
1632 819 1744 866 magis
1764 818 1923 867 Hymno
1944 831 2014 854 vir.
2041 818 2086 854 de
2104 818 2275 864 Jolianne
2292 814 2457 866 Baptista}

1476 876 1619 906 Curvus
1638 869 1864 924 viarumtqni
1884 867 2016 917 retorfit
2033 868 2214 912 tramites,

1476 925 1524 956 Et
1534 918 1688 969 flexuosa
1709 932 1873 966 corrigens
1891 919 2065 967 dzspendia

1476 970 1586 1006 Dedit
1596 969 1810 1019 sequendam
1835 969 1917 1005 calle
1937 972 2024 1005 resto
2047 968 2188 1006 lineam.

1428 1022 1545 1058 Linea
1570 1021 1677 1069 igitur
1697 1021 1787 1057 haec
1809 1020 1987 1058 Circensis
2012 1019 2101 1057 nihil
2131 1018 2251 1063 aliud,
2278 1030 2388 1069 quam
2409 1021 2464 1060 iri:

1427 1072 1620 1110 tervallum
1651 1073 1840 1120 angustum
1866 1099 1876 1115 ‚
1904 1071 2006 1120 quod
2035 1071 2129 1108 inter
2159 1071 2281 1108 sedilia
2312 1083 2462 1111 vacuum

1429 1122 1701 1172 relinquebatur
1723 1150 1733 1166 ,
1770 1131 1809 1159 ut
1836 1122 2098 1159 transeuntibus
2125 1121 2364 1159 commodior
2386 1121 2467 1161 effet

1429 1174 1544 1211 locus.
1590 1173 1711 1210 Sedile
1750 1172 2046 1221 unumquodque
2088 1173 2221 1221 viginti
2255 1181 2317 1210 aut
2357 1173 2468 1221 plures

1432 1223 1576 1263 fortasse
1597 1224 1759 1273 capiebat
1778 1223 1994 1271 speetatores
2009 1222 2114 1261 :inde
2133 1224 2272 1267 lineae,
2285 1222 2371 1261 hinc
2389 1223 2470 1262 inde

1433 1276 1675 1313 interstitium.
1711 1273 1834 1311 sediffe
1867 1284 1992 1312 autem
2028 1274 2146 1323 puella
2176 1274 2320 1311 videtur
2349 1275 2385 1311 in
2411 1282 2483 1312 exi

1433 1334 1550 1364 trema
1569 1326 1735 1363 sedilium
1753 1334 1853 1373 parte
1873 1336 1915 1362 ac
1931 1325 2049 1363 lineae
2067 1325 2256 1373 proxima,
2278 1333 2318 1362 ut
2338 1323 2489 1364 Nasoni·

1433 1377 1525 1414 latus
1543 1376 1606 1414 fibi
1628 1375 1810 1414 claudenti
1827 1375 2031 1413 subtrahere
2054 1375 2123 1412 sese
2144 1387 2221 1412 non
2240 1376 2421 1424 potuerit,
2445 1373 2471 1414 fi

1438 1426 1618 1465 voluisset.
1653 1427 1722 1464 alia
1749 1427 1841 1464 ratio
1871 1425 1921 1464 est
1947 1426 2034 1464 dieti
2061 1426 2280 1464 Terentiani
2309 1425 2477 1467 Eunuchi
2501 1466 2503 1472 ,

1438 1478 1524 1516 Ati.
1548 1491 1602 1515 iv.
1619 1478 1674 1515 Sc.
1698 1490 1742 1515 11.
2502 1483 2504 1485 ’

1491 1533 1591 1565 Certe
1609 1539 1764 1566 extrema
1783 1529 1874 1566 linea
1893 1542 2013 1566 amare
2031 1527 2129 1565 haud
2151 1528 2254 1568 nihil.
2467 1557 2493 1571 ,1,
2531 1553 2536 1557 -

1440 1580 1679 1618 Amatoribus
1710 1580 1851 1617 amicae
1880 1581 1917 1617 in
1949 1581 2047 1617 circo
2079 1580 2271 1627 proximae
2289 1572 2491 1630 affidebaniss'

1440 1631 1669 1679 plerumque.
1708 1642 1793 1667 nam
1823 1631 1937 1667 circus
1963 1631 2016 1667 rei
2044 1631 2246 1667 amatoriae
2285 1629 2497 1679 peropporffj·
2544 1663 2545 1666 ,

1439 1690 1574 1726 11111113,
1602 1691 1642 1718 111
1670 1680 1803 1718 Noster
1832 1681 1956 1728 passim
1987 1679 2145 1717 testatur.
2179 1688 2340 1718 amantes
2372 1692 2492 1727 vero*

1442 1732 1573 1782 quibus
1603 1732 1678 1769 hoc
1704 1744 1781 1769 non
1810 1731 1961 1775 licebat,
1988 1730 2113 1769 saltem
2147 1743 2295 1779 operam
2329 1730 2482 1778 dabant*

1444 1792 1486 1821 ut
1512 1784 1550 1820 in
1573 1783 1734 1826 eodem,
1756 1794 1834 1832 quo
1862 1782 2027 1831 puellae5
2055 1782 2153 1819 sedili
2180 1783 2307 1820 locum
2333 1793 2482 1831 occupa-2
2544 1827 2546 1829 ¹

1445 1842 1537 1871 rent.
1564 1834 1613 1871 ita
1641 1833 1749 1870 fiebat
1774 1844 2058 1881 nonnumquam
2075 1861 2085 1876 ‚
2114 1840 2153 1869 ut
2181 1834 2240 1870 abs
2267 1833 2301 1870 se
2328 1833 2480 1872 invicem

1445 1884 1590 1932 longius
1612 1891 1914 1927 removerentur,
1936 1892 2142 1932 occupante
2165 1884 2283 1932 puella
2304 1895 2413 1920 unam
2433 1882 2486 1922 se?

1449 1935 1528 1972 dilis
1556 1936 1851 1977 extremitatem,
1882 1942 2028 1971 amante
2055 1934 2175 1970 altera.
2214 1935 2261 1972 ita
2294 1933 2423 1979 fiebat,
2444 1941 2482 1972 ut

1448 1980 1674 2023 intermediis
1721 1985 1851 2034 viginti
1897 1994 1959 2022 aut
2007 1985 2166 2033 pluribus
2204 1983 2482 2035 [μᾶ-1101113118,Υ

1449 2036 1570 2085 puella
1599 2036 1642 2073 ab
1671 2045 1818 2073 amante
1850 2036 1934 2079 vix,
1966 2047 2007 2072 ac
2032 2048 2079 2073 ne
2110 2037 2171 2072 vix
2198 2036 2348 2085 quidem
2379 2033 2483 2084 poffet

1453 2087 1626 2136 conspici.
1664 2087 1752 2124 Hoc
1782 2098 1903 2123 amare
1935 2096 2090 2122 extrema
2118 2086 2209 2122 lmea
2238 2086 2329 2124 dixit
2349 2086 2484 2124 Teren.-

1452 2139 1545 2183 tius,
1575 2149 1660 2175 cum
1687 2149 1812 2175 amans
1838 2138 1995 2175 amicam
2029 2138 2161 2174 intueri
2190 2150 2268 2175 non
2292 2136 2428 2186 potest,
2449 2136 2484 2178 in

1451 2189 1539 2226 loco
1584 2188 1628 2225 ab
1672 2188 1925 2237 interpretibus
1962 2189 2136 2225 hactenus
2183 2200 2260 2226 non
2299 2186 2486 2226 intellecto.

1453 2251 1566 2288 quem
1591 2238 1780 2275 Salmasius
1803 2239 1864 2276 fibi
1892 2240 2013 2287 primo
2037 2237 2186 2286 patuisse
2207 2251 2394 2288 perperam
2414 2237 2485 2287 glo-

1454 2291 1574 2327 riatur.
1590 2289 2091 2326 &sicPet1·on.c.cxxv1.Ex
2111 2289 2176 2326 hac
2197 2302 2277 2326 nota
2298 2289 2339 2337 est
2357 2287 2486 2334 domim}

1457 2353 1548 2384 mea,
1562 2353 1664 2390 usque
1684 2338 1728 2376 ab
1750 2339 1927 2388 Orchestra
1947 2340 2205 2391 quatuordecim
2226 2339 2441 2390 transilitssy⁵
2453 2337 2488 2375 in

1458 2402 1613 2427 exirema
1638 2400 1737 2439 parte
1764 2391 1900 2439 quaerit
1928 2391 2018 2442 qnod
2045 2390 2180 2439 diligat.
2208 2392 2280 2428 hoc
2307 2391 2354 2428 est
2378 2391 2413 2428 in
2430 2399 2490 2432 exi·

1458 2451 1574 2479 trema
1593 2442 1769 2490 graduum
1783 2442 1892 2479 linea.
1914 2453 2035 2491 neque
2053 2442 2154 2478 aliter
2175 2442 2392 2490 capiendum
2412 2437 2492 2478 illud

1459 2493 1637 2530 Martialis
1660 2492 1718 2529 lib.
1741 2505 1830 2529 viix.
1854 2492 1961 2541 Epist.
1981 2492 2037 2538 78.
2067 2498 2138 2528 Nec
2165 2492 2257 2529 linea
2278 2492 2374 2529 dives
2394 2489 2492 2539 cessat.

1460 2556 1524 2592 per
1542 2555 1652 2593 quam
1678 2543 1884 2580 ferebantur
1906 2555 2056 2580 munera
2071 2558 2081 2586 3
2099 2544 2192 2580 male
2219 2541 2403 2581 Salmasius
2424 2540 2493 2600 ali&
2546 2554 2547 2559 ¹

1462 2607 1535 2643 que
1555 2596 1845 2641 interpretantur.
1877 2595 1994 2632 Linea
2011 2602 2086 2630 tam
2106 2595 2143 2631 in
2170 2594 2340 2631 Tlieatris
2354 2622 2362 2637 ‚
2389 2601 2492 2642 quam

1465 2647 1590 2688 circo,
1605 2644 1706 2692 quod
1726 2645 1873 2693 negavit
1897 2644 2096 2681 Salmasius,
2125 2644 2210 2682 vide
2223 2645 2433 2682 Vitruvium
2453 2641 2494 2680 de

1465 2695 1559 2732 linea
1589 2695 1777 2732 Tlieatrali
1805 2695 1881 2732 libr.
1906 2707 1938 2731 v.
1967 2707 2042 2743 cap.
2067 2707 2098 2743 3.
2128 2696 2283 2732 Lineam
2305 2696 2343 2732 in
2363 2693 2494 2742 Orche-

1467 2746 1531 2782 stra
1563 2746 1672 2782 etiam
1702 2746 1807 2794 ponit
1837 2745 2038 2794 Hesychius
2063 2759 2070 2782 ε
2116 2747 2281 2791 spasmon}
2304 2746 2340 2781 ἐν
2364 2747 2405 2791 τῇ
2426 2738 2496 2788 Ὀῥ-
2544 2742 2546 2746 '

1470 2798 1592 2841 χής-ρᾳ
1616 2797 1722 2839 ἦσαν,
1741 2798 1783 2839 ὡς
1807 2798 1865 2832 τὸν
1883 2797 1985 2841 χορὸν
2008 2794 2043 2830 ἐν
2063 2796 2343 2842 ςωχῷῖςαισθκι,
2365 2796 2495 2832 HEINS.
2544 2807 2545 2810 ’

1472 2847 1633 2884 Obscura
1658 2845 1727 2884 esse
1750 2849 1860 2890 haec,
1888 2859 1980 2896 quae
2003 2847 2067 2884 viri
2090 2847 2190 2884 docti
2210 2848 2255 2885 de
2274 2847 2376 2885 lineis
2394 2846 2444 2883 1113
2461 2845 2496 2884 in

1472 2900 1583 2936 Circo
1612 2897 1818 2946 disputant,
1846 2898 1925 2935 satis
1957 2899 2103 2934 conflat.
2145 2898 2286 2936 Heinfii
2315 2909 2400 2935 vero
2427 2895 2498 2941 senff

1472 2949 1625 2987 tentiam
1646 2976 1656 2990 ‚
1684 2961 1794 2996 quam
1822 2950 1859 2985 &
1879 2956 2000 2985 tuetur
2020 2948 2075 2985 Cl.
2099 2950 2276 2986 Graevius
2296 2948 2439 2986 Praefat.
2456 2942 2499 2983 ad

1473 3009 1566 3037 tom.
1602 3010 1652 3034 ix.
1687 2998 1863 3035 Thes-aur.
1893 3000 2019 3047 Antiq.
2048 3000 2159 3036 Rom.
2191 3000 2346 3048 puellam
2374 3002 2500 3044 nempe

1474 3047 1597 3087 sedisse
1630 3049 1667 3084 in
1702 3058 1865 3085 extrema
1891 3049 2056 3087 sedilium
2088 3059 2187 3098 parte
2210 3079 2220 3095 ,
2256 3050 2340 3088 ideo
2368 3044 2501 3097 probari

1478 3101 1539 3136 vix
1563 3107 1653 3146 puto
1676 3113 1685 3141 3
1722 3100 1805 3147 quia
1829 3108 1917 3137 tunc
1944 3101 2047 3137 facile
2067 3100 2236 3149 potuisset
2257 3102 2439 3149 refugere,
2464 3096 2501 3134 &

1477 3162 1541 3198 per
1567 3150 1664 3186 viam
1688 3150 1783 3187 illam
1808 3151 2061 3188 intermediam
2078 3181 2087 3192 ,
2117 3151 2190 3190 five
2218 3152 2375 3193 lineam,
2401 3156 2439 3187 ut
2457 3145 2504 3185 illi

1479 3209 1633 3241 vocant,
1656 3200 1800 3237 manlii-e
1822 3202 1855 3238 in
1878 3203 1987 3239 alium
2010 3202 2171 3240 sedilium
2192 3202 2368 3239 ordinem.
2396 3198 2505 3236 Dein·
2545 3226 2547 3229 -

1480 3251 1525 3288 de
1556 3250 1769 3300 fingendum
1798 3262 1885 3290 tunc
1914 3254 2068 3291 Poeram
2096 3252 2253 3291 secundo
2276 3264 2295 3288 a
2316 3250 2408 3287 linea
2426 3250 2507 3287 loco

1479 3301 1602 3342 sediffe
1615 3330 1627 3350 ‚
1642 3304 1678 3340 &
1695 3303 1858 3354 priorem
1879 3303 2013 3342 veniffe
2033 3306 2069 3343 in
2092 3305 2237 3343 Circum
2250 3329 2262 3349 ‚
2280 3301 2337 3340 cui
2353 3300 2387 3339 se
2405 3299 2509 3386 spor}-

2492 3357 2512 3386 e
