2553 3676
313 207 409 277 358
805 194 866 254 P.
941 186 1352 252 OVID‘II

1423 185 1960 263 NASONis

492 307 564 360 ας
603 288 679 346 Et
704 287 793 342 eui
817 301 929 341 non
952 284 1186 355 placeas?
1227 280 1357 339 nulli
1380 291 1470 335 tua
1497 277 1669 335 forma
1693 279 1923 335 secunda
1946 277 2037 336 est.

681 359 782 416 Me
806 356 1076 413 miseram!
1120 355 1312 427 dignus
1336 370 1565 426 corpore
1590 353 1761 408 cultus
1795 353 1953 408 abest.

611 435 758 489 Tam
783 431 914 485 felix
938 429 1092 494 effeS,

1130 447 1290 555 qpam
1315 425 1682 481 formosissima
1695 466 1710 491 ,
1747 428 1961 483 vellem.

687 506 815 560 Non
838 520 970 575 egO,
1006 516 1060 557 te
1085 502 1165 558 fae
1191 520 1220 555 a
1246 501 1441 560 divite,
1475 514 1678 569 pauper
1703 515 1815 553 er0.

601 579 759 634 Stella
784 576 880 631 tibi
904 575 1132 649 oppofiti
1154 572 1341 626 nocuit
1367 570 1632 623 contraria
1655 568 1863 626 MartiS.

501 671 570 717 30

680 649 828 705 Mars
853 649 1006 703 abiit:
1046 648 1191 717 signo
1216 660 1359 699 nune
1385 641 1572 696 Venus
1599 653 1719 711 apta
1754 643 1865 699 suo,

610 723 778 778 Prosit
802 735 861 776 ut
886 719 1199 780 advenienS‚
1239 734 1307 770 en
1329 713 1555 786 adspice.
1595 713 1744 769 dives
1768 728 1974 771 amator

686 796 776 849 Te
800 794 977 863 cupit,
1017 790 1073 845 &
1099 808 1286 853 curae,
1321 786 1455 860 quid
1481 786 1578 841 tibi
1605 786 1764 850 defit,
1798 788 1975 842 habet.

615 866 710 923 Est
735 866 895 920 etiam
917 863 1104 927 facieS‚
1143 879 1278 935 quae
1303 861 1354 914 se
1383 859 1479 913 tibi
1505 874 1810 932 comparet,
1844 861 1946 915 illi:

687 939 743 992 Si
769 951 822 992 te
847 954 959 992 non
982 949 1181 992 emtam
1206 934 1396 998 vellet,

375 1155 436 1205 '251
464 1158 510 1193 Et
537 1166 595 1190 cur
623 1164 692 1189 non
711 1148 903 1201 placeam]
933 1148 1003 1186 Cui
1027 1164 1094 1188 non
1117 1147 1248 1199 placeas
1272 1158 1366 1187 unus

323 1207 447 1253 Vatic.
470 1207 507 1243 δε
528 1202 774 1242 Farnesianus.
800 1201 850 1239 fic
867 1202 944 1239 libr.
965 1212 1011 1237 11.
1042 1202 1097 1240 El.
1114 1212 1149 1246 4.

378 1272 465 1303 Tam
483 1266 597 1302 debias
614 1264 689 1316 quis
707 1277 776 1301 non
790 1263 882 1314 possit
899 1276 1019 1300 amare
1037 1277 1164 1301 manus
1176 1273 1192 1302 ἒ

323 1329 537 1367 ΗεΙΝεως.
565 1329 692 1366 Ηεέὶε.
719 1329 768 1365 ita
796 1327 924 1377 saepe3
953 1339 1021 1376 pro
1054 1328 1227 1366 omnibus
1251 1326 1370 1376 places

325 1380 450 1419 forma
472 1380 546 1418 tufi.
566 1381 668 1429 Eleg,
684 1378 850 1428 praeced.

377 1442 471 1492 {Qus
486 1441 576 1479 mihi
595 1453 662 1477 non
684 1440 842 1488 demens,
870 1441 947 1494 quis
967 1444 1035 1479 non
1059 1441 1172 1487 mihi,
1200 1439 1345 1478 barbare
1358 1468 1369 1486 ‚

506 1491 612 1530 dixit.

327 1557 447 1595 Cicer.
469 1567 534 1592 111.
556 1555 603 1594 ad
630 1556 734 1594 Fam.
752 1557 818 1595 ult.
840 1558 931 1606 §Quis
945 1557 993 1595 ad
1014 1571 1068 1595 me
1088 1571 1156 1595 non
1172 1555 1371 1607 perfirgvfit.

325 1607 365 1645 id
392 1607 465 1650 est,
494 1618 637 1644 omncs.
664 1608 932 1646 Rumpimus.

380 1669 438 1706 30.
467 1662 577 1694 Venus
596 1666 678 1707 apta
698 1658 793 1708 tum]
825 1659 955 1698 Tuum
976 1659 1118 1709 signum
1141 1660 1271 1697 Venus
1296 1659 1344 1696 est
1357 1674 1369 1702 ;

325 1707 402 1746 hoc
424 1707 471 1745 est
489 1708 553 1745 tibi
574 1710 786 1757 propitium.
813 1710 874 1747 alii
893 1710 1037 1748 codices
1055 1712 1131 1759 suo.
1159 1711 1372 1747 Heinsms.

383 1770 442 1807 31.
470 1757 577 1807 Profit
595 1772 637 1798 <9⁶
654 1760 884 1810 adveniens.]
914 1762 1031 1800 Vetus
1057 1761 1168 1798 leetio
1188 1761 1236 1798 est
1250 1789 1260 1806 ,
1289 1767 1373 1797 Pro-

320 1807 374 1858 fit
393 1819 432 1845 ut
452 1808 641 1847 adveniens
662 1824 703 1846 en
722 1810 836 1860 aspice.
866 1820 907 1849 ut
929 1811 970 1850 fit
990 1812 1082 1850 ordo
1103 1813 1142 1848 ὃ(
1164 1811 1302 1849 sensus:
1334 1812 1370 1848 O

329 1858 461 1908 puella.
490 1864 566 1903 En,
595 1861 630 1898 id
652 1862 722 1905 est,
751 1874 848 1899 ecce.
874 1867 943 1907 Ut,
971 1863 1008 1900 id
1026 1863 1097 1904 est,
1126 1862 1373 1911 quemadmo-
1405 1859 1408 1863 ’

329 1910 447 1947 dum:
477 1909 619 1958 supple,
649 1913 775 1950 Venus
795 1913 993 1951 adveniens
1012 1912 1125 1962 profit
1144 1913 1219 1951 tibi.
1250 1914 1374 1950 Adve-

328 1960 439 1998 niens.
467 1960 620 1998 Dixerat
646 1964 745 2000 enim
774 1963 875 2012 supra
895 1977 903 2001 ι
925 1970 1034 2000 Mars
1060 1963 1158 2001 abiit.
1189 1965 1287 2002 Cum
1306 1965 1374 2012 igi-

329 2018 390 2048 tur
420 2012 519 2048 Mars
547 2011 735 2051 adversum
765 2013 858 2052 fidus
878 2014 1037 2060 abiiss'et,
1065 2014 1274 2053 beneficum
1296 2015 1375 2051 Ve-

331 2062 428 2099 neris
451 2060 648 2102 adveniens
663 2065 741 2112 jam
765 2063 930 2112 prodesse
951 2066 1100 2115 incipit:
1131 2066 1234 2115 quod
1255 2065 1375 2102 osten-

333 2111 446 2155 dens,
474 2112 545 2149 ait:
574 2113 685 2149 Dives
705 2125 842 2151 amator
869 2127 900 2152 te
918 2117 1028 2165 cupit,
1068 2124 1106 2154 te
1124 2117 1285 2164 deperit.-
1315 2116 1376 2153 cui

328 2174 421 2200 ,cura
443 2162 489 2199 est
508 2162 545 2199 id
564 2164 665 2212 quod
683 2166 744 2202 tibi
768 2165 886 2209 deest,
915 2168 951 2203 id
973 2167 1045 2210 est,
1073 2167 1200 2214 dignus
1222 2178 1377 2214 corpore

334 2214 463 2251 cultus.
491 2214 672 2254 Mantus.
703 2217 868 2265 Uterque
889 2217 978 2254 liber
995 2216 1240 2260 Maffeianus‚
1270 2214 1379 2264 Profit

334 2273 388 2300 ut.
418 2265 632 2302 Crormus.
662 2264 767 2314 Profit
795 2279 837 2306 (φ
860 2267 994 2304 Aldina
1015 2268 1112 2314 prior
1128 2295 1138 2309 ,
1160 2267 1316 2315 Gryphii
1339 2268 1378 2304 &

333 2312 557 2353 Bersmanni.
594 2315 654 2353 sed
691 2317 785 2352 male
817 2345 828 2361 ‚
882 2318 920 2354 &
948 2317 1044 2354 reete
1075 2318 1213 2354 Marius
1240 2317 1378 2366 rejecit.

335 2364 377 2402 δέ
398 2374 438 2400 ut
466 2365 638 2413 explicuit
657 2378 721 2414 pro
754 2368 1055 2416 quemadmodum.
1084 2379 1161 2404 non
1182 2368 1297 2404 male:
1327 2367 1378 2405 as-

334 2416 419 2464 pice
436 2427 512 2464 quo
534 2416 650 2453 modo
669 2417 868 2455 adveniens
890 2419 983 2456 stella
1004 2419 1157 2455 Veneris
1171 2419 1235 2455 tibi
1257 2417 1377 2466 prosit,

333 2465 396 2503 sed
418 2467 512 2503 forte
536 2467 663 2504 Lenae
676 2495 685 2511 ,
705 2469 881 2506 formanti
899 2469 1027 2506 rudem
1049 2469 1276 2507 meretriciae
1295 2470 1378 2507 artis

334 2516 496 2565 puellam
512 2544 522 2560 ,
544 2518 824 2556 convenientius
843 2520 940 2556 foret
951 2521 1097 2568 legere:

389 2577 498 2628 Prostt
519 2589 559 2616 ut
578 2580 790 2626 adveniens,
817 2595 859 2618 en
878 2582 999 2632 accipe.

337 2638 382 2675 Id
412 2640 459 2676 est
488 2638 583 2677 disce
612 2653 712 2679 nunc
737 2654 782 2678 ex
806 2655 891 2687 me,
920 2655 990 2692 qua
1010 2644 1150 2681 ratione
1170 2643 1234 2682 tibi
1253 2646 1381 2682 Venus

337 2689 491 2743 favens,
521 2692 640 2729 forma
671 2694 709 2728 &
736 2702 852 2731 aetate
882 2693 1052 2739 florenti,
1080 2695 1186 2742 possit
1218 2694 1382 2741 prodesse

340 2737 442 2792 dix-es
472 2752 556 2778 cum
589 2742 629 2780 fit
655 2753 798 2780 amator
825 2745 863 2781 &
884 2745 1035 2788 habeat,
1063 2745 1166 2793 quod
1185 2746 1249 2782 tibi
1271 2746 1381 2790 defit,

341 2790 547 2843 spoliandus
569 2794 656 2836 erit,
688 2803 726 2831 ut
757 2795 793 2831 in
814 2795 1043 2844 sequentibus
1065 2796 1222 2843 pluribus
1242 2796 1381 2839 tradet3

345 2838 434 2893 illud
462 2842 569 2878 etiam
601 2857 699 2879 curae
729 2845 814 2894 qaid
836 2845 899 2882 tibi
926 2844 1007 2893 defit
1030 2845 1130 2882 habet
1152 2874 1162 2890 ,
1191 2846 1384 2883 obscurum

344 2890 435 2925 m1111'
460 2890 609 2929 videtur.
639 2905 722 2930 nam
745 2894 767 2930 fi
791 2895 893 2932 habet
913 2909 1012 2933 curae
1030 2897 1116 2947 quid
1136 2908 1206 2936 &¹6-
1229 2898 1388 2946 conjun-

343 2951 404 2996 gas
421 2968 429 2982 ,
456 2952 587 2996 J'ereor
611 2952 649 2979 ut
671 2944 746 2980 latis
772 2946 903 2983 Latine
928 2947 969 2984 fit
991 2948 1130 2985 dictum
1146 2975 1156 2991 ,
1180 2959 1262 2984 cum
1285 2948 1388 2984 habet

344 2990 578 3038 iimpliciter,
607 3003 671 3039 pro
705 2995 804 3030 dives
828 2997 876 3032 est
899 3024 908 3038 ‚
955 3006 994 3033 ut
1025 2998 1154 3034 millies
1174 3025 1184 3040 ‚
1227 2998 1387 3046 politum

346 3040 523 3078 videatur.
551 3042 623 3079 vid.
647 3043 692 3079 ad
711 3044 858 3081 l’haedr.
878 3046 938 3083 lib.
960 3060 993 3083 v.
1012 3047 1095 3083 Fab.
1120 3060 1154 3092 4.
1182 3059 1293 3096 quare
1313 3049 1389 3085 for-

345 3099 384 3129 te
405 3093 533 3130 melius
554 3093 712 3141 legatur:

400 3156 446 3187 Et
460 3180 470 3195 ,
499 3151 610 3188 cultae
632 3153 722 3200 quod
741 3153 805 3189 tibi
821 3153 901 3201 defit
915 3182 924 3198 ,
951 3153 1065 3190 habet.

347 3213 452 3260 §Quod
479 3214 577 3251 enim
610 3213 658 3250 est
689 3218 726 3254 in
751 3216 963 3254 Palatino&
984 3217 1140 3256 Douzae
1159 3219 1298 3258 codice.
1327 3219 1387 3257 ille

347 3264 456 3303 habet
475 3263 579 3315 quod
597 3264 662 3303 tibi
687 3267 809 3306 deficit
830 3267 875 3306 ad
897 3268 1059 3313 cultum,
1089 3279 1129 3308 ut
1148 3271 1250 3320 supra
1269 3270 1392 3318 dignus

1436 932 1694 989 emendus
1718 946 1845 988 erat,

2292 1006 2317 1075 (
2328 1001 2458 1063 Eru-

1422 1155 1549 1197 corpore
1567 1145 1679 1184 cultus
1697 1145 1795 1194 abest.
1821 1153 1859 1185 te
1872 1156 1967 1184 <vero
1985 1145 2093 1183 decet
2112 1142 2183 1182 esse
2201 1141 2336 1182 cultam
2351 1171 2361 1189 ,
2386 1156 2470 1185 non>

1422 1206 1463 1235 ut
1490 1198 1647 1235 incultae
1671 1198 1835 1235 Sabinae.
1868 1209 1956 1234 vers.
1982 1208 2040 1245 39.
2069 1197 2108 1233 &
2135 1196 2222 1233 licet
2241 1207 2313 1244 pro
2339 1206 2378 1233 re
2402 1202 2460 1236 tua

1422 1249 1502 1286 satis
1523 1249 1617 1285 culta
1638 1247 1708 1286 effe
1730 1248 1884 1286 videaris
1899 1276 1907 1290 ‚
1921 1248 2029 1285 habet
2041 1248 2099 1285 ille
2112 1247 2214 1296 quod
2227 1245 2347 1284 adhuc
2357 1244 2460 1285 cultas

1422 1299 1574 1336 accedere
1597 1298 1690 1348 poffit
1713 1330 1721 1343 ‚
1761 1308 1800 1337 ut
1826 1300 1989 1348 loquitur
2020 1311 2064 1336 11.
2090 1299 2220 1335 Amor.
2248 1310 2278 1335 v.
2312 1308 2372 1346 37.
2395 1297 2461 1343 hae

1425 1360 1549 1389 autem
1570 1363 1682 1388 voces
1702 1350 1874 1389 confusae
1894 1351 2006 1388 etiam
2027 1350 2207 1387 1v.·Pont.
2227 1361 2255 1386 x.
2279 1359 2362 1395 142..

1476 1416 1630 1465 Corporis
1646 1417 1693 1453 ad
1717 1429 1836 1454 curam
1858 1416 1925 1452 vix
1943 1424 2052 1451 vacat
2067 1414 2131 1451 illa
2142 1415 2216 1464 sui.
2229 1420 2237 1427 “

1424 1475 1502 1513 Ubi
1524 1476 1669 1514 codices
1686 1477 1744 1514 alii
1759 1506 1769 1521 ‚
1797 1476 1845 1513 ad
1865 1475 2010 1513 cultum.
2038 1473 2156 1522 poffet
2177 1475 2217 1512 &
2233 1473 2329 1523 legii

1478 1541 1524 1573 Et
1541 1536 1705 1586 pulchrae
1724 1538 1814 1588 quod
1831 1538 1895 1575 tibi
1913 1536 2015 1583 defit,
2043 1534 2159 1576 habet.

1428 1601 1509 1641 Nifi
1525 1603 1585 1640 hic
1605 1616 1726 1639 curam
1742 1616 1808 1652 pro
1827 1605 1929 1642 cultu
1946 1615 2099 1652 quoque
2119 1604 2314 1652 capiamus.
2333 1603 2462 1645 Bum:

1479 1664 1537 1702 33.
1566 1656 1667 1701 Quae
1685 1653 1722 1702 se
1750 1653 1814 1691 tibi
1844 1655 2048 1704 comparet.]
2079 1656 2163 1703 Qu
2183 1655 2340 1694 malebat
2359 1656 2466 1695 Fran·
2537 1683 2540 1689 ·

1429 1705 1515 1742 cius.
1543 1704 1635 1741 nihil
1657 1716 1762 1753 opus.

1482 1767 1540 1804 35.
1567 1753 1729 1792 Erubuit.
1754 1754 1770 1805 ]

1431 1966 1471 1996 ut
1488 1956 1672 2005 oppositio
1691 1956 1733 1994 fit
1754 1958 1848 1995 inter
1869 1957 1950 1994 alba
1973 1958 2011 1996 &
2032 1958 2199 1996 ruborem.
2228 1960 2413 1997 Rumam.

1483 2019 1542 2057 37.
1570 2006 1746 2056 spec-rabis.
1770 2007 1785 2057 ]
1826 2008 1861 2046 Si
1878 2009 2041 2058 speffaris
2068 2022 2135 2058 pro
2164 2010 2380 2058 speetaveris
2407 2020 2466 2058 per
2534 1991 2548 2044 τ’

1432 2059 1629 2108 Syncopen
1657 2058 1886 2107 subjunetive
1912 2060 2094 2109 legeretur
2115 2089 2124 2105 ,
2154 2061 2245 2098 mihi
2266 2062 2378 2109 magis
2396 2060 2468 2108 pla·

1433 2118 1550 2147 ceret:
1578 2108 1638 2146 sed
1663 2109 1790 2146 nullibi
1819 2109 1856 2147 id
1881 2112 2093 2158 reperimus.
2119 2122 2197 2148 non
2221 2112 2329 2159 igitur
2350 2111 2396 2148 est
2415 2118 2468 2148 te-

1433 2172 1534 2198 mere
1556 2160 1844 2198 immutandum.
1872 2160 2041 2209 Speelare
2065 2170 2190 2199 autem
2208 2163 2390 2209 gremium
2411 2160 2471 2198 de·
2537 2190 2539 2194 .

1428 2210 1535 2260 jedlis
1562 2211 1699 2255 oculis,
1728 2211 1929 2249 modestiae
1951 2211 1999 2249 est
2032 2213 2068 2249 ὅ(
2093 2211 2251 2262 pudoris,
2278 2211 2380 2262 quod
2403 2211 2470 2257 Dif

1434 2261 1523 2299 doni
1542 2262 1652 2298 etiam
1672 2262 1782 2299 Maro
1801 2262 1901 2300 dedit
1915 2291 1925 2306 ‚
1954 2262 2077 2300 dicens
2093 2277 2100 2300 :

1485 2317 1573 2347 Tum
1592 2311 1743 2347 breviter
1764 2312 1855 2349 Dido
1877 2312 2023 2349 vultum
2043 2313 2182 2362 demiffiae
2194 2315 2365 2364 profatur.

1434 2363 1546 2399 Hanc
1574 2362 1791 2400 modestiam
1821 2364 1859 2400 δε
1887 2363 2069 2411 pudorem
2099 2374 2253 2403 conatur
2278 2365 2359 2402 lena
2380 2363 2472 2402 sum-‘
2532 2375 2553 2399 ’ω

1435 2425 1496 2450 ma
1528 2425 1599 2461 ope
1631 2411 1651 2450 a
1684 2413 1794 2451 corde
1822 2414 1963 2462 puellae
1999 2425 2196 2452 removere
2221 2444 2230 2458 ,
2271 2424 2310 2454 ut
2341 2415 2470 2454 facilius
2540 2416 2542 2419 ’

1434 2463 1538 2513 quod
1565 2463 1725 2501 intendit
1744 2492 1757 2508 ‚
1794 2464 1827 2501 ei
1852 2465 1958 2512 poflit
1989 2465 2210 2513 persuadere.
2239 2467 2337 2503 Nam
2361 2465 2470 2514 pudor
2550 2481 2553 2497 ι

1436 2514 1485 2552 est
1503 2514 1611 2551 hostis
1632 2515 1821 2562 Cupidinis
1836 2542 1845 2558 ‚
1875 2524 1912 2552 ut
1932 2515 2032 2564 supra
2056 2515 2145 2554 dixit
2168 2517 2275 2554 Naso.
2304 2517 2351 2554 Et
2370 2516 2469 2554 Cice·
2546 2534 2548 2538 ¹

1436 2576 1479 2603 1¹0
1508 2566 1648 2613 optime
1679 2565 1770 2602 dixit
1794 2579 1802 2602 :
1839 2565 1955 2612 Custos
1984 2580 2064 2603 vero
2095 2567 2275 2604 virtutum
2298 2567 2469 2610 omnium,

1440 2616 1579 2652 dedecus
1597 2616 1733 2664 fugiens
1749 2645 1757 2658 ,
1783 2615 1966 2666 laudesque
1996 2617 2150 2654 maxime
2173 2619 2391 2666 consequens,
2416 2629 2471 2653 ve·

1439 2667 1603 2703 recundia
1637 2666 1690 2713 est.
1725 2668 1903 2704 Mamus.
1949 2666 2107 2705 Fortasse
2138 2669 2302 2717 speffffaris
2339 2667 2471 2706 refflus.

1441 2718 1696 2755 NAUGERms.
1725 2717 1889 2766 spembis
1909 2717 1989 2755 libri
2010 2727 2162 2756 veteres
2189 2719 2293 2757 bene.
2323 2719 2402 2756 infr.
2417 2727 2472 2768 93.

1441 2773 1533 2805 Cum
1557 2768 1621 2804 tihi
1638 2767 1804 2813 deficient.
1833 2769 2050 2805 Cxormus.

1495 2819 1554 2868 38.
1583 2821 1770 2866 ιΕζζιιιῑπῐκνη
1791 2819 1932 2868 quisque
1950 2818 2087 2869 ferat.]
2120 2819 2312 2866 Tantum,
2339 2819 2473 2870 inquit,

1442 2870 1688 2919 unusquisque
1726 2869 1966 2917 respiciendus
2008 2870 2089 2914 est,
2136 2880 2315 2919 quantum
2359 2870 2473 2908 afferat

1443 2932 1687 2958 nummorum
1717 2921 1754 2956 δε
1785 2920 2043 2957 emolumenti.
2078 2921 2198 2958 Potest
2232 2924 2270 2959 &
2300 2923 2359 2960 hic
2386 2919 2472 2958 ordo

1445 2973 1484 3009 ὃς
1512 2971 1627 3008 sensus
1659 2972 1792 3007 horum
1818 2971 2021 3008 carminum
2050 2970 2119 3008 effe
2140 3000 2150 3016 ,
2180 2974 2219 3009 <Sc
2245 2970 2384 3010 fortaffe
2399 2980 2472 3008 non

1442 3021 1631 3068 illepidus,
1659 3028 1699 3056 ut
1723 3020 1818 3056 dicat
1848 3021 1973 3068 Dipsas
1997 3034 2005 3058 :
2046 3022 2082 3058 O
2115 3023 2255 3070 puella,
2284 3035 2367 3061 cum
2386 3021 2474 3058 bene
2545 3028 2549 3035 ·

1444 3071 1662 3118 perspexeris
1676 3098 1686 3113 ,
1702 3078 1880 3118 quantum
1900 3083 2143 3110 nummorum
2165 3073 2289 3111 afferat
2308 3073 2368 3110 tibi
2386 3070 2477 3121 quis-

1445 3132 1543 3168 que,
1570 3120 1607 3156 id
1639 3120 1708 3163 est,
1737 3130 1878 3157 amator
1908 3130 1990 3159 tuus
2019 3123 2117 3160 Naso
2139 3151 2149 3167 ,
2187 3125 2224 3160 &
2252 3124 2334 3167 alii,
2361 3121 2386 3159 fi
2415 3119 2475 3170 qui

1444 3170 1526 3207 sunt
1557 3170 1778 3216 (minimum
1805 3172 1906 3208 enim
1934 3173 2115 3214 afferunt)
2141 3174 2201 3211 hic
2223 3173 2322 3211 dives
2342 3179 2476 3210 amator

1446 3221 1513 3257 erit
1533 3219 1552 3256 a
1574 3229 1610 3257 te
1633 3221 1895 3269 respiciendus,
1922 3224 2007 3271 quia
2029 3224 2142 3274 longe
2161 3224 2314 3273 largiora
2331 3230 2476 3260 munera

1446 3271 1568 3311 faciet.
1595 3271 1678 3309 Nec
1695 3273 1895 3321 improprie
1918 3273 2033 3312 dixit:
2395 3324 2424 3358 C
2448 3302 2454 3308 -

2425 3330 2481 3356 um

1806 1756 1896 1794 Hoc
1924 1756 2021 1794 reete
2061 1768 2081 1794 a
2114 1757 2231 1795 Poeta
2265 1757 2335 1795 dici
2363 1763 2468 1795 notat
2516 1767 2551 1794 ιτα

1429 1806 1581 1844 Marius.
1609 1807 1647 1843 ὃς
1675 1805 1762 1843 ideo
1790 1807 1993 1855 parenthefi
2017 1808 2282 1845 includendum
2298 1808 2372 1844 hoc
2399 1819 2468 1845 vo·
2526 1811 2553 1842 »η’

1431 1856 1613 1895 cabulum.
1641 1868 1727 1893 nam
1755 1856 1845 1893 decet
1869 1858 2003 1894 iterum
2017 1858 2065 1894 est
2085 1858 2190 1895 lenae
2210 1858 2342 1895 sermo.
2369 1869 2467 1905 prae·
2543 1872 2553 1890 1·

1429 1916 1542 1950 terea,
1553 1906 1644 1942 decet
1651 1905 1733 1942 alba
1743 1907 1881 1958 quidem
1889 1906 1992 1944 rubor
2001 1921 2059 1943 ora
2070 1908 2260 1946 Palatinus.
2273 1921 2349 1945 non
2363 1908 2468 1954 male,
2530 1908 2547 1944 ἵε
