2553 3676
0 0 22 146 *⁴1⁴2

30 2847 31 2883 ἦ
80 2815 262 2853 Procubuit
291 2820 409 2868 templo
434 2821 522 2867 casta
553 2822 719 2857 Minerva
746 2832 814 2858 tuo.
839 2822 853 2871 Ἰ

30 2884 31 2892 κ
81 2875 221 2914 praeter
240 2868 327 2905 alios
356 2872 404 2917 Q.
432 2871 649 2919 Smyrnaeus
674 2872 734 2910 lib.
756 2885 834 2910 xxv.
856 2873 1112 2911 derelielorum

30 2925 31 2938 ¹
83 2916 126 2953 ab
148 2917 318 2954 Homero
359 2922 571 2958 (horarius.

681 193 736 247 A
771 185 841 243 M
873 185 926 239 O
959 182 1015 238 R
1050 180 1105 237 U
1141 179 1211 237 M
1285 201 1320 236 L
1355 201 1376 237 1
1411 204 1455 238 B.

378 281 528 352 Ergo
553 294 654 349 ego
680 270 907 343 digestos
931 271 1085 341 potui
1111 270 1305 323 laniare
1330 270 1572 344 capillos:

447 354 561 407 Nec
588 346 860 401 dominam
883 354 1062 397 motae
1088 342 1392 397 dedecuere
1417 346 1634 399 comae?

353 424 459 479 ¹Sic
483 418 710 476 formosa
734 417 865 478 fuit;
908 417 1067 470 talem
1094 414 1431 469 Schoeneida
1456 417 1643 473 dicunt

443 491 730 547 Maenalias
759 507 884 544 arcu
910 488 1200 543 sollicitaffe
1226 487 1378 542 feraS.

265 587 324 636 15
360 566 504 621 Talis
532 563 727 635 perjuri
752 561 1103 637 promiffaque
1128 562 1350 634 velaque
1373 553 1575 615 Thesei

445 636 616 690 Flevit
645 636 960 708 praecipites
986 634 1165 689 Creffa
1190 634 1358 688 tuliffe
1383 634 1576 688 Notos,

372 710 457 764 Sic
480 750 494 773 ‚
532 707 625 762 nifi
650 709 848 763 vittatis
875 708 1024 780 quod
1051 721 1189 770 erat,
1227 706 1539 771 Caffandra‚
1577 705 1802 779 capilliS‚

1532 185 1569 239 Ι·
1645 206 1690 254 7·
2121 212 2212 259 ‚251

439 781 735 836 Procubuit
759 782 990 852 temp10‚
1028 779 1161 834 casta
1189 779 1468 844 Minerva,
1509 795 1616 835 tuo.

357 853 492 926 Quis
519 855 649 909 mihi
674 872 811 917 non,
850 855 1114 916 Demens,
1152 853 1268 925 quis
1291 870 1402 905 non
1424 853 1583 916 mihi,
1622 850 1881 917 Barbare,
1916 851 2085 909 dixit?

253 945 323 980 20

431 927 540 998 Ipsa
563 927 707 981 nihil.
748 927 945 998 pavido
971 927 1146 996 lingua
1171 940 1377 979 retenta
1401 938 1566 979 metu,

365 999 471 1054 Sed
500 1000 646 1053 taciti
668 999 846 1053 fecere
880 1013 1056 1054 tamen
1084 999 1326 1052 convicia
1349 998 1554 1058 vultus3

438 1071 569 1144 Egit
593 1090 679 1126 me
705 1073 958 1137 lacrimi8‚
997 1089 1090 1125 ore
1116 1070 1323 1134 silente,
1359 1088 1528 1124 reum.

363 1145 511 1199 Ante
537 1162 686 1199 meos
712 1145 945 1200 humeris
971 1145 1163 1199 vellem
1190 1143 1436 1198 cecidisse
1459 1143 1712 1198 lacertos:

438 1217 630 1272 Utilius
667 1219 819 1289 potui
856 1230 1004 1289 parte
1045 1235 1226 1289 carere
1261 1217 1383 1270 mei.

255 1306 322 1358 25
346 1289 419 1345 'In
445 1308 563 1345 mea
588 1293 796 1344 vesanas
823 1290 981 1344 habui
1004 1289 1276 1362 dispendia
1302 1291 1468 1345 vires:

431 1362 505 1416 Et
529 1364 665 1417 valui
688 1380 917 1433 poenam
944 1362 1095 1416 fortis
1122 1364 1175 1416 in
1199 1362 1307 1433 ipse
1330 1381 1520 1417 meam.

360 1435 510 1508 Quid
536 1436 666 1489 mihi
690 1435 992 1499 vobiscum,
1031 1436 1206 1489 caedis
1228 1435 1594 1509 scelerumque
1618 1433 1914 1490 ministrae?

431 1507 628 1562 Debita
652 1507 931 1580 sacrilegae
963 1509 1134 1561 vincla
1158 1506 1325 1562 subite
1351 1526 1548 1563 manus

364 1581 483 1642 An,
520 1579 555 1632 fi
578 1580 849 1650 pulsaffem
876 1581 1155 1634 minimum
1182 1580 1250 1633 de
1273 1580 1428 1651 plebe
1453 1581 1757 1653 Quiritem,

259 1669 324 1716 30

77 1852 116 1898 δε
132 1860 205 1898 hoc
226 1860 334 1899 vellet
346 1875 357 1904 ;
384 1861 470 1897 licet
498 1872 629 1899 comae
649 1859 762 1900 effent
779 1871 905 1901 mot-ae
924 1874 969 1900 ex
990 1863 1112 1901 statio-

75 1913 146 1955 fie,
173 1912 210 1948 δε
241 1913 289 1949 ita
316 1911 462 1949 deberet
491 1911 695 1949 deformior
725 1913 871 1957 videri,
907 1920 1032 1951 tamen
1064 1915 1112 1952 fic

75 1972 224 2011 quoque
244 1962 389 2010 pulchra
408 1963 498 2007 fuit,
526 1971 623 2000 tanta
643 1971 717 2000 erat
737 1965 790 2001 vis
810 1965 951 2001 formae
965 1993 974 2007 ,
996 1973 1036 2002 ut
1056 1967 1109 2002 his

74 2013 150 2049 1‘1'011
194 2014 463 2061 extingueretur
489 2042 499 2058 ,

433 1650 732 1706 Plecterer?
771 1653 826 1706 in
852 1652 1126 1707 dominam
1148 1651 1229 1724 jus
1254 1652 1384 1707 mihi
1408 1654 1572 1725 majus
1599 1653 1732 1709 erit?

2047 1726 2118 1778 Pe
2126 1721 2209 1777 ffi-

1166 1862 1255 1900 inire
1282 1864 1422 1913 septem
1449 1864 1567 1913 scripti
1589 1864 1628 1901 &
1651 1862 1768 1901 codex
1789 1863 1958 1900 Douzae.
1985 1868 2079 1905 tres,
2107 1859 2212 1897 valui

1167 1915 1274 1963 inesse.
1304 1916 1404 1952 valui
1422 1915 1515 1964 inisse
1535 1915 1720 1953 undecim.
1749 1914 1800 1951 At
1817 1914 2021 1951 Puteaneus
2040 1924 2124 1954 cum
2144 1912 2210 1959 Ju-

1167 1966 1303 2010 niano,
1333 1965 1435 2003 valui
1461 1967 1499 2002 in
1528 1965 1601 2014 ipſse.
1629 1976 1740 2014 quam
1772 1976 1895 2001 veram
1915 1961 1984 2000 esse
2003 1962 2208 2000 lectionem

551 2013 870 2063 quemadmodum
914 2014 1111 2053 Terentius
1162 2014 1241 2063 jam
1269 2017 1402 2055 monui
1428 2017 1473 2054 ad
1501 2016 1609 2064 Epist.
1628 2028 1680 2052 ix.
1697 2015 1750 2059 fis.
1773 2015 1831 2063 96.
1859 2015 2070 2051 Hfimsms,
2099 2013 2210 2050 Fran·

74 2061 224 2100 Pliorm.
249 2076 278 2100 1.
298 2077 342 2100 11.
364 2063 419 2112 58.
439 2064 499 2101 ait.
526 2064 601 2101 vid.
622 2065 703 2102 infr.
728 2078 758 2102 1.
776 2066 863 2102 Am.
884 2077 961 2103 xxv.
985 2078 1043 2104 21.
1072 2068 1111 2104 ὃς
1169 2066 1242 2103 cius
1263 2068 1410 2105 volebat
1424 2095 1434 2110 ,
1465 2073 1505 2102 In
1521 2075 1666 2116 poenam
1689 2065 1792 2102 valui
1808 2065 1914 2112 fortis
1938 2076 1982 2103 (φ
2001 2064 2063 2113 ipse
2083 2076 2210 2100 meam.

74 2123 141 2157 111.
158 2114 237 2151 Art.
261 2115 345 2151 Am.
364 2115 446 2161 265.
474 2115 535 2152 ubi
552 2115 662 2163 plura.
686 2128 715 2152 1.
736 2116 893 2154 Metam.
918 2127 999 2165 527.

86 2171 93 2204 f
177 2168 271 2200 Tunc
301 2178 431 2215 quoque
457 2164 534 2214 visa
563 2165 690 2202 decens.

74 2212 242 2252 Francius
258 2215 422 2263 legebat,
450 2220 495 2251 Et
508 2217 660 2264 formosa
670 2218 759 2262 fait.
788 2217 1048 2255 ssuRMANNus.

130 2275 189 2311 1⁷3.
213 2265 329 2301 Talem
349 2265 549 2301 Schoeneida
568 2266 683 2302 dicam
702 2268 901 2304 Maenalias
918 2281 1001 2304 arcu
1011 2267 1110 2317 solli-

77 2312 182 2363 citaffe
192 2316 326 2364 ferax]
358 2317 465 2353 Duae
484 2317 579 2365 apud
600 2317 732 2355 Poetas
749 2327 1001 2356 memorantur
1021 2320 1111 2356 Ata-

12 2400 21 2403 -
75 2364 211 2402 lautae:
239 2367 346 2403 altera
367 2369 530 2404 venatrix
552 2367 728 2406 Arcadica
743 2396 753 2413 ,
779 2368 862 2415 Jafii
882 2369 972 2406 filia:
1001 2369 1110 2406 altera

74 2406 245 2455 Boeotica
259 2445 268 2460 ,
296 2418 396 2455 cursu
415 2418 561 2454 celebris
574 2446 583 2462 ‚
612 2417 683 2455 filia
703 2419 894 2456 Schoenei.
923 2419 991 2456 Sed
1013 2420 1110 2457 Ovi-

1168 2116 1311 2164 elegans
1340 2129 1431 2155 vero
1460 2116 1540 2154 usus
1567 2117 1667 2155 verbi
1690 2115 1818 2152 valere.
1845 2116 1894 2153 ita
1906 2114 2023 2151 valere
2044 2115 2082 2151 in
2096 2113 2209 2161 scelus

1166 2165 1329 2214 Propert.
1343 2181 1392 2205 iv.
1413 2180 1482 2203 v11.
1503 2167 1561 2204 68.
1585 2167 1695 2203 Dirae
1710 2167 1747 2202 in
1765 2165 1918 2216 aliquem
1936 2165 2059 2202 valent
2073 2164 2208 2211 Vellej.

1166 2216 1303 2254 Patere.
1333 2231 1376 2255 11.
1405 2219 1463 2264 46.
1494 2223 1546 2253 Ne
1574 2217 1659 2267 quid
1686 2217 1757 2266 efflet
1783 2217 1821 2253 in
1851 2216 1960 2252 literis
1981 2216 2071 2265 quod
2090 2213 2206 2250 valere

1167 2277 1286 2303 contra
1314 2278 1413 2318 caput
1444 2281 1549 2316 atque
1570 2267 1855 2315 existjmationem
1867 2267 1967 2316 poffet
1982 2266 2132 2310 ,Cicen
2159 2275 2207 2302 11.

1166 2317 1274 2355 Verr.
1305 2320 1363 2364 7²1.
1393 2319 1656 2355 BURMANNUS.

1217 2380 1276 2413 υ).
1306 2369 1503 2406 Minimum
1539 2369 1580 2404 de
1609 2368 1701 2418 plebe
1731 2365 1956 2417 Qiritem.]
1995 2366 2130 2413 Regius
2162 2364 2203 2401 &

1166 2419 1432 2466 Neapolitanus
1456 2448 1467 2463 ‚
1502 2419 1652 2456 minima
1682 2419 1723 2455 de
1743 2419 1848 2468 plebe.
1880 2416 1982 2465 quod
2008 2428 2084 2453 non
2112 2414 2209 2463 sper-

79 2463 156 2502 dius
182 2467 253 2504 hoc
278 2468 364 2505 loco
395 2467 563 2505 confudit
583 2470 761 2513 nomina,
790 2470 826 2506 id
846 2469 947 2518 quod
968 2470 1004 2506 &
1026 2470 1109 2507 alibi
1163 2470 1328 2506 neudum
1351 2498 1361 2515 ‚
1405 2469 1471 2507 nifi
1506 2471 1586 2518 quis
1621 2470 1723 2506 malit
1744 2497 1754 2513 ‚
1793 2467 1907 2506 media
1943 2466 1983 2502 de
2008 2464 2123 2515 plebe.
2160 2465 2212 2502 ita

79 2515 193 2553 facit:
228 2529 406 2567 eamque,
425 2529 518 2566 quae
535 2517 617 2565 Jafii
642 2519 733 2563 fuit,
764 2519 964 2555 Schoeneida
989 2529 1111 2557 vocat.

79 2563 140 2609 De
163 2567 215 2605 his
243 2568 382 2615 prolixe
407 2569 665 2606 annotavimus
700 2570 792 2606 libro
822 2570 958 2606 octavo
988 2571 1113 2607 Meta-

27 2617 29 2664 }
80 2618 341 2669 morphoseos‚
379 2620 416 2656 in
450 2619 646 2656 venatione
675 2621 749 2668 apri
777 2620 998 2667 Calydonii:
1026 2621 1112 2657 inde

28 2684 30 2710 ῃ
78 2673 175 2713 petas
199 2697 208 2712 ‚
245 2669 271 2706 si
299 2669 386 2717 quid
422 2670 575 2717 amplius
606 2670 720 2707 voles.
749 2671 970 2708 Mrcrttus.
1014 2671 1112 2709 Vide

79 2716 205 2754 Heius.
221 2719 265 2756 ad
289 2720 407 2757 Sabini
429 2720 537 2768 Epist.
566 2733 592 2756 1.
614 2731 671 2769 33.

139 2777 193 2811 17.
219 2769 283 2813 sic,
295 2769 358 2818 nisi
373 2770 515 2806 vittatis
537 2771 627 2820 quod
643 2781 732 2815 erat,
744 2771 1113 2860 Gaffimdffsnmgillif}

139 2978 193 3013 ¹9·
222 2967 368 3004 Barbare
395 2969 531 3019 dixit.]
575 2972 678 3009 Dicat
717 2974 804 3011 alter
831 2971 1014 3012 Mentelis.
1049 2974 1117 3013 nifi

86 3016 180 3053 dixet
201 3019 370 3066 antique,
398 3031 462 3065 pro
480 3021 622 3068 dixiffizt.
652 3024 862 3062 Hfimsms.

91 3117 99 3124 -
137 3080 194 3105 zo.
227 3067 296 3116 [psa
317 3068 406 3104 nihil
426 3068 442 3116 ]
477 3069 539 3105 Illa
558 3068 789 3121 Neapolitan.
809 3077 846 3113 &
868 3076 1050 3114 Mentelii.
1078 3077 1117 3114 δε

87 3124 137 3164 ita
160 3118 301 3155 volebat
324 3119 505 3155 Francius.

137 3180 196 3205 21.
225 3175 336 3204 Fecere
358 3168 512 3217 tamma]
543 3175 654 3206 Fecere
673 3173 759 3210 mihi
780 3177 914 3224 Regius
936 3177 1066 3219 codex.

92 3225 94 3228 ’
137 3230 200 3263 24.
223 3219 387 3268 Utilius]
418 3218 554 3255 Utiliter
576 3221 755 3259 meliores.
781 3226 989 3264 Hfimsms.

1165 2518 1254 2555 Fast.
1272 2532 1308 2556 v.
1329 2533 1386 2557 20.

1217 2568 1335 2618 Ausus
1354 2571 1393 2606 de
1413 2569 1527 2607 media
1539 2568 1634 2618 plebe
1643 2568 1760 2617 sedere
1777 2574 1885 2605 Deus.

1168 2619 1277 2656 Trist.
1303 2633 1357 2657 11.

1220 2676 1291 2714 Nec
1309 2670 1493 2720 qaisquam
1511 2669 1554 2717 est
1572 2669 1654 2705 adeo
1676 2669 1789 2706 media
1813 2668 1852 2705 de
1864 2666 1958 2718 plebe
1977 2666 2138 2705 maritas.

1168 2720 1381 2757 Herusms.
1410 2721 1637 2759 Verofimilis
1659 2719 1800 2757 Heinsii
1821 2719 2031 2768 conjectura
2057 2745 2067 2761 ,
2098 2718 2137 2753 &
2158 2717 2206 2754 ita

1169 2772 1295 2808 citavit
1335 2774 1433 2808 hunc
1474 2771 1616 2809 versum
1649 2771 1739 2808 olim
1777 2769 1964 2807 Salmafius
1995 2768 2134 2806 observ.
2164 2767 2211 2804 ad

1168 2822 1228 2867 Jus
1258 2824 1426 2859 Atticum
1454 2834 1534 2870 pag.
1562 2824 1645 2867 267.
1681 2821 1743 2859 ubi
1769 2820 1814 2857 de
1840 2821 1910 2857 hac
1936 2819 2087 2868 injuria,
2114 2829 2209 2867 quae

1170 2884 1233 2920 per
1263 2873 1411 2908 verbera
1449 2874 1600 2909 infertur
1620 2900 1630 2916 ,
1671 2873 1709 2909 ὃς
1744 2871 1891 2908 Graecis
1924 2869 2025 2905 ἀικῑει
2053 2870 2183 2906 dicitur
2198 2895 2208 2911 ‚

1171 2922 1334 2970 disputat.
1365 2935 1433 2970 ego
1461 2933 1587 2960 tamen
1619 2923 1708 2959 nihil
1736 2931 1876 2959 temere
1908 2929 2033 2957 contra
2065 2919 2209 2956 codices

1172 2973 1391 3010 mutandum
1405 2972 1473 3010 effe
1484 2982 1575 3022 puto
1589 3001 1599 3017 ,
1609 2972 1743 3021 deplebe
1764 2973 1861 3009 enim
1884 2971 2087 3018 simpliciter
2100 2970 2211 3005 etium

1172 3032 1275 3061 notat
1292 3024 1471 3073 abjectam
1492 3024 1638 3062 sortem.
1667 3036 1720 3060 vx.
1741 3023 1896 3059 Metam.
1924 3033 1977 3057 1o.

1543 3074 1606 3110 Sed
1627 3085 1669 3113 ω’
1691 3074 1771 3110 haec
1792 3073 1830 3109 de
1846 3071 1959 3122 plebe,
1978 3071 2106 3119 sueque

1225 3130 1352 3175 Aequa
1372 3126 1448 3162 viro
1460 3127 1593 3172 fuerat.

1175 3189 1244 3213 xri.
1281 3177 1357 3213 116.

1228 3224 1325 3274 Mffit
1346 3226 1383 3262 in
1400 3227 1586 3275 adversam
1607 3225 1709 3274 Lycia
1728 3225 1768 3260 de
1781 3223 1872 3272 plebe
1893 3227 2080 3257 Menoeten.

89 3270 91 3272 ’
137 3269 197 3308 26.
222 3273 268 3309 Et
290 3271 386 3319 potui
409 3277 552 3319 poenam
570 3270 675 3318 fortis
702 3271 787 3312 inire
816 3287 939 3313 meam.
964 3276 981 3327 ]
1019 3277 1121 3316 Valai
1176 3276 1395 3315 Notandum
1414 3289 1504 3315 vero
1532 3278 1671 3316 Marius
1700 3275 1870 3317 monuit»
1892 3269 2066 3319 (Qlfl‘em
2086 3267 2145 3305 hic
2173 3267 2212 3304 5¹¹

2096 3317 2217 3367 linga-iffi
