2553 3676
344 221 715 280 ARTIS
787 214 1551 277 AMATORIAE
1627 240 1799 278 LIB.

1874 221 1933 281 II.
2123 226 2151 273 6
2160 240 2181 284 3
2195 240 2220 287 ς

378 311 524 366 Cum
546 311 720 368 volet,
757 301 1006 357 accedes:
1046 319 1171 357 cum
1196 318 1250 358 te
1275 305 1490 372 vitabit,
1524 307 1702 364 abibis,

235 401 336 452 530

448 382 693 437 Dedecet
715 377 977 447 ingenuos
1003 375 1178 430 taedia
1203 375 1345 431 ferre
1370 380 1459 431 sui.

374 453 629 522 Effugere
655 450 797 504 hunc
824 466 934 503 non
958 448 1062 512 est,
1100 466 1265 522 quare
1291 448 1387 503 tibi
1411 450 1571 520 possit
1595 456 1761 510 amica

444 523 674 578 Dicere?
713 539 825 576 non
849 521 997 576 omni
1022 535 1268 594 tempore
1292 521 1465 577 sensus
1491 524 1650 578 adest.

370 598 486 654 Nec
510 594 789 651 maledicta
813 609 964 668 puta,
999 613 1099 650 nec
1125 595 1346 650 verbera
1368 594 1509 650 ferre
1534 597 1766 669 puellae,

446 670 666 742 Turpe,
700 687 800 723 nec
827 669 892 723 ad
916 683 1133 725 teneros
1158 668 1333 723 oscula
1356 667 1498 724 ferre
1520 670 1702 742 pedes,

231 760 326 818 535
372 744 523 818 Quid
546 761 731 797 moror
757 743 811 796 in
832 741 1040 815 parvis?
1081 740 1596 813 aniinus.majoribus
1622 742 1794 798 instet.

445 816 647 888 Magna
672 833 884 870 canam:
926 828 1047 869 toto
1070 813 1290 891 pectore
1306 853 1321 877 ,
1346 816 1560 886 vulgm,
1584 816 1723 871 ades,

372 890 560 945 Ardua
584 890 862 943 molimur:
902 888 993 943 sed
1019 888 1185 951 nulla,
1210 886 1306 940 nisi
1332 886 1523 951 ardua,
1560 890 1743 944 virtus,

446 961 701 1016 Difficilis
726 962 905 1017 nostra
928 960 1164 1033 poscitur
1188 972 1300 1014 arte
1324 958 1486 1014 labor.

370 1035 617 1091 Rivalem
642 1035 907 1108 patienter
933 1033 1096 1094 habe;
1138 1031 1357 1088 victoria
1382 1047 1564 1088 tecum

231 1127 332 1179 540

9 1330 10 1354 ³
83 1331 182 1380 'obest
208 1332 362 1382 subjicit.
390 1340 432 1372 ut
463 1331 506 1370 fit
533 1332 673 1371 sensus:
711 1332 746 1371 Si
774 1340 812 1372 te
831 1332 964 1372 vitabit
983 1332 1127 1377 amica,

83 1383 229 1432 effuge,
257 1393 367 1433 atque
387 1395 524 1421 amove
541 1393 598 1421 te:
627 1396 714 1422 narn
734 1384 771 1422 id
798 1383 822 1422 fi
846 1385 996 1430 feceris,
1030 1384 1130 1423 nulla

84 1435 190 1473 causa
210 1435 275 1472 erit
293 1435 446 1482 amplius
461 1463 470 1479 ,
500 1446 563 1472 cur
583 1435 641 1472 illa
656 1436 722 1473 tibi
749 1436 841 1473 haec
868 1436 1003 1479 verba,
1033 1446 1129 1485 quae

9 1518 11 1523 .
81 1486 124 1523 in
144 1485 317 1523 molestos
338 1486 375 1522 ὃς
396 1486 630 1534 importunos
647 1486 839 1530 dicuntur,
867 1488 1028 1537 objicere
1048 1485 1131 1535 pos-

85 1535 148 1575 fit:
178 1536 336 1581 scilicet,
375 1542 456 1573 Non
483 1536 578 1573 amni
608 1546 753 1585 tempore
773 1539 893 1586 sensus
919 1537 1022 1585 obest:
1057 1538 1132 1574 hoc

83 1588 156 1632 est,
184 1587 291 1625 decet
309 1587 575 1636 intelligentem
605 1586 697 1632 effe,
735 1590 773 1625 ὅ(
800 1588 926 1626 videre
956 1599 1052 1638 quae
1077 1599 1133 1625 res

86 1637 252 1686 praesens
263 1637 442 1686 postulet,
473 1639 511 1675 ὃς
523 1648 653 1676 cetera.
668 1638 819 1676 Illorum
831 1647 956 1676 autem
969 1667 979 1684 ,
993 1639 1057 1688 qui
1069 1650 1136 1675 ve-

86 1696 205 1726 terem
224 1688 425 1726 lectionem
443 1689 603 1727 retinent
620 1717 630 1733 ‚
655 1689 807 1738 quidam
829 1690 986 1728 verbum
1001 1689 1134 1734 Dicere,

10 1762 11 1769 κ
86 1739 193 1790 quod
211 1739 247 1776 in
268 1740 448 1789 principio
469 1742 689 1789 pentametri
709 1741 778 1786 est,
808 1752 891 1779 cum
914 1740 1137 1790 praeceden-

10 1792 13 1819 ῑ
87 1790 183 1829 tibus
202 1791 415 1829 construunt
438 1819 448 1836 ‚
475 1791 626 1840 quidam
650 1803 736 1829 cum
758 1792 1014 1841 sequentibus:
1041 1804 1139 1841 quo-

11 1847 12 1851 ’
91 1852 173 1880 rum
207 1849 408 1891 utrumque
437 1841 616 1880 diversam
646 1840 667 1879 ἐι
698 1842 882 1891 superiore
920 1843 1137 1880 sententiam

88 1892 214 1930 efficit.
269 1892 387 1941 Quod
406 1893 511 1930 facile
533 1892 824 1939 animadvertet,
852 1894 916 1943 qui
939 1894 1012 1942 ipsa
1030 1893 1141 1931 verba

90 1943 299 1993 diligentius
318 1943 429 1992 paulo
447 1944 659 1982 intuebitur.
711 1945 793 1994 Ego
822 1945 965 1982 tametsi
988 1957 1055 1994 pro
1075 1945 1143 1983 du—

91 1994 157 2033 bio
177 1996 215 2032 &
235 1995 376 2032 incerto
396 1995 522 2032 locum
541 1995 656 2044 ipsum
675 1995 948 2045 habeam,lego
968 2006 1114 2034 tamen:

146 2044 299 2093 Effugere
320 2045 400 2082 hinc
419 2059 486 2082 non
506 2045 548 2092 est
563 2074 571 2089 ,
601 2059 707 2096 quare
725 2046 790 2082 tibi
806 2046 900 2095 poffit
921 2047 1039 2084 amica

197 2096 338 2138 Dicere,
367 2109 435 2132 non
453 2096 548 2133 omni
568 2106 713 2146 tempore
728 2098 847 2146 sensus
868 2097 978 2144 obest?

96 2147 153 2184 Ut
169 2145 211 2183 fit
230 2146 347 2184 sensus
361 2175 370 2190 ‚
399 2146 487 2184 illud
504 2159 582 2185 non
600 2148 687 2185 licet
706 2147 869 2198 effugere
884 2178 892 2191 ‚
921 2161 1033 2198 quare
1044 2149 1119 2187 fine
1132 2177 1142 2193 ,

94 2209 173 2247 quo
200 2198 320 2234 minus
338 2198 455 2235 amica
475 2198 539 2236 tibi
558 2199 665 2248 poffit
686 2198 827 2243 dicere,
859 2206 938 2236 Non
950 2201 1044 2236 omni
1056 2211 1144 2237 tem-

88 2257 169 2299 pore
181 2248 302 2297 sensits
319 2247 414 2295 obest.
441 2249 531 2286 Hoc
554 2249 601 2286 est
623 2249 827 2288 videndum
847 2249 916 2287 effe
927 2251 1142 2300 aliquando,

95 2299 187 2348 quid
209 2308 354 2346 tempus
375 2311 417 2336 ac
435 2311 488 2337 res
509 2301 665 2348 patiatur
687 2329 696 2345 ,
734 2301 794 2339 sed
819 2302 915 2339 hanc
944 2302 1145 2351 expositio-

95 2362 183 2388 nem
203 2361 325 2398 neque
344 2350 487 2388 adstruo
506 2352 615 2389 nimis
635 2379 646 2396 ,
682 2364 806 2402 neque
832 2354 940 2391 anxie
969 2353 1146 2392 defendo.

98 2401 322 2438 chmus.
352 2402 476 2438 Locus
498 2403 796 2451 corruptiffiinus.
833 2405 904 2441 Pro
930 2403 1062 2450 dicere,
1092 2418 1142 2441 ce-

93 2450 176 2487 dere
192 2451 335 2498 legebat
353 2451 519 2500 Scaliger.
550 2452 647 2490 Item
661 2482 672 2498 ,
700 2467 769 2490 non
789 2454 884 2490 omni
904 2465 1048 2503 tempore
1062 2456 1144 2505 sen-

0 2500 17 2546 '1
95 2502 155 2548 sus
176 2500 277 2546 adest.
305 2502 380 2539 hoc
406 2503 454 2539 est
476 2530 486 2546 ‚
515 2513 560 2540 ex
586 2505 888 2552 interpretatione
917 2506 1018 2554 ejus,
1047 2519 1144 2543 nemo

0 2568 3 2584 l

104 2551 255 2588 omnibus
284 2551 375 2588 horis
395 2553 499 2602 sapit.
552 2554 656 2603 Ego,
691 2553 718 2592 si
743 2555 834 2605 quid
862 2556 900 2593 in
926 2568 965 2594 re
995 2556 1144 2595 obscura

106 2598 343 2640 divinandum
363 2603 426 2646 fit,
453 2604 596 2654 legam:
1006 2606 1009 2607 ⁷

158 2651 304 2700 Effugere
324 2654 404 2690 haec
421 2668 489 2690 non
508 2655 561 2701 est.
590 2668 696 2706 quare
713 2665 777 2692 tua
790 2655 883 2706 poffit
902 2657 1018 2695 amica

210 2703 335 2741 Dicere.
363 2719 431 2742 non
448 2707 544 2742 omni
563 2716 708 2756 tempore
720 2707 839 2756 sensus
858 2705 961 2756 adest.

106 2753 259 2796 Nemo,
285 2755 424 2803 inquit,
452 2758 616 2795 taedium
645 2758 696 2797 sui
727 2758 889 2808 effugere
917 2761 1058 2810 semper
1079 2773 1149 2810 po-

105 2804 182 2842 test.
211 2803 286 2840 Cur
301 2806 423 2843 taedio
447 2807 488 2845 fis
503 2836 513 2852 ‚
537 2810 681 2857 optime
699 2812 817 2847 amica
836 2818 899 2848 tua
918 2811 1038 2850 dicere
1068 2813 1151 2861 pos-

110 2854 164 2892 sit.
192 2865 312 2902 neque
329 2857 517 2906 quisquam
538 2859 619 2896 sane
636 2861 810 2898 omnibus
830 2861 930 2899 horis
953 2863 1005 2900 sui
1026 2863 1149 2901 similis

110 2905 181 2960 cst,
217 2912 416 2953 auraeque
438 2908 540 2957 sapit.
574 2910 681 2947 DAN.
728 2912 942 2950 Hsmsms.
990 2914 1149 2952 Codices

109 2955 259 3005 quidam
274 2982 284 2999 ,
299 2955 446 3010 Effugere
464 2958 555 2997 huic.
582 2972 693 3009 quare
716 2961 853 3006 scribo,
877 2962 1030 3012 Effugere
1057 2964 1151 3002 hune

108 3020 178 3043 non
201 3005 253 3053 est.
279 3005 324 3042 de
345 3017 416 3053 qua
433 3010 660 3048 correctione
679 3012 854 3051 adeantur
869 3023 981 3051 notae
1008 3015 1151 3054 nostrae

109 3058 212 3106 supra
237 3057 309 3093 boc
337 3056 428 3093 libro
460 3056 505 3093 ad
533 3058 589 3099 25²5.
615 3062 676 3098 28.
708 3063 806 3101 unde
835 3064 952 3114 liquet
972 3065 991 3103 Ξῖ
1012 3078 1150 3115 magno

107 3108 291 3155 Scaligero
314 3117 379 3154 pro
401 3106 521 3143 Dicere
538 3108 660 3146 frustra
679 3113 802 3150 Cedere
822 3117 966 3164 reponi.
993 3128 1060 3165 pro
1089 3117 1152 3154 ab·

98 3159 153 3207 ‘est
172 3170 287 3206 pruna
316 3156 431 3194 editio
463 3169 548 3195 cum
576 3159 719 3208 Regio,
744 3163 857 3207 Jureti
885 3170 1084 3216 excerptis,
1114 3171 1153 3206 ὃς

99 3210 243 3257 ¹scriptis
265 3208 441 3257 plerisque
462 3237 472 3253 ,
499 3208 593 3256 obest.
646 3210 910 3258 Neapolitanus
941 3219 980 3255 &
1006 3218 1064 3256 sex
1093 3220 1154 3258 alii

110 3259 212 3304 adesi.
257 3259 360 3308 quod
387 3259 602 3308 amplector.
647 3260 820 3309 Intelligit
855 3265 997 3307 sensum
1031 3281 1154 3310 rerum

112 3310 386 3350 amatoriarum.
412 3310 546 3351 Noster
566 3311 660 3352 infra
675 3311 736 3353 lib.
756 3324 821 3354 111.
843 3324 927 3363 797.

440 1107 633 1164 Stabit:
677 1108 779 1164 eris
802 1107 982 1179 magni
1003 1105 1174 1163 victor
1197 1106 1254 1161 in
1288 1123 1409 1161 arce
1429 1105 1593 1177 JoviS.

2070 1195 2230 1255 Haec

1237 1336 1290 1369 Tu
1308 1343 1440 1382 quoque
1452 1359 1463 1377 ,
1491 1331 1547 1368 cui
1557 1331 1696 1381 sensum
1717 1330 1853 1370 Veneris
1870 1342 2002 1371 natura
2021 1335 2176 1384 negavit.

1185 1382 1256 1421 Sed
1287 1395 1334 1421 ne
1361 1383 1409 1421 fic
1438 1382 1591 1432 quidem
1614 1384 1717 1421 locus
1737 1384 1879 1433 integer
1910 1385 1990 1423 satis
2019 1396 2081 1424 aut
2101 1387 2238 1438 perspi-⁴

1185 1445 1275 1472 cuus
1287 1462 1296 1478 ‚
1310 1433 1377 1471 nifi
1395 1445 1551 1483 reponas
1570 1446 1636 1482 pro
1657 1446 1764 1484 quare
1777 1462 1787 1479 ,
1816 1448 1900 1472 cave
1918 1449 1958 1472 ne
1972 1453 1983 1472 .-

1236 1485 1388 1534 Effugere
1405 1485 1499 1522 hunc
1521 1498 1588 1522 non
1609 1485 1652 1531 est
1666 1514 1676 1530 ,
1705 1498 1790 1521 cave
1810 1500 1851 1522 ne
1871 1486 1936 1524 tibi
1950 1486 2046 1537 poffit
2064 1487 2184 1526 amica

1289 1536 1421 1573 Dicere.
1449 1549 1518 1573 non
1536 1537 1630 1573 omni
1650 1545 1795 1585 tempore
1802 1538 1920 1586 sensus
1947 1539 2050 1585 adest.

1188 1592 1289 1624 Cave
1318 1585 1339 1623 a
1367 1586 1480 1625 verbo
1506 1587 1662 1636 antiquo
1694 1599 1780 1624 cavo
1798 1589 1925 1626 tertiae
1952 1590 2240 1640 conjugationis.

1190 1637 1324 1675 Noster
1345 1637 1406 1676 lib.
1432 1650 1462 1676 1.
1483 1637 1617 1675 Amor.
1630 1637 1685 1675 El.
1705 1650 1796 1675 vm.
2229 1638 2239 1642 ”

1243 1688 1307 1725 Sed
1326 1701 1409 1725 cave
1429 1702 1471 1725 ne
1486 1689 1598 1737 gratis
1616 1688 1672 1725 hic
1688 1688 1753 1726 tibi
1773 1689 1892 1737 constet
1909 1693 2021 1731 timor.

1190 1740 1300 1778 Pont.
1323 1751 1388 1777 ιιι.
1410 1740 1467 1777 El.
1491 1752 1522 1778 1.

1246 1810 1349 1841 Hanc
1369 1817 1453 1841 cave
1464 1803 1643 1891 {egeneres
1653 1832 1664 1850 ‚
1692 1804 1814 1856 &sint
1825 1805 2008 1855 praeconia
2026 1807 2140 1855 nostra

1326 1861 1411 1892 Vera
1430 1868 1469 1892 vt
1497 1870 1524 1894 e.

1199 1920 1258 1958 Sic
1284 1932 1363 1958 non
1391 1921 1524 1959 Cicero
1547 1929 1690 1960 tantum
1711 1922 1749 1959 in
1770 1920 1914 1960 Arateis
1933 1930 1995 1961 aut
2026 1924 2247 1971 Lucretius;

1200 1971 1261 2008 sed
1279 1972 1456 2010 Horatius
1473 1985 1626 2022 quoque
1648 1974 1687 2011 δε
1708 1973 1877 2011 Tibullus
1899 1975 1937 2011 ἃ
1950 1975 2157 2025 Propertius
2168 1989 2248 2015 non

1199 2034 1277 2059 uno
1308 2023 1407 2060 loco.
1445 2031 1542 2061 certe
1569 2025 1662 2062 libro
1692 2025 1814 2072 primo
1847 2024 1949 2074 supra
1975 2026 2012 2063 in
2043 2029 2246 2065 veterrimo

1200 2073 1321 2122 Regio
1344 2073 1474 2112 codice
1500 2088 1576 2111 care
1596 2087 1663 2124 pro
1681 2088 1766 2111 cave
1784 2074 1927 2114 offendi
1945 2076 2130 2126 scriptum.
2158 2079 2254 2127 Pro}

1198 2126 1319 2173 pertio
1339 2125 1449 2163 redde
1471 2126 1546 2164 hoc
1569 2126 1724 2164 verbum
1738 2153 1748 2172 ,
1775 2126 1868 2164 libro
1889 2138 1944 2164 1v.
1963 2140 2017 2165 1v.
2036 2130 2096 2174 46.

1250 2194 1340 2226 Cras
1351 2218 1362 2235 ,
1389 2199 1430 2226 ut
1452 2203 1571 2227 rumor
1589 2189 1642 2227 ait
1655 2219 1665 2235 ,
1693 2199 1766 2226 tota
1779 2189 1996 2239 pugnabitur
2016 2191 2110 2230 urbe.

1304 2245 1356 2278 Tu
1376 2254 1461 2278 cave
1470 2239 1597 2290 spinosi
1613 2240 1744 2290 roscida
1764 2250 1858 2291 terga
1871 2242 1961 2291 jugi.

1200 2301 1254 2341 lta
1273 2303 1371 2341 enim
1391 2303 1622 2342 scribendum
1645 2302 1714 2342 effe
1732 2303 1919 2354 sequentia
1949 2305 2146 2342 evincunt:
2181 2314 2249 2342 ne*

1200 2366 1274 2404 que
1294 2355 1397 2392 aliter
1425 2355 1537 2393 exstat
1566 2356 1603 2394 in
1620 2356 1807 2395 nonnullis
1827 2355 2059 2393 membranis.
2087 2355 2250 2403 vulgati.

1198 2412 1251 2442 Tu
1274 2415 1360 2454 cape.
1388 2406 1601 2444 Hfimsxus.
1629 2407 1827 2456 Vulgatam
1850 2407 1993 2443 retineo
2010 2434 2020 2449 ‚
2040 2405 2158 2443 modo
2170 2405 2251 2454 post

1200 2457 1243 2493 τὶ
1263 2456 1372 2493 dicere
1385 2467 1545 2505 ponatur
1565 2457 1861 2506 interrogationis
1881 2465 1980 2494 nota.
2009 2458 2135 2504 Quare
2155 2456 2253 2494 ami-

1201 2519 1241 2544 ca
1262 2517 1324 2545 tua
1348 2509 1456 2556 poffit
1476 2508 1597 2546 dicere
1611 2536 1620 2551 ‚
1647 2508 1700 2544 tui
1720 2507 1882 2544 taedium
1906 2507 2050 2555 capiens
2066 2534 2075 2550 ‚
2104 2519 2150 2544 an
2170 2518 2251 2545 non

1199 2558 1285 2596 licet
1304 2560 1404 2595 hunc
1423 2559 1620 2596 molestum
1644 2556 1832 2606 effugere?
1860 2557 1997 2606 ubique
2018 2557 2113 2595 adest
2145 2558 2253 2595 mihi.

1200 2619 1279 2646 non
1301 2609 1401 2646 enim
1423 2610 1530 2647 omni
1549 2618 1720 2657 tempore
1744 2608 1862 2645 calent
1883 2609 1920 2646 &
1944 2609 2085 2646 veneris
2111 2608 2257 2657 cupidi·-

1201 2669 1250 2697 ne
1269 2660 1414 2697 fervent
1432 2661 1624 2704 mulieres;
1655 2658 1875 2707 captandum
1899 2666 2066 2708 tempus,
2096 2670 2181 2697 cum
2195 2670 2259 2708 ap-

1202 2719 1334 2759 petunt
1354 2712 1592 2749 concubitum
1614 2738 1623 2754 ‚
1652 2722 1731 2747 non
1762 2710 2069 2758 interpellandae,
2096 2710 2159 2747 ubi
2193 2711 2257 2747 fri-

1203 2769 1303 2810 gent.
1331 2763 1491 2800 t'ormula
1515 2774 1604 2799 vero
1626 2760 1773 2805 usitata,
1803 2761 1942 2809 effugere
1962 2774 2028 2797 non
2056 2760 2110 2808 est.
2143 2761 2258 2798 Mart.

1205 2825 1276 2850 ΧΠ.
1296 2812 1353 2850 82.
1381 2813 1533 2861 Effugere
1553 2812 1592 2849 in
1613 2812 1759 2848 thermis
1781 2823 1824 2851 εγ
1847 2812 1937 2848 circa
1957 2810 2082 2848 balnea
2102 2825 2171 2848 non
2201 2810 2257 2858 est’.

1206 2869 1417 2911 Menogenen
1447 2864 1542 2899 omni
1573 2873 1613 2900 tn
1644 2862 1722 2898 licet
1756 2872 1833 2899 arte
1866 2863 1966 2900 velis.
2000 2863 2062 2900 lib.
2097 2875 2151 2899 xx.
2190 2874 2252 2909 99.

1205 2914 1357 2963 Effugere
1390 2927 1458 2950 non
1486 2913 1530 2960 est
1557 2914 1650 2962 Baffe
1676 2910 1888 2962 bafiationes.
1935 2925 2031 2963 quae
2059 2913 2142 2951 loca
2171 2913 2252 2961 jam

1203 2965 1305 3013 supra
1324 2964 1474 3003 adduxit
1492 2965 1676 3002 Heinsius.
1726 2964 1856 3002 Barim.

1259 3028 1344 3065 533.
1373 3022 1445 3053 Nec
1465 3014 1696 3065 maledicte]
1727 3021 1799 3052 Nec
1821 3015 1919 3053 mala
1950 3015 2043 3052 dista
2071 3011 2260 3061 Neapolit.

1206 3079 1301 3116 quae
1321 3067 1452 3105 eadem
1476 3070 1628 3106 varietas
1648 3066 1744 3116 apud
1773 3067 1912 3104 Tibull.
1934 3078 1996 3103 111.
2017 3079 2051 3102 v.
2083 3076 2162 3101 101.
2194 3063 2257 3101 ubi

1208 3118 1295 3156 vide
1314 3117 1477 3156 Broulzh.
1506 3119 1553 3157 fic
1573 3118 1672 3155 mala
1693 3117 1801 3154 verba
1822 3119 1918 3155 idem
1946 3115 2070 3153 Tibul.
2094 3126 2183 3151 1.xr.
2200 3125 2260 3162 57.

1259 3180 1344 3218 535.
1375 3169 1527 3220 Instat.]
1560 3169 1660 3217 Instet
1673 3169 1879 3207 Patavinus.
1908 3169 1945 3204 &
1968 3177 2073 3208 mox,
2095 3177 2182 3201 vera
2203 3178 2261 3202 ca-

1210 3233 1295 3257 nam
1318 3221 1490 3258 Ambros.
1514 3233 1643 3269 magna
1657 3230 1740 3270 paro
1762 3218 1949 3256 Schefferi.
1968 3215 2071 3265 quod
2095 3227 2139 3253 ex
2166 3228 2258 3255 vers.

1214 3282 1271 3317 17.
1295 3273 1507 3319 repetitum.

1264 3331 1347 3369 537.
1374 3320 1454 3371 Νζῄ1
1470 3321 1582 3358 ardua
1604 3317 1755 3408 via-tien]l
1767 3316 1858 3406 1Νιβ
1872 3317 1985 3357 ardua
2004 3317 2155 3357 vincunt
2174 3318 2265 3356 Edi-

1807 3381 1827 3407 ι.
2148 3379 2270 3409 tiones
