2553 3676
270 221 375 260 202

739 188 798 246 P.
873 186 1287 248 OVIDII
1360 183 1898 242 NASONIS

466 303 529 356 55
567 281 691 342 Neu
714 300 809 340 vos
836 282 1107 356 decipiant
1131 280 1355 335 blandae
1384 277 1662 334 mendacia
1684 279 1913 351 linguae.

633 358 788 430 Quae
813 356 946 410 dicit
970 355 1150 418 vobiS,
1188 353 1397 408 dixerat
1422 365 1544 406 ante
1569 352 1716 407 mihi.

571 431 667 485 Tu
692 447 912 504 quoque
934 446 1073 502 quae
1098 441 1310 483 montes
1335 426 1598 489 celebra8‚
1636 424 1898 497 Erycina,
1937 421 2184 487 Sicanos,

656 504 828 571 (Nam
853 515 942 556 tua
970 501 1120 570 sum)
1149 501 1256 555 vati
1283 498 1525 560 consule,
1562 497 1733 561 Diva,
1771 511 1911 552 tuae.

576 574 865 659 Anwgravis
889 575 1168 648 inceptum
1192 571 1398 644 peragit
1423 569 1662 624 Fortuna
1684 581 1932 626 tenorem
1949 610 1966 636 ,

469 655 542 702 60

648 647 721 702 ht
745 661 924 703 manet
950 649 1005 702 in
1029 646 1184 703 cursu
1209 644 1416 716 semper
1441 641 1631 696 acerba
1654 642 1780 696 suo?

579 721 688 776 Sex
709 721 841 777 mihi
866 722 1061 774 natales
1087 719 1256 772 ierant
1274 741 1287 779 ;
1331 734 1456 771 cum
1481 713 1614 770 lecta
1636 717 1871 787 parentis

658 797 806 848 Ante
831 794 977 847 diem
1002 791 1241 845 lacrimas
1270 788 1376 844 offa
1399 788 1583 843 bibere
1606 806 1765 843 meas.

573 865 717 920 Arsit
744 867 897 937 inops
923 864 1114 928 frater,
1152 877 1337 936 captus
1362 862 1901 925 meretricisamore3

658 937 947 1011 Mixtaque
974 956 1100 993 cum
1127 937 1272 1009 turpi
1296 936 1487 990 damna
1511 935 1723 1007 pudore
1749 935 1889 989 tulit.

473 1011 543 1081 65
584 1009 773 1065 Facius
798 1013 951 1084 inops
978 1009 1100 1083 agili
1125 1011 1334 1082 peragit
1360 1009 1497 1063 freta
1522 1009 1730 1063 caerula
1754 1025 1940 1070 rem03

663 1085 922 1160 Quasque
947 1084 1082 1140 male
1106 1082 1302 1150 amisa,
1339 1100 1482 1138 nunc
1506 1083 1645 1138 male
1670 1082 1879 1157 quaerit
1903 1096 2051 1154 opes,

2352 1147 2463 1210 Μετ’

295 1299 465 1345 ἆπὸγονοι
491 1304 603 1346 atque
631 1295 759 1334 coloni
790 1297 904 1334 fuere.
933 1298 1036 1346 quod
1065 1298 1104 1336 δί
1127 1297 1277 1341 Strabo,
1306 1297 1346 1336 δε
1401 1296 1631 1345 Domitius)
1663 1296 1841 1346 praesenti
1870 1293 2032 1334 affectui.
2077 1292 2189 1333 Diem
2221 1292 2270 1332 est
2304 1291 2460 1342 Erycina

296 1352 391 1389 item
414 1347 656 1396 Thucydides
677 1347 823 1384 testatur
842 1348 935 1385 libro
957 1352 992 1386 6.
1020 1349 1120 1386 Cum
1141 1350 1243 1386 enim
1267 1349 1349 1386 illo·
1404 1349 1533 1386 Venus
1562 1348 1607 1386 ab
1636 1348 1756 1397 Eryce
1788 1356 1919 1385 monte
1935 1376 1945 1391 ‚
1973 1347 2036 1385 ubi
2063 1345 2270 1383 colebatur:
2299 1345 2389 1393 qui,
2415 1350 2456 1382 ut

296 1413 382 1439 rum
410 1411 472 1436 rex
496 1399 602 1436 Nisus
625 1399 733 1436 fuerit
749 1427 757 1440 ‚
783 1407 955 1447 poterant
979 1402 1015 1437 δε
1037 1399 1125 1447 ipsi,
1154 1400 1192 1436 &
1217 1411 1348 1437 eorum
1403 1399 1523 1437 scribit
1539 1398 1714 1448 Polybius
1732 1398 1793 1436 lib.
1817 1412 1846 1436 1.
1874 1398 2049 1436 omnium
2071 1397 2213 1435 Siciliae
2238 1395 2455 1439 montium,

298 1451 454 1494 coloni,
481 1462 522 1487 ac
552 1450 706 1499 posteri,
735 1447 891 1499 Nifiades
914 1462 992 1488 non
1021 1450 1267 1487 incommode
1288 1463 1352 1499 ap-

298 1502 438 1552 pellari.
476 1500 546 1538 Sed
571 1501 667 1538 hanc
690 1529 700 1545 ,
736 1510 776 1538 ut
807 1501 1060 1550 conjecturam
1091 1499 1205 1537 affero
1224 1528 1235 1545 ,
1273 1513 1351 1551 quo
1407 1501 1495 1538 liam
1516 1500 1675 1549 spectat,
1704 1501 1798 1538 inter
1827 1501 2045 1550 Drepanum
2068 1500 2106 1536 ὃς
2136 1499 2389 1536 Panormum:
2417 1496 2458 1534 in

298 1553 376 1591 aliis
424 1551 612 1601 cogitandi
655 1552 811 1601 amplius
866 1552 1101 1590 occasionem
1144 1552 1353 1600 praebeam.
1410 1552 1487 1601 ejus
1515 1552 1653 1590 vertice
1680 1551 1759 1589 satis
1780 1553 1901 1600 ampla
1931 1551 1979 1589 est
1997 1550 2191 1600 planicies,
2219 1550 2281 1587 ubi
2302 1547 2461 1586 Veneris

301 1604 533 1642 Mrcurus.

357 1668 414 1703 55.
444 1660 515 1690 Nec
534 1668 595 1689 vos
616 1653 787 1703 decipiant
808 1652 958 1690 blandae
979 1653 1162 1690 mendacia
1182 1652 1355 1703 lingnula]

303 1702 460 1747 Caull'a,
488 1715 551 1741 cur
577 1704 706 1741 Phaon
741 1704 761 1740 a
789 1704 916 1742 Siculis
946 1704 1160 1742 mulieribus
1178 1706 1359 1753 recipien-

305 1754 375 1793 dus
396 1766 476 1791 non
497 1753 548 1792 sit.
577 1755 796 1793 CIOFANUS.

362 1816 423 1854 57.
449 1810 501 1840 Tu
531 1819 662 1854 quoque
691 1819 780 1856 quae
809 1805 979 1856 montes]
1011 1806 1069 1844 Sic
1091 1814 1197 1844 vetus
1224 1805 1361 1850 leffio,

309 1867 399 1893 cum
428 1856 524 1903 prius
553 1857 706 1892 immites
732 1857 914 1905 legeretur
936 1872 946 1901 ;
987 1858 1026 1895 ὃς
1051 1857 1246 1906 Ρῑοξεὲὶο,
1275 1868 1361 1894 cum

307 1906 504 1944 Venerem
522 1906 653 1943 blande
674 1915 780 1955 roget
800 1907 962 1957 Sappho,
974 1908 1074 1958 quali
1090 1908 1266 1957 objiceret
1279 1919 1363 1945 eam

310 1958 497 1998 immanes
517 1956 666 1994 Sicanos
685 1958 807 1995 colere
822 1986 831 2002 ,
858 1960 1028 2008 ineptum
1055 1959 1245 2008 quoddam
1266 1957 1366 1996 effer.

311 2020 430 2058 quarn
450 2008 500 2045 ob
521 2006 677 2046 caussam
699 2017 804 2047 vetus
820 2009 933 2048 lecfiio
955 2011 1069 2059 magis
1092 2010 1231 2059 placet,
1260 2011 1298 2048 ὃ(
1319 2021 1365 2047 eo

313 2060 434 2109 magis
460 2058 545 2108 quia
577 2059 620 2096 ab
651 2060 771 2109 Eryce
803 2060 945 2099 Siciliae
980 2070 1111 2099 monte
1140 2061 1188 2099 est
1216 2060 1367 2109 Erycina

313 2110 425 2149 dicta„
455 2110 707 2148 Nixucmus.
734 2110 809 2148 Alii
837 2111 885 2149 fic
913 2111 1186 2156 emendarunt,
1215 2117 1267 2148 Tu
1287 2123 1369 2159 quo-

315 2174 383 2212 que
404 2174 490 2210 quae
518 2172 661 2199 montes.
688 2161 750 2199 sed
772 2161 932 2200 viderint
954 2164 1028 2206 illi,
1055 2175 1102 2200 ne
1123 2164 1370 2204 montanum,

317 2223 362 2252 ac
413 2211 611 2260 subagreste
657 2212 747 2261 quid
794 2213 943 2251 oboleat
999 2214 1092 2249 haec
1147 2210 1372 2248 emendatio.

316 2261 554 2302 EGhATms.
585 2267 637 2298 Tu
659 2276 807 2313 quoque,
834 2276 922 2313 quae
941 2262 1096 2299 immites
1118 2261 1281 2306 celebras,
1303 2273 1375 2301 σε.

320 2321 364 2352 ut
395 2314 545 2351 Sicanos
580 2313 826 2362 intelligamus
855 2314 1077 2351 immitiores
1108 2311 1211 2350 fuiffe
1250 2313 1377 2350 ceteris

322 2364 468 2402 Siciliae
495 2364 631 2402 incolis
653 2391 662 2407 ,
702 2367 770 2401 &c
812 2363 882 2400 Sed
910 2375 982 2412 ego
1015 2363 1107 2401 nihil
1139 2363 1378 2401 incommodi

324 2413 442 2453 video
456 2443 466 2459 ‚
494 2414 597 2464 quod
615 2415 713 2464 prior
733 2414 846 2452 lectio
866 2415 1010 2452 habeat.
1039 2414 1204 2463 Quando
1233 2416 1270 2453 δε
1291 2415 1378 2452 Vir-

326 2466 390 2515 gil.
416 2466 599 2514 templum
631 2467 787 2504 Veneris
825 2466 1007 2515 Erycinae
1039 2466 1078 2504 in
1107 2474 1238 2504 monte
1269 2465 1379 2504 fitum

327 2518 473 2562 innuit,
503 2528 588 2554 curn
609 2517 659 2554 ait
676 2518 736 2554 lib.
759 2530 792 2565 ς.

380 2573 413 2605 T
411 2582 478 2604 unc
497 2568 617 2604 vicina
636 2567 735 2614 astris
756 2568 902 2616 Erycino
922 2568 962 2604 in
982 2567 1110 2605 vertice
1122 2568 1217 2617 sedes

383 2619 573 2656 Fttrzdatur
592 2619 709 2655 Veneri
731 2619 882 2662 Idaliae,
914 2631 986 2659 erc.
1043 2620 1271 2660 Mchus.

334 2673 388 2706 Tu
413 2684 543 2721 quoque
572 2683 664 2721 quae
690 2670 843 2706 immites
868 2669 1002 2719 legitur
1027 2671 1065 2708 in
1098 2679 1279 2721 utroque,
1305 2682 1384 2720 quo

334 2727 440 2762 utor,
468 2723 562 2760 libro
582 2750 591 2765 ‚
618 2721 740 2758 Vatic.
773 2722 812 2759 &
843 2720 948 2758 Maff.
978 2722 1038 2759 alii
1064 2722 1168 2770 ajunt
1192 2720 1385 2772 repperisse

337 2769 374 2809 se
404 2772 440 2807 in
473 2773 547 2809 aliis
576 2773 635 2810 lib.
661 2772 798 2821 scriptis
821 2801 833 2817 ,
869 2785 956 2823 quae
983 2784 1113 2809 montes
1142 2773 1286 2810 celebras
1313 2784 1386 2812 σε.

337 2831 453 2869 quani
469 2822 670 2860 lectionem
688 2832 922 2873 anteponunt
937 2823 1135 2873 superiori,
1160 2824 1261 2872 quod
1285 2826 1389 2873 inep-

338 2879 422 2908 tum
444 2871 538 2908 dicat
561 2874 748 2912 Venerem
762 2904 772 2919 ,
800 2887 913 2924 quam
935 2875 1081 2925 Sappho
1100 2888 1199 2914 nunc
1220 2885 1392 2925 tantope-

341 2932 381 2959 re
411 2922 550 2969 placare
579 2923 716 2977 {ludent
737 2954 746 2968 ,
794 2925 864 2964 etl'e
904 2927 1000 2964 inter
1034 2927 1199 2965 immites
1229 2928 1392 2966 Sicanos.

339 2972 427 3021 Ego
449 2984 512 3028 eos
536 2973 608 3009 falli
629 2976 819 3018 existimo,
845 2985 957 3025 atque
984 2978 1080 3015 hanc
1106 2977 1176 3016 effe
1194 2979 1301 3029 hujus
1318 2979 1393 3016 loci

345 3023 562 3061 sententiam
580 3051 588 3066 ,
618 3034 655 3060 ut
686 3026 822 3062 idcirco
844 3027 1006 3064 immites
1029 3029 1168 3066 Siculos
1188 3030 1284 3067 dicat
1308 3030 1350 3067 Sa
1378 3051 1395 3058 -

349 3074 425 3122 pho
446 3102 454 3117 ,
482 3073 586 3123 qued
614 3073 675 3110 libi
703 3075 914 3112 viderentur
940 3086 1128 3114 amantem
1155 3079 1258 3115 illum
1288 3079 1395 3116 suum

350 3126 509 3161 retinere
538 3133 663 3162 contra
692 3124 743 3162 sui
773 3124 878 3172 ipsius
904 3126 1136 3164 voluntatem
1158 3141 1168 3164 ι
1203 3139 1275 3176 qua
1297 3130 1335 3165 in
1357 3140 1397 3165 re

354 3176 518 3212 immites
547 3175 581 3212 se
609 3173 677 3212 effe
705 3175 908 3214 ostendant.
948 3177 1073 3225 Atque
1103 3178 1155 3214 ita
1189 3179 1327 3216 nullam
1360 3180 1398 3216 in

356 3225 507 3264 Venere
527 3244 535 3269 r
552 3226 655 3275 quod
679 3227 728 3264 illi
750 3227 944 3276 rebantur)
969 3227 1156 3266 saevitiam
1177 3227 1286 3267 ineffe
1308 3231 1400 3267 fate-

354 3275 502 3318 buntur.
531 3277 650 3317 Servit
679 3289 768 3330 ergo
790 3278 937 3328 Sappho
962 3279 1090 3330 (quod
1114 3282 1154 3319 ὅ(
1179 3279 1287 3320 acute
1306 3280 1401 3321 vidit

1353 3042 1375 3078 p
1449 3037 1534 3066 tuor
1552 3027 1634 3070 alii,
1664 3036 1791 3075 captus.
1814 3025 1918 3074 quod
1938 3026 2056 3062 verius
2087 3033 2189 3074 puto.
2218 3021 2494 3062 &meretriciis
2529 3048 2531 3057 ,

1408 1458 1569 1499 excepto
1591 1451 1714 1487 Aetna
1729 1477 1740 1493 ‚
1768 1449 1955 1487 altissimus
1978 1449 2048 1486 est:
2078 1460 2120 1486 ea
2138 1454 2238 1496 parte
2253 1475 2263 1491 ‚
2291 1457 2363 1496 qua
2385 1445 2459 1483 Ita-

1411 1602 1595 1651 templum
1626 1603 1800 1640 omniurn
1829 1602 1970 1639 Siciliae
1997 1602 2224 1649 templorum
2252 1598 2364 1648 longe
2382 1597 2461 1647 pul-

1414 1654 1656 1698 cherrimum,
1666 1653 1855 1702 longeque
1868 1652 2185 1701 opulentissimum
2199 1652 2279 1688 fuit.
2293 1651 2466 1698 Cromm-

1415 1704 1523 1741 Haec
1542 1713 1694 1752 quoque
1717 1702 1739 1738 a
1761 1704 1961 1751 Naugerio.
1991 1704 2089 1740 Nam
2118 1701 2229 1739 nostri
2248 1710 2380 1739 omnes
2397 1699 2469 1742 im·

1417 1753 1518 1791 mites
1537 1753 1694 1796 Sicanos,
1722 1760 1763 1790 ut
1788 1753 1835 1790 ad
1861 1752 2002 1790 Palicos
2027 1753 2191 1802 respiciat
2206 1781 2215 1797 ‚
2245 1752 2309 1801 qui
2334 1751 2466 1787 huma·

1417 1805 1473 1842 nis
1509 1804 1632 1893 host6iis
1667 1804 1912 1852 placabantur.
1956 1803 2042 1842 vide
2073 1803 2196 1842 Schol.
2224 1802 2313 1841 Stat.
2343 1799 2472 1844 Theb.

1419 1867 1463 1894 xx
1475 1868 1506 1894 1.
1538 1867 1577 1904 15
1611 1883 1620 1893 .

1732 1904 1924 1954 Siculosque
1943 1902 2057 1940 licebit

1472 1961 1625 1993 Exorare
1648 1962 1747 1993 Deos.
2540 1982 2542 1995 ,

1423 2007 1493 2045 Sed
1520 2007 1670 2056 praestat
1702 2007 1933 2055 Naugeriana
1955 2006 2091 2050 leffio,
2119 2013 2161 2044 ut
2180 2005 2282 2054 Eryx
2299 2002 2477 2042 subintel-¹

1420 2059 1551 2107 ligatur
1568 2085 1576 2101 ‚
1604 2056 1625 2095 a
1654 2070 1729 2106 quo
1762 2058 1920 2106 Erycina
1948 2058 2041 2094 haec
2065 2057 2132 2094 dea
2153 2056 2249 2093 dieta
2271 2056 2317 2093 est
2336 2054 2489 2106 Poetis-3

1428 2110 1639 2146 Hemsxus.
1667 2108 1784 2145 Recste
1808 2107 2048 2144 emendatum
2069 2117 2220 2143 montes:
2245 2114 2285 2143 ut
2307 2106 2345 2142 &
2365 2105 2478 2142 habet

1427 2160 1598 2197 Francof.
1626 2159 1765 2197 codex:
1790 2158 1972 2208 templum
1994 2159 2095 2195 enim
2116 2157 2273 2194 Veneris
2293 2156 2480 2204 Erycinae·

1428 2211 1466 2248 in
1499 2220 1630 2248 monte
1658 2210 1818 2259 positum
1837 2225 1847 2253 ;
1886 2218 1926 2247 ut
1946 2209 2119 2246 exhibent
2142 2207 2290 2245 nummi
2311 2214 2479 2251 veteres,

1431 2273 1524 2311 quos
1554 2261 1641 2299 vide
1667 2261 1765 2310 apud
1786 2261 1911 2298 illustr.
1933 2260 2129 2309 Spanhem.
2153 2257 2299 2296 Dissert.
2319 2269 2375 2295 vi.
2397 2267 2482 2306 pag.

1434 2323 1516 2360 577.
1538 2312 1582 2349 de
1601 2312 1812 2361 praeit-antia
1828 2313 1865 2349 ὃς
1889 2311 1951 2349 usu
1973 2310 2156 2348 Numism.
2174 2309 2228 2347 Ed
2260 2309 2399 2358 primae
2412 2322 2423 2352 ;
2438 2307 2478 2345 &

1434 2363 1608 2401 Vaillant.
1628 2365 1662 2401 in
1685 2364 1808 2401 Gente
1830 2361 2028 2400 Confidia:
2050 2361 2182 2399 Noster
2203 2374 2247 2398 11.
2267 2359 2350 2397 Art.
2371 2370 2457 2408 419.
2486 2367 2489 2371 '

1485 2413 1549 2450 Sed
1569 2420 1645 2451 Dea
1666 2429 1734 2451 non
1749 2414 1888 2464 patitur
1899 2411 1949 2462 fic
1970 2413 2017 2449 ad
2027 2413 2093 2462 sua
2107 2411 2240 2462 gaudia
2262 2410 2354 2459 cogi,

1539 2465 1636 2502 Colle
1646 2465 1714 2514 sub
1727 2465 1878 2514 umbroso
1891 2478 1998 2514 quam
2012 2474 2101 2501 tenet
2113 2463 2208 2500 altos
2226 2466 2335 2511 Eryx.
2354 2461 2492 2511 BURMA⁴

1489 2516 1547 2565 58.
1584 2516 1711 2567 Vati.]
1749 2517 1848 2555 Mihi
1877 2516 2063 2565 Sapphoni
2085 2543 2096 2560 ,
2130 2525 2226 2564 quae
2265 2522 2366 2551 vates
2391 2512 2494 2556 sum,

1437 2568 1660 2607 Cromnos.
2481 2571 2499 2605 ἰ’

1492 2632 1550 2667 59.
1579 2617 1778 2668 Tenorem.]
1810 2618 2079 2656 Lincolnieniis
2098 2616 2272 2660 laborem3
2300 2614 2362 2654 sed
2380 2611 2494 2668 male}>

1439 2670 1551 2719 Epist.
1572 2683 1634 2708 111.
1655 2683 1715 2719 43.
2480 2677 2487 2692 ·’

1493 2725 1558 2757 An
1580 2722 1713 2770 miseros
1723 2722 1872 2769 fortuna
1893 2720 2060 2756 tenaciter
2078 2728 2212 2768 urguet.
2483 2758 2486 2765 Ι

1441 2771 1491 2810 Et
1520 2772 1628 2821 Epist.
1657 2784 1730 2810 v11.
1760 2785 1839 2810 112.
1867 2771 1945 2807 Fati
1977 2782 2082 2807 tenor.
2108 2772 2147 2806 ὃς
2175 2767 2285 2816 EpIst.
2309 2779 2406 2806 xvxr.
2432 2768 2510 2815 142⁸*

1443 2830 1552 2860 Tenor
1581 2823 1689 2861 vitae.
1719 2823 1793 2862 vid.
1821 2821 1949 2859 Heins.
1976 2821 2022 2860 ad
2052 2821 2148 2859 Vell.
2177 2821 2315 2858 Patere.
2344 2832 2399 2858 11.
2428 2823 2489 2868 450¹

1446 2874 1710 2913 Buummms.

1498 2927 1558 2975 63.
1587 2926 1702 2962 Viclus
1719 2923 1904 2962 meretricis
1919 2937 2044 2960 amore.
2058 2922 2072 2973 ]
2096 2923 2237 2960 rinctus
2252 2921 2372 2960 codex
2391 2919 2493 2958 Wit-

1447 2979 1588 3020 tianus,
1615 2989 1693 3015 non
1716 2977 1834 3018 malc;
1863 2974 1923 3011 sed
1951 2975 2122 3012 Lincoln.
2151 2973 2378 3011 1⁵rancofi&
2398 2982 2489 3021 qua-

1450 3079 1597 3115 fallaciis
1624 3077 1853 3114 &illecebris
1884 3077 2176 3114 convenientius.
2206 3076 2273 3124 Ep.
2299 3086 2378 3112 xix.
2409 3083 2494 3116 102..
2528 3064 2532 3110 l

1504 3128 1586 3163 Otia
1602 3156 1610 3170 ‚
1640 3127 1744 3176 nescio
1764 3141 1832 3178 qua
1849 3128 1964 3177 pellice
1987 3136 2124 3176 captus,
2151 3139 2244 3175 agas.
2528 3120 2532 3167 l

1457 3189 1488 3215 1.
1512 3178 1645 3216 Amor.
1669 3191 1743 3215 V1¹1
1778 3191 1834 3225 70.
1888 3184 2013 3227 Captos
2037 3177 2163 3227 legibus
2190 3190 2249 3213 ure
2278 3174 2360 3212 tuis.
2528 3210 2529 3214 ,

1455 3228 1610 3267 Terent.
1631 3229 1745 3267 Andr.
1772 3242 1801 3266 Ι.
1825 3243 1854 3266 1.
1874 3229 2137 3278 Habet,captus
2155 3227 2208 3275 est.
2228 3226 2351 3264 similis
2372 3223 2495 3262 divero‘
2526 3251 2532 3287 f

1454 3279 1534 3321 sitas
1551 3281 1614 3321 lib.
1633 3291 1714 3321 xiv.
1734 3281 1830 3322 Met.
1852 3292 1938 3332 2²9·
1969 3281 2009 3320 ὃς
2041 3292 2101 3321 11.
2129 3277 2219 3319 Fast.
2247 3276 2330 3328 585.
2357 3275 2430 3312 vid.
2448 3271 2496 3312 ad
2525 3292 2553 3319 ι·

2342 3321 2498 3369 Remed.
2525 3332 2553 3382 :fs
