2553 3676
407 193 551 253 AD
627 184 1092 248 LIVIAM
1165 187 1876 249 AUGUSTAM‘.

378 284 529 359 Quid
557 280 652 337 tibi
674 296 815 336 nunc
839 291 1017 329 mores
1040 275 1289 345 prosunt,
1327 276 1610 351 aciumque
1634 279 1833 349 pudice

447 357 627 412 Omne
650 367 869 424 aevum,
908 346 964 400 &
993 358 1144 400 tanto
1171 360 1282 402 tam
1305 351 1551 420 placuisse
1575 351 1725 406 viro?

379 432 414 467 ὴὲ
439 429 699 501 Quidque
721 419 981 494 pudicitia
1004 431 1213 474 tantum
1237 421 1486 476 inviolata
1510 423 1809 491 bonorum,
1844 423 1874 449 *Ρ

447 502 648 557 Ultima
677 494 738 549 fit
762 493 941 548 laudes
965 494 1106 548 inter
1131 505 1190 548 ut
1217 493 1303 547 illa
1324 494 1470 547 tuas?

267 596 333 649 45
372 574 522 649 Quid
547 566 770 624 tenuiffe
796 568 1033 622 animum
1054 579 1242 621 contra
1261 567 1349 622 sua
1371 566 1543 622 secula
1568 568 1772 626 rectum
1790 593 1817 634 32

441 643 618 700 Altius
643 641 698 695 &
721 641 861 695 vitiis
885 638 1164 696 exseruiffe
1189 640 1381 712 caput?

372 719 495 778 Nec,
515 714 751 771 nocuifl'e
775 714 896 777 ulli,
934 713 989 767 δε
1014 712 1286 768 fortunam
1311 712 1542 769 habuiffe
1568 714 1834 770 nocendi?

441 792 557 846 Nec
583 803 909 862 quemquam
931 803 1125 840 nervos
1151 785 1448 841 extimuiffe
1475 788 1629 842 tuos?

370 865 489 921 Nec
515 862 652 916 vires
680 857 868 914 erraffe
895 871 1006 913 tuas
1033 859 1355 932 Campoque
1380 858 1667 932 Foroque;

266 958 333 1007 50

75 1128 154 1168 fatis
182 1126 408 1167 constabunt.
460 1123 620 1164 Proinde
649 1121 778 1161 dubito
801 1123 812 1168 ᾖ
854 1133 900 1161 an
934 1133 1001 1171 pro
1026 1133 1124 1160 voce

77 1180 258 1218 Inviolata
277 1179 430 1217 verbum
457 1176 608 1226 aliquod
628 1174 853 1213 infinitivum
876 1201 887 1217 ‚
914 1173 1022 1222 quale
1045 1173 1126 1210 fue-

75 1232 124 1269 rit
141 1231 316 1280 meruiffe,
344 1226 496 1279 quaefiffi’
515 1255 526 1272 ‚
552 1225 756 1274 cumulasse,
785 1232 847 1262 aut
869 1223 985 1261 simile
1017 1235 1126 1272 repo-

75 1283 116 1319 ni
144 1281 284 1319 debeat.
322 1289 362 1318 ut
380 1279 422 1317 fit
437 1278 574 1316 sensus:
611 1276 713 1325 Quid
739 1275 805 1313 tibi
831 1285 930 1311 nunc
958 1274 1127 1322 prodest,

75 1339 135 1370 tot
161 1344 204 1370 ac
231 1338 352 1370 tantos
378 1331 539 1367 honores
566 1339 629 1375 per
649 1325 865 1375 pudicitiam
888 1322 1125 1373 quaefiviffe‚

77 1390 119 1420 ut
142 1382 169 1420 fi
189 1383 240 1420 illi
264 1393 350 1419 cum
367 1381 438 1417 hac
459 1378 716 1421 conferantur,
744 1376 861 1419 haec,
896 1386 1125 1424 quamquam

73 1433 159 1470 alias
178 1432 411 1482 praecipuam
432 1440 474 1467 ac
490 1429 649 1478 primam
667 1427 816 1464 laudem
834 1433 996 1463 meretur
1008 1426 1127 1470 ‚inter

73 1482 155 1521 illos
174 1491 301 1521 tamen
320 1482 450 1520 ultima
467 1479 585 1517 videri
602 1475 738 1527 queat?
768 1479 995 1526 Quanquam
1007 1476 1126 1514 &alia

74 1533 297 1573 constructio
314 1532 391 1570 fieri
413 1538 576 1580 poterat,
605 1529 631 1566 fi
649 1540 790 1566 nomen
805 1526 978 1576 pudicitia
998 1528 1127 1565 nomi-

73 1586 206 1622 nativo
231 1583 313 1621 casu
334 1581 475 1620 dierum
493 1581 719 1629 acciperetur
740 1606 750 1623 ,
788 1579 826 1616 &
858 1578 1042 1626 genitivus
1071 1576 1129 1614 bo-

75 1646 202 1672 norum
221 1646 308 1672 cum
325 1631 560 1683 sequentibus
575 1632 814 1679 jungeretur:
850 1628 911 1667 sed
937 1636 1028 1666 tunc
1056 1640 1129 1666 no-

75 1696 166 1723 men
182 1685 317 1722 Ultima
333 1713 343 1729 ,
371 1695 438 1732 pro
459 1682 602 1720 summa
617 1709 627 1725 ‚
654 1680 714 1717 vel
728 1681 846 1729 prima
867 1678 1127 1728 accipiendum

76 1744 154 1773 erat
172 1763 183 1780 ,
219 1735 323 1785 quod
350 1734 507 1772 insolens
540 1734 579 1770 &
609 1730 820 1769 inusitatum
851 1730 913 1767 est.
967 1730 1128 1768 Proinde

75 1785 176 1823 hunc
193 1786 321 1824 locum
334 1785 409 1823 aliis
421 1781 691 1822 discutiendum
704 1782 887 1830 relinquo.
901 1780 1128 1819 Mrcrtrus.

74 1836 196 1880 forte,
224 1836 263 1873 in
281 1846 436 1872 tantum.
473 1835 642 1871 PITHOE.
669 1832 828 1881 Meruisse
855 1843 922 1880 pro
951 1831 1129 1868 inviolata

75 1886 183 1924 MSS.
209 1886 376 1937 {Quidque
394 1884 566 1935 pudicitia
584 1882 761 1920 inviolata
784 1911 794 1927 ,
830 1881 857 1919 fi
876 1882 941 1919 tibi
958 1882 1103 1931 prodest
1117 1910 1128 1928 ,

75 1944 221 1976 tantum
256 1936 475 1975 bonorum:
511 1943 552 1973 ut
582 1934 624 1972 fit
662 1932 836 1983 synthesis
867 1934 1126 1981 epexegetica‚

76 1987 178 2036 quafi
195 1988 290 2026 dicat
303 1999 418 2037 ,quae
428 1987 476 2024 est
495 1993 641 2024 tantum
661 1985 818 2021 bonum.
836 1984 885 2021 ita
902 1984 1008 2021 infra.
1030 1990 1129 2020 Nam

78 2037 134 2074 cui
160 2048 210 2075 tot
238 2038 340 2075 turba
368 2038 532 2074 bonorum
558 2048 629 2076 (φο.
677 2035 963 2072 BERSMANNUS.
1002 2034 1128 2072 Locus

78 2089 469 2132 contaminatiffimus,
506 2087 564 2125 cui
595 2094 784 2134 utcunque
819 2084 1026 2122 consuletur
1055 2113 1065 2129 ‚
1102 2085 1129 2122 fi

79 2139 231 2187 meruisse
249 2151 315 2186 pro
333 2138 509 2176 inviolata
530 2148 710 2186 reponas,
747 2135 851 2185 quod
884 2147 931 2172 ex
950 2137 1067 2173 veteri
1086 2135 1143 2173 li·

75 2189 142 2226 bro
162 2189 402 2228 Bersrnannus
422 2197 540 2226 notat.
578 2187 648 2225 Sed
676 2199 762 2224 cum
780 2185 890 2224 nostri
911 2197 1043 2223 omnes
1061 2198 1129 2234 pro

76 2240 222 2288 vulgata
241 2240 405 2278 lechone
422 2240 515 2277 stent
527 2268 536 2283 ‚
565 2237 788 2276 Bersmanno
806 2237 897 2274 nihil
915 2244 1057 2274 temere
1066 2237 1130 2275 hic

77 2289 253 2329 deferam.
306 2292 476 2328 Muretus
510 2297 655 2327 notarat
685 2288 722 2326 in
743 2288 837 2326 libro
856 2287 921 2325 suo
942 2287 1129 2336 corrigen-

78 2339 166 2377 dum
183 2369 193 2384 ‚
221 2347 381 2390 Cumque
394 2340 575 2390 pudicitia.
632 2339 702 2376 Sed
723 2350 771 2376 ne
796 2338 844 2376 fic
871 2338 1024 2388 quidem
1048 2338 1127 2377 sen-

76 2390 132 2428 sus
151 2391 337 2428 constabit.
366 2391 586 2439 Cogitabam
605 2389 827 2438 aliquando:

130 2441 298 2490 Qcidqr'te
311 2440 482 2489 pudicitia
511 2449 654 2475 tantum
675 2438 858 2486 cumulaffe
876 2438 1053 2478 bonorum.

81 2491 193 2528 Certe
214 2491 286 2528 tale
306 2490 394 2540 quid
415 2488 533 2527 voluit
553 2488 692 2526 aueror.
721 2489 929 2526 Hzmsms.
968 2490 1043 2527 Hic
1062 2501 1129 2528 au-

79 2540 222 2579 daciam
240 2542 425 2579 temerarii
447 2539 581 2578 Galluli
603 2538 727 2576 mirari
746 2539 858 2581 libet,
885 2539 950 2587 qui
971 2539 1045 2576 fine
1056 2540 1127 2577 ulla

82 2591 253 2630 codicum
275 2591 514 2635 auctoritate,
553 2591 590 2627 in
612 2589 729 2638 ipsum
751 2598 968 2627 contextum
990 2590 1128 2637 recepit

79 2642 382 2680 emendationem
413 2641 700 2690 ineptiffimam,
725 2640 763 2676 &
793 2651 906 2689 quam
943 2651 988 2676 ex
1015 2641 1129 2678 inter-

79 2691 285 2740 pretatione
304 2693 514 2730 Bersmanni
537 2692 574 2728 &
593 2691 751 2728 aliorum
775 2690 973 2728 conflavit:

134 2743 278 2791 Qidve
291 2743 478 2791 pudicitiae
499 2741 604 2779 turba
625 2740 802 2778 inviolata
825 2740 1002 2778 bonorum.

83 2793 188 2840 Quid
217 2791 347 2831 enim?
384 2805 431 2830 an
462 2794 648 2842 quaeritur
679 2792 739 2829 hic
757 2819 768 2836 ‚
802 2791 891 2840 quid
911 2791 1125 2840 pudicitiam

82 2843 258 2891 adjuvent
284 2844 373 2881 aliae
407 2844 537 2881 Liviae
556 2841 733 2880 virtutes?
772 2843 893 2880 immo
912 2842 1001 2891 quid
1023 2841 1130 2890 pudi-

82 2905 147 2930 cae
176 2896 213 2931 &
242 2893 353 2930 castae
373 2893 431 2931 illa
451 2895 563 2931 virtus
584 2892 693 2940 profit
708 2920 718 2937 ,
757 2904 842 2930 cum
868 2893 1129 2940 eademvpatia-

85 2951 165 2988 tur,
195 2954 289 2993 quae
312 2944 480 2981 mulieres
498 2943 723 2981 libidinosae,
750 2942 911 2992 denique
926 2971 935 2986 ,
955 2942 1034 2992 quis
1047 2954 1131 2981 um-

83 3005 197 3042 quam
226 2993 366 3031 audivit
385 3021 395 3036 ‚
441 2994 580 3030 turham
609 2993 822 3030 inviolatam
855 2993 1047 3031 bonorum?
1083 3005 1130 3031 an

84 3056 163 3081 non
186 3044 373 3092 praestaret
386 3044 445 3080 hic
457 3044 628 3090 ampliare
642 3071 651 3087 ‚
662 3043 783 3082 donec
796 3057 814 3081 a
827 3043 1013 3084 codicibus
1024 3044 1130 3088 MSS.

86 3095 207 3142 major
223 3095 285 3132 lux
305 3092 517 3142 appareret?
556 3092 616 3130 sed
633 3096 760 3132 omnia
781 3095 815 3132 se
836 3095 922 3132 scire
942 3093 1131 3144 profitetur

85 3145 349 3193 Philosophus,
375 3145 438 3193 qui
464 3144 501 3180 in
521 3143 633 3180 literis
650 3144 705 3181 his
724 3146 815 3183 nihil
833 3158 1011 3194 umquam
1031 3146 1130 3194 sapit„

81 3195 173 3234 illud
192 3195 342 3244 meruiffe
360 3207 404 3232 ex
418 3195 560 3243 Micylli
582 3194 677 3231 notis
697 3195 844 3243 arripuit
856 3196 1130 3236 BersmsBule„

137 3246 197 3293 46.
228 3245 388 3295 Altius.]
419 3245 475 3282 Sic
494 3245 531 3281 in
552 3244 643 3281 Fast.
666 3257 695 3281 1.
718 3256 804 3292 299.

134 3296 307 3335 Credibile
326 3295 368 3345 est
393 3295 467 3334 illos
479 3295 611 3345 pariter
632 3293 797 3345 vitiisque
815 3294 965 3347 locisque>

445 937 731 1010 Quamque
755 931 886 987 libet
912 932 1046 986 citra
1069 931 1390 987 constituisse
1416 931 1678 988 domum?

2058 1007 2239 1064 Nem-²>

1278 1121 1406 1160 vAltius
1427 1120 1594 1160 humanis
1611 1119 1785 1170 exseruisse
1806 1128 1918 1171 caput.
1946 1119 2105 1159 Douza.

1231 1184 1290 1220 47.
1318 1180 1390 1210 Nec
1405 1173 1545 1222 nocuisse
1562 1172 1666 1223 ulli.]
1695 1173 1874 1220 Expreffit
1896 1184 2017 1210 mores
2035 1180 2231 1219 potentum

1181 1226 1388 1262 amicorum
1410 1225 1520 1272 Regis
1541 1224 1725 1272 eleganter
1746 1224 1883 1261 Seneca
1893 1223 2107 1262 Herc.Oet.
2121 1224 2208 1273 637.

1234 1274 1328 1311 Colit
1350 1274 1405 1311 hic
1422 1288 1531 1323 reges,
1559 1274 1664 1311 calcet
1684 1284 1723 1311 ut
1743 1287 1880 1319 omnes,

1235 1325 1433 1376 Perdatque
1451 1324 1536 1361 alios
1549 1352 1559 1368 ,
1588 1323 1791 1373 nullumque
1811 1324 1926 1368 levet;

1235 1382 1392 1414 Tantum
1414 1386 1453 1413 ut
1476 1385 1593 1412 noceat
1607 1403 1617 1419 ,
1646 1376 1738 1424 cupit
1759 1375 1814 1423 effe
1824 1384 1954 1424 potens.

1233 1438 1293 1473 47.
1323 1425 1489 1476 Nervus]
1517 1426 1561 1465 Id
1578 1426 1627 1464 est
1646 1427 1751 1465 vires,
1765 1425 1867 1463 Caes.
1883 1424 2234 1465 1.deBe11.Gal.22:

1183 1477 1321 1527 {Quibus
1340 1477 1454 1527 opibus
1470 1490 1511 1513 ac
1530 1477 1648 1513 nervis
1661 1505 1672 1521 ‚
1709 1489 1778 1512 non
1788 1476 1905 1525 solum
1922 1477 1969 1512 ad
1999 1477 2232 1514 minuendam

1177 1528 1333 1578 gratiam
1348 1556 1358 1573 ,
1381 1528 1446 1576 sed
1466 1536 1549 1577 pene
1567 1528 1616 1564 ad
1628 1526 1814 1578 perniciem
1833 1528 1940 1576 fitam
1966 1536 2131 1566 uteretur.
2158 1528 2236 1567 vid.

1183 1579 1230 1617 ad
1257 1592 1289 1618 π.
1309 1579 1444 1616 Amor.
1469 1590 1500 1616 1.
1524 1578 1581 1616 18.

1235 1642 1294 1678 49.
1322 1635 1516 1678 Campoque
1527 1628 1707 1678 seroque]
1739 1628 1971 1668 Ovidianum
1998 1628 2157 1667 videtur.
2183 1628 2247 1667 ita?

1185 1681 1286 1719 enim
1303 1681 1363 1718 illa
1384 1680 1576 1728 conjungit
1604 1679 1702 1717 Naso
1724 1689 1795 1723 1111}
1807 1679 1942 1718 Amor.
1954 1691 2043 1717 vn1.

1239 1731 1371 1769 Omnia
1387 1730 1572 1780 poffideant
1586 1757 1595 1773 ‚
1623 1729 1694 1766 illis
1716 1733 1918 1780 campusque
1935 1731 2122 1779 forumque

1286 1782 1438 1820 Serviat.
1474 1780 1512 1818 hi
1527 1790 1643 1830 pacem
1663 1781 1836 1831 crudaque
1857 1780 1945 1818 bellu
1961 1790 2100 1830 gerant.

1185 1833 1233 1871 Et
1255 1845 1287 1871 1.
1306 1833 1415 1870 Pont.
1439 1832 1474 1870 8.

1236 1889 1280 1921 Te
1291 1884 1390 1920 modo
1408 1892 1545 1933 campus
1561 1881 1663 1920 habet
1675 1911 1685 1927 ,
1698 1881 1802 1931 densa
1813 1882 1911 1919 modo
1920 1881 2071 1931 porticus
2081 1880 2208 1920 umbra
2218 1883 2234 1928 ζ
2242 1910 2250 1916 .

1289 1940 1414 1978 Nunc,
1435 1934 1474 1971 in
1496 1947 1562 1982 quo
1581 1933 1678 1983 ponis
1699 1942 1849 1982 tempora
1870 1946 1975 1976 rara,
1994 1936 2129 1978 forum,

1185 1986 1282 2024 Vell.
1303 1985 1441 2023 Patere.
1459 1986 1602 2022 11.126.
1631 1990 1803 2021 Revocata
1819 1983 1857 2020 in
1868 1985 1991 2030 forum
2004 1982 2114 2031 fides,
2131 1983 2234 2032 sum-

1185 2047 1280 2073 mota
1299 2036 1318 2072 e
1337 2037 1415 2083 foro
1435 2034 1581 2085 seditio,
1617 2034 1762 2071 ambitio
1780 2043 1905 2084 campo.
1935 2032 2078 2071 Laudat
2108 2043 2235 2072 autem

1187 2088 1358 2131 Liviam,
1385 2086 1483 2124 illam
1508 2097 1586 2123 non
1604 2085 1748 2122 abusam
1761 2085 1927 2133 potentia
1945 2084 2027 2128 sua,
2055 2085 2090 2121 in
2109 2084 2236 2122 hono-

1185 2138 1281 2176 ribus
1308 2136 1524 2175 mandandis
1545 2135 1702 2185 indignis
1728 2136 1806 2185 (jus
1832 2134 2032 2171 electionum
2060 2135 2234 2173 Barbarus

1185 2189 1306 2226 noster
1342 2187 1511 2226 Gorallus
1541 2185 1683 2234 vocat)
1719 2197 1788 2224 nec
1816 2186 1855 2224 in
1879 2185 2060 2234 judicibus
2083 2185 2128 2222 ad
2155 2197 2237 2223 am-

1185 2239 1328 2277 bitiosas
1350 2238 1542 2276 sententias
1568 2236 1795 2275 inducendis.
1849 2236 1958 2273 Hanc
1986 2235 2232 2274 ambitionem

1184 2297 1290 2328 notat
1308 2290 1438 2328 Livius
1457 2290 1495 2327 in
1515 2289 1639 2338 Appio
1656 2287 1717 2325 lib.
1739 2300 1793 2325 1x.
1806 2298 1884 2336 cap.
1907 2287 1970 2324 ult.
1998 2299 2056 2323 nec
2074 2285 2112 2322 in
2133 2287 2231 2324 curia

1183 2341 1326 2392 adeptus
1355 2350 1450 2385 erat,
1474 2351 1561 2389 quas
1574 2338 1720 2388 petierat
1734 2366 1743 2383 ,
1762 2347 1830 2387 opes
1840 2336 1991 2374 urbanas
2004 2365 2014 2381 ,
2044 2336 2236 2374 humilibus

1179 2401 1238 2440 per
1263 2405 1377 2429 omnes
1402 2389 1512 2428 tribus
1543 2387 1663 2439 divisis
1674 2417 1686 2435 ‚
1695 2390 1818 2436 forum
1837 2399 1880 2428 ω’
1897 2396 2056 2437 campum
2074 2387 2252 2437 corrupit..

1184 2442 1449 2481 Bunmamms.

1235 2506 1294 2541 50.
1326 2495 1515 2542 Qamque
1550 2489 1631 2527 libet
1668 2490 1755 2527 citra
1800 2487 1997 2536 constituiffe
2031 2487 2223 2538 demumr]

1183 2541 1294 2580 Forte
1313 2571 1323 2587 ,
1362 2545 1523 2590 Qaque.
1549 2542 1663 2579 Prffl.
1690 2540 1787 2577 Puto
1811 2538 2005 2587 continuisse
2019 2539 2250 2587 legendum,-

1184 2591 1401 2630 continuisse
1420 2601 1458 2629 te
1477 2593 1569 2629 vires
1581 2599 1658 2629 tuas
1680 2591 1766 2627 citra
1786 2600 2048 2639 quamcunque
2061 2591 2235 2627 domum.

1183 2644 1392 2682 H51Ns1us,
1421 2642 1512 2680 Non
1524 2641 1679 2680 vidcoin
1693 2641 1746 2677 his
1757 2641 1896 2678 sensum
1912 2667 1922 2681 ,
1942 2641 2064 2688 inepta
2075 2641 2175 2678 enim
2188 2639 2238 2679 est

1191 2693 1542 2742 Goralliexpofitio.
1570 2693 1665 2730 Puto
1684 2689 1853 2740 scripfiffe
1877 2691 2054 2728 Poetarn:

1233 2746 1424 2792 Quinque
1443 2743 1524 2780 libet
1545 2743 1633 2780 citra
1657 2741 1852 2791 continuiffe
1880 2741 2033 2778 modum,

1183 2795 1273 2832 Hoc
1292 2795 1392 2833 sensu
1406 2823 1415 2837 ,
1427 2795 1570 2837 &vires
1587 2791 1805 2830 continuisse
1817 2793 1902 2830 citra
1920 2791 2078 2829 modum
2094 2820 2104 2837 2
2117 2803 2230 2840 quam

1183 2845 1315 2883 licebat
1329 2874 1340 2890 ‚
1367 2857 1444 2882 non
1464 2845 1554 2882 ultra
1571 2843 1727 2881 modum
1747 2840 1922 2880 exeruiffe
1942 2843 2046 2880 vires.
2073 2843 2121 2879 ita
2135 2843 2232 2879 Ovi-

1186 2895 1264 2933 dius
1288 2908 1323 2933 x.
1344 2896 1440 2933 Met.
1457 2896 1543 2937 607.
1571 2900 1641 2930 Nec
1661 2894 1778 2930 virtus
1810 2893 1897 2930 citra
1914 2906 2017 2941 genus
2041 2893 2095 2943 est.
2123 2893 2159 2929 id
2181 2892 2229 2928 est

1187 2947 1310 2983 minor
1326 2957 1472 2995 genere.
1499 2953 1707 2989 utcontra,
1737 2943 1833 2981 ultra
1855 2943 2006 2980 modum.
2035 2945 2072 2980 ὃς
2095 2944 2144 2979 ita
2167 2953 2235 2978 ve-

1181 3005 1274 3034 teres
1292 2996 1463 3034 dixerunt
1474 3024 1484 3041 ,
1498 2996 1585 3032 citra
1596 2995 1738 3031 modum
1754 3022 1765 3040 ,
1781 2994 1928 3033 &intra
1947 2992 2087 3030 modum·
2101 3020 2111 3036 ‚
2128 2990 2234 3041 quod
2249 3024 2252 3025 γ

1183 3047 1333 3085 modice
1354 3046 1394 3084 fit
1423 3048 1458 3084 δε
1485 3054 1743 3095 temperanter.
1779 3044 1882 3095 quod
1906 3042 2084 3091 praeclare
2119 3043 2252 3080 docet

1186 3098 1325 3136 Gellius
1346 3109 1418 3135 ΧΠ.
1435 3097 1548 3135 Nost,
1570 3098 1680 3134 Attic.
1695 3108 1774 3145 cap.
1801 3107 1854 3144 13„
1882 3094 1957 3129 Ubi
1975 3093 2102 3131 locum
2123 3093 2234 3130 Cice-²

1186 3149 1284 3186 ronis
1314 3161 1359 3186 ex
1391 3159 1444 3185 xv,
1470 3149 1514 3186 ad
1543 3148 1656 3185 famil.
1686 3147 1791 3195 Epist.
1816 3158 1849 3190 4.
1878 3142 2045 3198 explicat.
2089 3143 2249 3181 dixerat

1189 3198 1347 3242 Cicero,
1386 3198 1512 3235 medice
1535 3198 1594 3235 hac
1609 3198 1769 3244 faciam,
1806 3203 1870 3230 aut
1893 3204 2000 3230 ettam
2029 3194 2127 3231 intra
2158 3208 2251 3231 moo-

1186 3249 1272 3285 dum
1286 3276 1296 3292 ,
1324 3258 1363 3285 ut
1385 3258 1429 3288 (9⁹
1448 3248 1543 3285 illius
1559 3246 1759 3289 voluntati,
1776 3244 1912 3284 &meis
1923 3243 2050 3291 studiis
2064 3245 2254 3294 fi’rviams.

1187 3299 1234 3338 ad
1262 3310 1356 3348 quae
1386 3299 1547 3344 Gellius,
1583 3296 1852 3343 modicedixit,
1888 3294 1926 3333 ia
1955 3294 1997 3345 est
2026 3309 2102 3335 cum
2132 3295 2253 3334 modo-

2129 3358 2255 3396 aean-2«
