2553 3676
375 179 752 240 ARTIS
826 175 1591 238 AMATORIAE
1665 204 1839 245 Liss.

1914 187 1996 246 III.
2172 194 2271 249 665·

414 271 530 327 Nos
556 273 692 327 male
717 269 1052 340 detegimur,
1088 269 1336 342 rapti-que
1365 285 1539 329 aetate
1568 275 1740 348 capilli

485 344 564 398 Ut
589 344 765 398 Borea
789 339 1010 395 frondes
1037 342 1377 406 excutiente,
1416 347 1630 403 cadunt.

411 417 627 472 Femina
649 413 900 468 canitiem
925 411 1212 467 Germanis
1235 414 1405 467 inficit
1430 416 1639 483 herbis;

481 487 556 541 Et
578 486 767 540 melior
793 503 924 541 vero
947 487 1190 559 queritur
1217 499 1330 541 arte
1346 488 1520 542 color.

266 564 332 616 26
337 580 366 632 5
404 559 626 615 Femina
649 559 900 630 procedit
928 558 1224 613 denfissima
1259 559 1493 615 crinibus
1518 563 1705 626 emtisg

477 631 586 685 Pro
628 649 697 686 ue
720 632 819 686 suis
843 632 972 686 alios
994 629 1166 686 efficit
1192 651 1311 687 aere
1334 632 1469 688 suos.

362 742 365 745 ⁴
403 704 523 760 Nec
549 723 610 758 ru
652 705 812 759 orest
836 704 1015 759 emiss'e
1038 705 1222 777 palam.
1261 706 1445 760 venire
1469 707 1714 763 videmus

474 778 728 832 Herculis
752 792 874 832 ante
899 778 1113 842 oculm,
1149 777 1580 853 virgineumque
1605 782 1848 836 chorum.

400 849 552 922 Quid
580 851 650 904 de
673 850 816 904 veste
843 851 1061 922 loquar?
1101 868 1202 904 nec
1227 868 1346 914 VOS,
1382 853 1680 923 segmenta,
1705 855 1959 929 requir03

257 938 356 989 570

468 923 586 977 Nec
611 941 747 996 quae
772 922 850 976 bis
874 923 1050 1004 Tyrio
1076 923 1281 977 murice
1304 925 1419 977 lana
1442 924 1616 980 rubes,

399 994 544 1051 Cum
571 1008 653 1050 tot
680 995 981 1067 prodierint
1004 995 1182 1066 pretio
1207 995 1409 1051 leviore
1434 998 1678 1062 colores;

471 1068 608 1141 Quis
632 1069 782 1126 furor
808 1067 912 1134 est,
948 1067 1134 1124 census
1158 1085 1387 1142 corpore
1412 1069 1554 1126 ferre
1578 1072 1705 1127 suo?

98 1297 268 1357 randumss
319 1301 549 1351 Quibusdam
569 1304 682 1343 etiam
696 1305 734 1342 in
754 1303 819 1342 usu
840 1303 889 1342 est
909 1303 1116 1343 chelidonia
1130 1333 1141 1350 ,

97 1360 201 1406 cujus
222 1355 330 1390 iucco
353 1353 544 1392 flavescere
566 1356 681 1393 crines
702 1364 843 1405 putant.
880 1356 1022 1393 Verum
1046 1357 1142 1394 Ovi-

96 1398 177 1437 dius
197 1401 243 1438 de
264 1404 388 1441 colore
410 1405 610 1454 nigricante
630 1408 767 1456 magis,
794 1418 907 1456 quam
927 1407 972 1444 de
992 1407 1064 1444 alio
1085 1408 1142 1444 in-

10 1483 11 1492 ,
50 1473 53 1474 ⁷
93 1450 269 1490 tellexiffe
288 1454 445 1494 videtur.
470 1468 558 1494 nam
585 1458 698 1494 etiam
726 1457 840 1495 hodie
869 1458 1032 1495 colorem
1053 1469 1140 1496 euin

93 1512 134 1538 111
155 1506 438 1560 comaprobant
462 1506 553 1545 Itali.
582 1508 694 1546 Unde
723 1510 761 1546 ὃς
793 1508 968 1556 plumbeo
995 1509 1140 1557 pectine

92 1553 203 1591 multi
231 1567 268 1592 in
298 1557 477 1604 pestenda
510 1571 643 1603 coma,
678 1568 740 1597 aut
755 1559 861 1596 barba
879 1558 1049 1596 dicuntur
1074 1561 1140 1597 uti.

93 1604 214 1650 Quod
244 1615 368 1662 autem
399 1608 445 1646 de
464 1609 576 1656 glasto
595 1638 606 1654 ,
633 1609 840 1648 Britannica
867 1610 975 1647 herba
1000 1638 1010 1653 ,
1037 1609 1140 1648 affert

93 1652 240 1694 Merula
254 1683 265 1700 ,
294 1658 401 1695 tacile
421 1659 625 1697 admiserim
639 1660 686 1704 ‚fi
705 1661 856 1709 glastum
870 1660 968 1698 idem
990 1660 1031 1697 sit
1052 1673 1137 1699 cum

92 1715 137 1740 ea
153 1732 163 1748 ‚
191 1718 304 1755 quam
326 1709 493 1746 Guadum
514 1711 626 1760 vulgo
648 1720 784 1748 vocant
798 1739 808 1753 ,
847 1723 958 1760 quam
985 1711 1136 1760 quidam

11 1764 13 1806 j
92 1755 250 1793 eandem
273 1758 411 1797 faciunt
431 1772 515 1798 cum
538 1773 580 1799 ea
594 1789 604 1806 ,
631 1773 726 1810 quae
747 1774 766 1799 a
785 1762 1003 1800 Dioscoride
1017 1761 1138 1805 ἷσειτῖς

90 1805 183 1843 olim
206 1806 302 1845 diest-a
325 1811 404 1847 fuit.
442 1811 578 1850 Reddit
601 1813 700 1849 enim
730 1813 840 1850 herba
863 1813 954 1850 haec
972 1813 1133 1851 colorem

12 1876 15 1910 ξ
89 1858 299 1896 caeruleum
321 1860 472 1908 quidem
485 1889 496 1906 ,
525 1862 585 1900 sed
606 1871 732 1900 tamen
752 1864 789 1900 in
809 1864 953 1912 nigrum
973 1864 1136 1912 aliquan-

87 1914 129 1944 to
160 1908 237 1956 plus
264 1920 478 1959 vergentem
498 1940 511 1957 ,
546 1912 584 1950 id
609 1913 711 1962 quod
736 1914 860 1962 paffim
892 1914 1015 1951 videre
1040 1915 1136 1953 licet.

89 1957 318 2015 Micritus.
347 1962 449 2000 Nihil
466 1964 557 2000 haec
578 1964 717 2002 faciunt
737 1964 781 2001 ad
805 1964 1110 2002 Ovidiinientem
1125 1994 1136 2011 ,

88 2020 154 2057 qui
172 2022 235 2066 per
256 2013 458 2050 Germanas
475 2014 601 2052 herbas
627 2015 797 2063 spumam
822 2015 943 2055 illam.
982 2015 1055 2053 five
1085 2017 1135 2053 sa-

87 2070 178 2107 pum
192 2062 394 2106 intellexit,
416 2063 461 2100 de
483 2077 560 2113 quo
578 2066 687 2102 toties
706 2066 864 2102 Martial.
882 2065 942 2103 lib.
961 2078 1050 2103 viii.
1075 2078 1134 2115 33.

91 2122 175 2149 xxv.
195 2113 252 2169 ²6:
273 2113 312 2149 δε
331 2124 388 2159 ιγ,
416 2115 454 2150 &
474 2115 564 2152 Plin.
583 2128 723 2153 xxviii.
748 2128 803 2153 η.
829 2116 933 2165 quod
955 2128 998 2153 ex
1018 2118 1134 2155 herbis

86 2166 338 2219 compontum
359 2163 461 2202 fuisse
474 2166 626 2203 credidit
650 2166 809 2204 Ovidius
822 2195 831 2210 ‚
846 2168 884 2203 &
914 2168 962 2204 ita
991 2179 1068 2204 non
1087 2168 1133 2205 de

86 2213 213 2268 colore
233 2215 434 2262 nigricante
447 2244 457 2260 ‚
496 2216 555 2254 sed
585 2217 681 2254 flavo
702 2218 793 2255 haec
814 2216 968 2254 infeffio
987 2219 1134 2256 canitiei

83 2264 271 2310 capienda.
298 2264 487 2304 studebant
508 2268 609 2304 enim
631 2268 794 2305 maxime
818 2276 858 2305 ut
878 2268 978 2305 flavis
998 2269 1132 2317 capillis

84 2313 197 2352 effent
210 2315 426 2364 conspicuae
438 2332 450 2361 ;
479 2326 518 2355 ut
532 2318 568 2355 &
586 2319 698 2356 hodie
710 2319 746 2356 iri
760 2318 982 2356 Hollandiae
1005 2320 1042 2357 ἃ
1058 2319 1133 2358 Fri-

82 2363 154 2402 fiae
166 2366 287 2422 multis
307 2369 405 2415 pagis
423 2369 594 2406 mulieres
615 2368 654 2407 id
670 2369 810 2407 studere
838 2369 1019 2407 videmus.
1047 2371 1132 2409 vide

82 2416 163 2461 post
182 2416 271 2454 alios
295 2418 431 2455 multos
449 2418 615 2456 Broulzh.
631 2419 678 2457 ad
695 2420 821 2458 Tibul.
839 2420 900 2458 lib.
922 2421 1067 2470 1.Eleg.
1079 2433 1133 2461 vi.

84 2464 123 2501 8.
150 2466 189 2502 ὃς
207 2466 252 2503 de
276 2467 371 2504 flavo
392 2469 517 2506 colore
536 2470 759 2517 capiendum
794 2470 978 2508 Ovidium
1006 2480 1130 2519 aperte

85 2514 198 2553 docet
218 2517 376 2556 Tertull.
397 2532 442 2556 11.
463 2519 508 2556 de
532 2520 631 2557 cultu
649 2521 738 2558 fem.
768 2521 802 2558 6.
828 2520 928 2556 Video
958 2522 1131 2570 quasdam

86 2566 246 2613 capillum
278 2581 366 2605 croco
391 2579 523 2606 vertere
545 2584 555 2612 ;
601 2570 707 2619 pudet
736 2583 792 2607 eas
818 2571 925 2607 etiam
953 2572 1128 2617 nationis,

86 2616 178 2671 quod
196 2630 261 2654 non
281 2624 476 2656 Germanae
495 2631 600 2671 atque
612 2621 736 2657 Gallae
747 2620 823 2670 fint
836 2630 1031 2669 procreatae
1044 2650 1053 2665 ,
1075 2623 1127 2659 ita

79 2677 161 2713 jam
185 2668 316 2715 capillos
330 2673 570 2717 transferunt,
606 2672 698 2708 male
724 2685 764 2708 ac
782 2671 914 2721 peffime
924 2670 991 2720 fibi
1014 2674 1127 2721 auspi-

87 2725 214 2770 cantur
229 2716 385 2765 flammeo
405 2721 511 2771 capite
526 2751 535 2767 ,
554 2734 597 2762 (φ’
615 2722 771 2760 decorum
786 2731 938 2772 putant,
969 2725 1060 2773 quod
1070 2725 1126 2760 in-

86 2776 252 2814 quinant.
277 2770 337 2808 ubi
363 2772 523 2821 legerem
552 2774 740 2822 inquinat,
758 2774 934 2812 nimirum
962 2774 1124 2812 medica-

3 2825 7 2830 ‘
86 2825 268 2855 mentum.
295 2820 404 2867 inficit
423 2835 511 2861 vero
525 2852 536 2868 ,
559 2836 636 2873 quo
658 2823 790 2861 Noster
800 2825 914 2861 utitur
932 2825 1121 2873 proprium

5 3299 12 3305 .
85 3283 221 3312 manui.
251 3274 369 3323 emlffe.
396 3274 524 3314 Palam
549 3273 667 3313 venire
687 3275 846 3315 videmus
863 3278 1061 3328 Vaticanus
1085 3281 1122 3319 &
1169 3277 1278 3328 saccis
1288 3276 1433 3327 fingulis
1455 3277 1559 3318 ludit.
1612 3277 1876 3312 BURMANNUS·

18 2881 20 2886 ⁸
85 2868 147 2904 est.
183 2868 236 2904 lta
257 2869 426 2917 Spartian.
446 2874 560 2912 Hadr.
580 2886 640 2911 20.
670 2888 746 2911 cum
772 2874 912 2911 cuidam
934 2875 1122 2922 canescenti

85 2918 256 2969 quiddam
279 2921 438 2968 negaffiit,
466 2925 572 2961 eidem
592 2925 719 2962 iterum
734 2925 886 2974 petenti,
908 2924 971 2970 sed
999 2926 1121 2972 insel‘lo

85 2972 191 3025 capite
213 2969 389 3019 respondit.
409 2973 486 3018 jam
506 2975 565 3010 hoc
577 2976 671 3024 patri
689 2986 746 3011 tuo
767 2976 903 3023 negavi.
929 2975 1001 3012 alio
1019 2975 1122 3014 sensu

85 3019 214 3057 Tibul.
236 3034 279 3057 ii.
303 3033 357 3058 11.
382 3034 442 3058 20.
466 3023 554 3061 dicit
581 3026 807 3064 senec‘tutein
832 3025 968 3074 inficere
987 3039 1121 3072 comas,

85 3082 153 3118 pro
176 3083 280 3108 canas
301 3071 429 3109 facere.
483 3072 744 3113 BUR'MANNus.

130 3121 220 3177 *167.
248 3129 316 3177 Set
333 3123 442 3171 pudor
459 3123 512 3168 est.
534 3123 549 3172 ]
587 3124 700 3160 Rubor
725 3126 805 3164 libri
834 3128 1005 3166 meliores
1034 3140 1120 3166 cum

82 3182 201 3220 prima
221 3172 396 3209 editione.
425 3174 498 3210 dixi
520 3173 676 3222 Epistola
694 3186 752 3212 xx.
770 3189 860 3215 vers.
881 3191 962 3225 204.
976 3179 1121 3216 Hizms.

2091 1160 2250 1222 A'e‘i‘is

1196 1305 1396 1344 Bernenfis.
1423 1315 1501 1343 non
1524 1303 1618 1343 mala
1637 1302 1881 1342 distinctione:

1252 1357 1331 1395 168.
1360 1357 1515 1394 Herculis
1533 1366 1616 1393 ante
1632 1355 1761 1399 oculos,
1789 1353 2054 1404 virgineumque
2066 1352 2247 1405 chorum]

1197 1408 1342 1445 Aedem
1349 1407 1517 1446 Herculis
1528 1408 1571 1443 M
1577 1407 1740 1454 usagetae
1751 1405 2026 1454 inteilngquae
2039 1404 2084 1442 ad
2094 1405 2247 1444 Circum

1196 1459 1419 1497 Flaminium
1431 1459 1513 1503 fuit,
1526 1457 1545 1495 a
1557 1458 1612 1494 M.
1622 1456 1754 1494 Fulvio
1766 1458 1926 1505 primum
1939 1455 2086 1493 condita
2100 1484 2110 1500 ‚
2121 1456 2246 1504 postea

1197 1508 1218 1546 a
1232 1511 1368 1547 Martio
1380 1510 1547 1558 Philippo
1560 1508 1760 1547 instaurata.
1780 1508 1931 1544 Micri..
1944 1506 2016 1543 vid.
2038 1506 2136 1544 Suet.
2149 1508 2248 1557 Aug.

1194 1572 1255 1607 29.
1268 1562 1305 1598 &
1319 1560 1492 1597 Nostrum
1504 1558 1648 1597 v1.Fast.
1659 1558 1776 1596 801&
1787 1558 1859 1607 seq.
1871 1557 1926 1595 Cl.
1939 1554 2142 1594 Massonius
2152 1569 2245 1595 vero

1196 1611 1233 1648 in
1245 1611 1465 1648 vitaOvidii.
1480 1611 1545 1647 A0·
1560 1611 1607 1647 U.
1619 1610 1661 1646 C.
1676 1607 2041 1646 ncctxvnostendit
2052 1619 2129 1644 non
2141 1606 2247 1646 fuisse

1193 1661 1296 1698 illum
1317 1661 1526 1710 Philippum
1546 1660 1719 1698 vitricum
1739 1658 1890 1707 Augusti
1907 1685 1915 1699 ‚
1945 1657 2004 1695 sed
2024 1658 2159 1701 alium,
2181 1659 2243 1697 cui

1193 1712 1333 1749 Marcia
1350 1720 1545 1749 matertera
1559 1711 1709 1759 Augusti
1731 1718 1843 1758 nupta
1856 1710 1938 1746 fuit.
1965 1708 2136 1745 Heinsius
2148 1720 2244 1746 con-

1186 1762 1325 1811 jecerat
1340 1790 1348 1806 ,
1368 1762 1616 1811 Pieridumque
1636 1761 1787 1797 chorum.
1816 1760 1854 1796 in
1876 1771 1952 1796 uno
1973 1757 2117 1795 Heinfii
2139 1766 2241 1804 erat,

1192 1813 1454 1863 virgineumque
1482 1823 1594 1861 caput.
1638 1809 1825 1849 Bernenfis
1855 1810 1894 1847 &
1920 1809 2102 1847 Palatinus
2122 1836 2133 1854 ,
2161 1809 2244 1857 tho-3

1191 1877 1282 1900 rum.
1336 1863 1597 1901 ssunMANNus.

1248 1916 1328 1963 169.
1356 1921 1437 1951 Non
1450 1915 1529 1963 jam
1540 1919 1718 1962 segmenta
1736 1910 1900 1961 requiro]
1930 1916 2106 1959 segmenta
2125 1914 2241 1960 expo-⁷

1192 1965 1247 2002 nit
1266 1965 1434 2010 Merula,
1469 1965 1583 2002 vestes
1617 1964 1827 2012 simpliciter
1846 1973 1981 2000 aureas.
2033 1961 2115 2010 Ego
2148 1974 2238 2000 vero

1192 2016 1342 2053 arbitror
1357 2017 1594 2064 segmentatas
1611 2014 1723 2052 dictas
1738 2042 1748 2058 ‚
1775 2024 1870 2063 quae
1898 2012 2010 2050 hodie
2029 2020 2245 2060 praetextae.

1192 2064 1210 2102 a
1232 2067 1445 2115 quibusdam
1467 2066 1660 2103 dicuntur:
1688 2064 1809 2113 belegee
1830 2063 1979 2108 kleidcr,
2006 2063 2080 2100 hoc
2093 2063 2140 2100 est
2155 2091 2165 2108 ‚
2184 2064 2239 2100 -se-

1189 2117 1266 2154 rico
1284 2145 1293 2160 ,
1321 2125 1382 2155 aut
1405 2116 1511 2154 simili
1534 2117 1659 2165 aliquo
1676 2127 1800 2164 panno
1825 2115 1918 2152 circa
1940 2125 2019 2151 oras
2042 2114 2236 2162 praestitae.

1189 2167 1288 2205 Nam
1310 2169 1349 2205 ὃς
1371 2168 1522 2205 monilia
1534 2166 1734 2215 segmenta,
1774 2166 1812 2202 &
1832 2164 1929 2213 apud
1956 2165 2114 2201 Plinium
2128 2192 2138 2207 ‚
2167 2166 2235 2201 cir-

1187 2219 1256 2255 culi
1278 2221 1454 2267 segmenta
1483 2226 1664 2255 vocantur
1687 2245 1698 2261 ,
1745 2215 1766 2252 a
1798 2227 1960 2265 quorum
1997 2214 2234 2251 similitudine

1185 2270 1294 2306 etiam
1313 2270 1371 2306 illa
1385 2297 1395 2313 ,
1423 2269 1579 2318 opinor,
1607 2266 1898 2316 reciesegmenta
1912 2273 2109 2307 vocantur,
2136 2275 2234 2312 quae

1184 2319 1222 2356 in
1255 2320 1431 2357 circulum
1471 2320 1541 2357 oris
1568 2318 1642 2357 five
1677 2317 1964 2355 extremitatibus
1995 2314 2234 2351 vestimento-

1184 2382 1266 2408 ruin
1289 2372 1374 2408 foris
1395 2368 1591 2408 assuuntur.
1618 2370 1843 2406 Micriius.
1871 2373 1941 2403 Nec
1972 2378 2062 2401 nunc
2093 2365 2231 2412 Regius

1186 2421 1223 2457 &
1236 2421 1365 2458 decem
1382 2421 1453 2459 alii.
1479 2421 1596 2467 Jureti
1615 2427 1805 2467 excerpta,
1824 2430 1882 2454 nec
1901 2416 2003 2452 enim.
2031 2415 2089 2451 alii
2118 2415 2234 2453 aliter.

1184 2472 1465 2510 Comelinianus
1486 2472 1619 2519 aliique
1647 2480 1790 2506 novem
1815 2479 1899 2504 cuin
1929 2468 2043 2513 prima
2064 2465 2232 2503 editione

1182 2535 1241 2558 nec
1259 2536 1330 2560 vos.
1367 2534 1444 2572 quo
1473 2521 1532 2559 sex
1561 2521 1620 2557 alii
1650 2531 1734 2556 cum
1765 2517 2012 2565 Neapolitano
2040 2515 2229 2561 alludunt,

1181 2585 1249 2608 non
1261 2586 1333 2610 vos.
1357 2572 1419 2609 sed
1440 2571 1589 2620 praestat
1610 2570 1764 2607 alterum
1781 2567 1903 2617 ,quod
1924 2568 1962 2604 &
1988 2566 2225 2615 Zinzerlingo

1179 2622 1354 2670 placebat.
1375 2621 1473 2659 rubes
1494 2622 1604 2659 etiam
1629 2619 1764 2668 Regius
1774 2619 1937 2667 sequenti
1959 2616 2110 2653 versu&
2133 2629 2228 2663 unus

1180 2673 1380 2711 Vaticanus
1416 2684 1502 2710 cum
1540 2672 1657 2720 prima
1702 2670 1878 2707 editione.
1927 2668 2138 2704 HEiNans.
2176 2666 2226 2705 ’δε

1180 2722 1352 2764 Francof.
1381 2722 1478 2760 rubes
1509 2722 1639 2765 habet,
1676 2721 1715 2757 &
1747 2718 1943 2757 Bernenfis.
1982 2717 2028 2755 de
2042 2717 2227 2766 segmentis

1179 2774 1254 2811 vid.
1276 2775 1409 2812 Ferrar.
1428 2774 1487 2811 lib.
1509 2785 1573 2810 111.
1591 2771 1636 2809 de
1658 2772 1713 2808 Re
1726 2770 1902 2808 Vestiaria
1916 2781 1993 2817 cap.
2009 2779 2064 2814 17.
2084 2770 2123 2806 δε
2145 2769 2221 2807 Sal-

1178 2825 1264 2862 nias.
1285 2825 1329 2863 ad
1348 2824 1498 2872 Vopisc.
1519 2822 1647 2860 Aurel.
1664 2833 1742 2870 cap.
1765 2822 1825 2867 46.

1232 2887 1312 2921 17o.
1342 2874 1479 2924 Lana.]
1516 2873 1603 2911 Vid.
1629 2872 1675 2911 ad
1702 2883 1750 2911 11.
1776 2871 1909 2910 Fastor.
1942 2881 2026 2916 107.
2060 2870 2100 2907 de
2122 2870 2221 2919 Tyrio

1175 2925 1323 2974 plurimi
1352 2926 1470 2974 scripti
1496 2926 1533 2962 ὅ(
1556 2924 1655 2961 editi.

1231 2988 1310 3023 172.
1337 2973 1708 3025 Cor-porefhrresuos]
1736 2979 1801 3010 Suo
1819 2982 1889 3012 tres
1907 2972 2220 3010 libri.HmNsws.

1174 3026 1338 3075 Propert.
1359 3039 1421 3064 111.
1438 3026 1599 3074 Elegxx.
1618 3038 1662 3062 11.

1227 3084 1398 3114 Matrona
1417 3077 1546 3113 incedit
1570 3075 1684 3124 census
1704 3075 1832 3112 induta
1853 3083 2019 3123 nepotum.
2093 3120 2099 3126 ·

1177 3127 1322 3166 Tertul.
1347 3140 1376 3165 1.
1397 3127 1442 3165 de
1455 3127 1552 3165 Cult.
1572 3127 1662 3164 fem.
1682 3138 1759 3174 cap.
1785 3138 1840 3162 1x.
1879 3124 1994 3159 Saltus
2018 3132 2061 3159 ω’
2087 3120 2218 3167 insulas

1177 3188 1293 3214 tenera
1313 3178 1431 3215 cervix
1453 3178 1661 3224 circumfhrt.
1684 3176 1826 3224 graciles
1837 3175 1976 3210 aurium
1997 3180 2087 3207 cutes
2105 3170 2220 3207 calen-

85 3223 209 3278 Veniffe
228 3223 332 3259 inulti
350 3224 488 3271 scripti,
517 3226 554 3262 &
579 3223 767 3261 Editiones
786 3227 931 3276 Micylli
960 3230 998 3266 ὅ(
1016 3223 1123 3266 ’Βεῐῑ-
1178 3228 1318 3264 darium
1337 3228 1532 3276 expendunt
1545 3256 1556 3272 ,
1592 3225 1787 3275 &finistra
1802 3233 1862 3272 Per
1872 3221 2020 3271 fifignlffl
2038 3221 2160 3269 ‘sigim
2179 3222 2220 3257 de

1613 3325 1744 3372 Pppp
2026 3333 2108 3372 173·
2137 3326 2226 3374 Tm.
