2553 3676
408 205 555 261 AD
629 201 1084 263 LIVIAM

382 294 551 367 Quos.v
565 296 794 368 primum
822 289 934 345 vidi
959 290 1122 346 fasces
1139 332 1152 354 ‚

1159 205 1874 269 AUGUSTAM
2144 220 2242 293 a&

1195 294 1252 348 in
1278 295 1467 351 funere
1493 295 1630 353 vidi:

453 368 527 422 Et
551 369 661 423 vidi
688 363 924 427 evei-sm,
960 363 1331 438 indiciumque
1356 370 1494 423 mali.

385 439 522 513 Quis
547 438 760 495 credat?
801 437 957 491 matri
983 437 1074 492 lux
1099 438 1230 492 haec
1255 440 1592 496 moestiffima
1615 444 1794 508 venit,

453 514 576 585 Qua
601 523 786 565 natum
812 510 868 564 in
891 510 1100 566 summo
1126 511 1264 566 vidit
1289 511 1498 566 honore
1521 515 1688 570 suum.

236 603 332 656 145
364 585 550 656 Jamne
577 601 682 655 ego
706 602 816 639 non
843 583 1004 639 felix?
1039 583 1147 655 jam
1170 602 1287 657 pars
1313 585 1444 640 mihi
1468 598 1615 658 rapta
1638 589 1954 656 Neronum,-

448 655 688 711 Materni
713 656 924 711 celeber
947 658 1169 712 nomine
1196 658 1400 713 Drusus
1424 659 1537 714 avi?

364 728 554 798 Jamne
581 747 728 784 meus
754 748 865 784 non
888 729 985 792 est,
1024 747 1126 783 nec
1150 748 1237 784 me
1269 731 1395 785 facit
1417 732 1503 786 ille
1530 736 1835 805 parentem?

441 802 628 870 jamne
654 802 731 856 fui
758 802 917 856 Drusi
940 804 1142 856 mater?
1185 803 1241 857 δε
1270 804 1379 874 ipse
1402 804 1535 858 fuit?

375 875 493 929 Nec
521 893 644 929 cum
671 874 932 929 vifflorem
958 875 1220 930 referetur
1246 875 1419 932 adesse
1445 877 1725 933 Neronem
1744 925 1757 942 ,

236 965 335 1015 150

443 947 642 1001 Dicere
663 946 1018 1030 jam-potem,
1053 948 1259 1019 Major,
1297 968 1362 1003 an
1387 949 1547 1014 alter,
1585 950 1761 1005 adest?

367 1019 566 1074 Ultima
591 1021 928 1092 contigimus.
963 1022 1046 1093 jus
1072 1023 1253 1076 matris
1277 1013 1532 1078 habemus
1555 1023 1620 1078 ab
1648 1041 1774 1079 uno,

448 1092 620 1148 Unius
651 1093 725 1146 est
750 1112 972 1158 munus,
1010 1094 1161 1169 quod
1186 1109 1365 1150 tamen
1390 1095 1519 1150 orba
1544 1114 1729 1169 negor.

370 1165 470 1220 Me
496 1166 765 1221 miseram!
809 1168 1064 1232 extimui,
1102 1168 1376 1241 frigusque
1402 1185 1498 1240 per
1523 1170 1628 1224 ofla
1655 1170 1912 1226 cucurrit,

441 1239 534 1293 Nil
559 1256 664 1311 ego
684 1241 790 1310 jam
814 1240 1022 1312 poffum
1046 1254 1191 1296 certa
1229 1258 1422 1296 vocare
1457 1259 1656 1298 meum.

129 1437 192 1474 Ille
205 1435 270 1485 sibi
287 1437 446 1475 admotas
466 1451 492 1475 a
505 1439 641 1488 virgine
661 1439 798 1489 corripit
815 1440 902 1490 escas
914 1469 925 1486 ,

180 1487 328 1537 Virginis
347 1488 385 1525 in
399 1489 527 1539 palmis
547 1491 617 1540 ipsa
638 1492 786 1539 canistra
808 1501 980 1530 tremunt.

77 1551 171 1601 Quo
200 1554 355 1601 pertinet
375 1555 486 1591 etiarn
509 1555 667 1593 Tertull.
686 1556 779 1593 libro
800 1556 846 1595 ad
866 1568 1022 1595 uxorem
1043 1569 1122 1606 cap.

75 1614 132 1640 vx.
160 1609 284 1640 Romae
305 1604 466 1653 quidem,
494 1618 581 1655 quae
607 1606 696 1654 ignis
725 1606 821 1643 illius
846 1607 1124 1656 inextinguibilis

74 1653 263 1701 imaginem
285 1657 442 1691 trallunt
466 1683 476 1699 ‚
524 1656 673 1704 auspicia
691 1666 819 1706 poenae
838 1658 924 1706 sitae
953 1672 1029 1695 cum
1056 1659 1121 1708 ipfh

75 1709 236 1741 Dracone
264 1715 442 1750 curantes,
469 1705 510 1742 de
526 1707 733 1755 virginitate
751 1708 940 1757 censentur.
967 1710 1046 1758 Qui
1064 1711 1122 1748 lo·-

75 1765 137 1791 cus
163 1755 296 1805 absque
324 1757 515 1805 Propertio
543 1769 620 1795 non
652 1759 758 1796 facile
777 1768 921 1807 poterat
940 1762 1123 1809 explicari.

74 1816 146 1841 nec
178 1807 298 1843 minus
318 1807 526 1855 Propertius
555 1808 686 1858 absque
710 1810 785 1847 hoc
806 1811 1037 1849 Tertulliani.
1063 1811 1124 1850 sed

74 1854 166 1892 haec
196 1864 296 1894 extra
323 1857 491 1896 ordinem
522 1857 618 1896 diua
646 1859 765 1899 sunto.
819 1861 917 1909 Ergo
939 1862 1125 1911 Vespillo-

72 1916 165 1944 num
178 1934 188 1951 ‚
218 1915 257 1944 ut
275 1909 430 1952 monui,
448 1909 613 1947 officium
628 1937 646 1954 ,.
658 1922 754 1960 quae
773 1910 817 1948 ad
827 1912 994 1961 lugubres
1011 1914 1098 1951 ritus
1114 1941 1124 1958 ,

73 1955 150 1993 hoc
171 1957 219 1995 est
232 1985 242 2002 ,
271 1970 404 2007 rogum
422 1960 581 2008 spe<9oemt
601 1972 737 1999 curare.
765 1961 863 2000 unde
878 1962 1097 2002 Glossarium
1113 1993 1124 2009 ,

74 2006 211 2055 Vespillo
224 2035 234 2052 ,
246 2010 492 2052 νεκροθιὶπτης.
520 2011 557 2048 in
575 2011 647 2048 alio
660 2010 841 2050 Gloffario
857 2041 867 2057 ,
879 2014 1027 2062 Vespinio
1039 2043 1049 2058 ‚
1069 2027 1126 2051 ve-

72 2057 252 2101 κροὲὁτης.
301 2060 404 2108 Lego
426 2089 436 2105 ,
460 2060 619 2109 Vespillo,
641 2064 891 2107 νεκροθάπτκς.
918 2064 962 2101 de
987 2065 1125 2103 Pollin-

75 2107 234 2146 &roribus
253 2109 464 2159 Fulgentius
483 2112 691 2150 Planciades
715 2114 787 2150 ita:
817 2113 1038 2153 Pollinetores
1064 2117 1125 2166 qui

66 2159 197 2204 funera
219 2161 442 2198 morientium
461 2172 640 2205 accurant.
669 2163 818 2201 Plautus
832 2166 999 2211 Poenulo,
1025 2168 1124 2215 {Quia

74 2208 164 2245 mihi
183 2210 366 2257 pollinc't'or
393 2213 533 2249 dixerat
557 2241 567 2258 ‚
596 2214 658 2263 qui
687 2228 764 2251 eum
789 2215 1010 2264 pollinxerat.
1040 2217 1124 2255 dieti

68 2258 305 2307 pollinciens,
334 2260 432 2311 quasi
448 2263 657 2312 pollutorum
684 2267 847 2303 urzt'c'ores.
899 2267 978 2305 Ubi
1009 2270 1120 2307 etiam

75 2308 177 2364 yides
204 2320 372 2350 mortuos
383 2313 532 2362 pollutos
559 2314 662 2353 dici:
700 2316 799 2354 unde
820 2316 941 2354 domus
960 2317 1121 2367 polluta,

74 2369 114 2395 ln
135 2371 206 2408 qua
228 2370 417 2405 mortuus,
450 2376 546 2412 quae
575 2365 713 2403 idcirco
740 2368 950 2416 expiatione
980 2370 1122 2418 indige·

72 2408 144 2446 bat.
199 2410 351 2448 Flamini
384 2414 496 2450 etiam
528 2415 625 2451 Diali
645 2425 836 2454 mortuum
865 2427 1013 2467 tangere
1041 2432 1120 2458 non

71 2458 226 2504 licebat;
252 2462 432 2506 causa,ne
453 2463 542 2512 quid
564 2466 802 2503 morticinum
828 2479 914 2505 eum
937 2473 1120 2508 contami-

74 2520 197 2554 naret,
235 2512 338 2561 quod
368 2524 445 2550 non
476 2514 657 2560 vetitum,
687 2516 752 2553 nisi
774 2525 942 2556 mortuos
961 2520 1120 2566 pollutos

76 2560 265 2607 putaffent.
285 2563 424 2601 Gellius
441 2563 502 2601 lib.
522 2577 555 2602 x.
578 2577 654 2613 cap.
676 2579 733 2615 ις.
769 2572 894 2604 Locum
913 2573 952 2605 in
972 2583 1036 2617 quo
1058 2570 1122 2607 bu-

69 2609 164 2656 stum
183 2612 225 2657 est
239 2640 249 2657 ,
277 2626 460 2662 nunquam
482 2614 676 2663 ingreditur
685 2631 697 2660 3
734 2628 911 2656 mortuum
932 2633 1117 2669 nunquam

77 2660 230 2748 intingit
262 2678 274 2705 3
327 2666 442 2711 sunus
479 2675 602 2703 tamen
643 2668 764 2717 exequi
801 2681 869 2705 non
907 2670 950 2718 est
996 2671 1119 2720 religio.

118 2723 314 2750 iunENBR.

131 2773 219 2849 13676
239 2764 462 2815 Summum]
489 2766 732 2806 Postremum.
750 2767 978 2808 adverbium.
991 2772 1122 2822 Virgil.

75 2823 128 2850 w.
148 2827 169 2859 4
221 2842 230 2851 .

127 2881 334 2916 Extremum
347 2882 425 2928 sato
446 2883 536 2931 quod
557 2893 590 2920 te
609 2884 798 2934 adloquor,
826 2885 886 2923 hoc
906 2887 960 2934 est.

76 2942 281 2981 Ermum.
311 2944 364 2981 Ita
379 2949 577 2995 supremum
601 2948 951 2997 QuincPc.Decl.V1.
973 2951 1006 2988 6.

133 2994 213 3042 138.
244 2994 419 3044 Affigoque
442 3000 629 3047 manuss]
667 2999 785 3036 Reste
813 3011 954 3038 veteres
985 3001 1119 3040 editio-

76 3053 162 3083 nes,
194 3043 406 3093 Effingoque‚
435 3055 475 3084 ut
496 3048 575 3095 jam
606 3051 821 3089 monuimus
848 3052 894 3090 ad
916 3053 1117 3101 Epistolam

77 3106 138 3131 xx.
157 3094 215 3136 xis.
240 3107 319 3144 134.
373 3096 584 3136 HElNSIUS.

132 3169 212 3203 141.
242 3160 338 3206 §Quos
353 3159 463 3208 primo
481 3160 599 3210 vidi]
630 3161 771 3208 Scribe,
799 3179 903 3215 quos,
930 3167 1118 3216 &paullo

77 3208 179 3256 post,
208 3210 358 3246 materni
387 3210 518 3248 celeber.
539 3213 703 3250 Pr-rHoE.
732 3217 826 3261 §Quos
855 3217 969 3264 probe
1001 3219 1121 3254 Com-

80 3258 205 3296 bianus
224 3260 331 3303 liber,
363 3261 400 3296 &
422 3270 526 3298 vetus
545 3262 658 3300 editio
675 3291 684 3307 ,
713 3272 751 3301 ut
771 3266 1121 3317 &Pithoeus.quum

79 3308 300 3360 Rutgersrus.
327 3311 530 3352 HE1N81US.
556 3315 635 3362 Qo
655 3313 834 3353 editiones
851 3317 982 3365 priscae
994 3318 1124 3367 ‚quod

2114 1316 2229 1373 Hic

1182 1442 1421 1483 Bersmannus
1450 1456 1514 1493 per
1531 1443 1682 1495 ellipfim
1704 1445 1822 1495 capit,
1845 1456 1912 1495 pro
1934 1456 2010 1496 quo
2039 1452 2224 1495 tempore.

1159 1519 1161 1523 -
1181 1494 1220 1531 in
1240 1496 1405 1544 margine
1423 1496 1554 1540 habet,
1582 1509 1704 1545 quum.

1240 1557 1319 1593 142.
1345 1550 1393 1582 Et
1411 1547 1491 1583 vidi
1510 1546 1677 1597 eversos.]
1707 1548 1762 1585 Ut
1780 1547 1909 1595 Virgil.
1928 1560 1980 1586 Χῐ.
1997 1547 2095 1586 Aen.
2113 1559 2176 1597 93.

1229 1601 1276 1633 Et
1296 1596 1399 1645 versis
1418 1597 1576 1634 Arcades
1595 1597 1717 1635 armis.
1748 1598 1963 1636 Sciixem.

1178 1646 1304 1696 Lege,
1329 1647 1494 1696 inverfhs.
1522 1660 1605 1686 mos
1624 1649 1685 1686 hic
1706 1649 1860 1697 priscus;
1884 1661 2021 1699 nempe
2038 1649 2076 1687 in
2097 1648 2228 1687 funere

1177 1709 1398 1747 magnorum
1416 1701 1582 1737 virorum
1603 1699 1755 1748 infignia
1767 1701 1997 1749 &imagines
2013 1711 2145 1738 eorum
2167 1711 2233 1746 ane⁴

1177 1749 1322 1787 teferre.
1351 1749 1484 1787 Horat.
1511 1749 1633 1798 Epod.
1652 1763 1741 1788 vm.

1661 1807 1780 1838 Funus
1800 1811 1905 1852 atque
1925 1801 2093 1851 imagines

1232 1855 1376 1888 Ducant
1394 1850 1620 1900 triumphales
1638 1861 1752 1889 tuum.

1180 1901 1372 1940 Ubivetus
1392 1911 1691 1940 commentator:
1720 1902 1878 1941 Solebam
1896 1903 1934 1940 in
1942 1905 2069 1951 funere
2088 1902 2231 1953 nobilis-

1171 1950 1257 2000 fimi
1284 1952 1443 2003 cujusque
1475 1953 1641 2004 imagines
1665 1955 1840 2003 majorum
1855 1954 2022 2004 praeferri
2048 1954 2096 1990 ad
2125 1955 2230 2001 osten-

1181 2003 1350 2040 tationem
1378 2003 1571 2040 nobilitatis
1585 2031 1594 2047 ,
1622 2005 1712 2054 quod
1739 2004 1855 2041 adhuc
1875 2004 2048 2053 observari
2068 2005 2230 2042 videmus

1179 2053 1218 2089 in
1230 2053 1418 2100 funeribus
1439 2054 1640 2104 Principum
1661 2055 1831 2092 virorum.
1885 2055 2136 2093 Observabant
2163 2067 2230 2093 aw-

1179 2111 1255 2141 tem
1284 2116 1331 2141 ne
1356 2104 1499 2149 credin,
1536 2105 1597 2142 sed
1621 2106 1760 2143 inversa
1786 2115 1997 2155 gererentur
2017 2134 2026 2149 ‚
2055 2105 2092 2144 id
2123 2106 2227 2155 quod

1178 2154 1240 2199 hic
1257 2155 1395 2193 factum
1414 2155 1515 2193 vides
1527 2156 1671 2204 &apud
1691 2157 1845 2194 Statium
1869 2156 2051 2195 Thebaid.
2074 2167 2226 2206 V1.213.

1230 2211 1325 2243 Tunc
1335 2206 1463 2255 septem
1484 2219 1623 2243 numero
1644 2207 1764 2244 turbas
1784 2208 1969 2255 (centenus
1990 2206 2114 2257 ubique

1229 2258 1344 2306 Surgit
1362 2256 1483 2306 eques)
1512 2256 1616 2307 verfis
1635 2258 1767 2294 ducunt
1784 2257 1970 2307 infignibus
1990 2256 2053 2307 ἱρή

1228 2308 1448 2357 Grajugenae
1464 2321 1551 2356 reges
1564 2335 1574 2352 ,
1602 2307 1817 2358 lustrantque
1835 2323 1876 2346 ex
1894 2322 1984 2346 more
1996 2307 2133 2357 sinistro

1228 2357 1316 2394 Orbe
1333 2371 1462 2406 rogum.
1501 2359 1862 2397 Lmnfiussnooius.
1903 2364 2055 2405 Inversos
2081 2357 2226 2407 Lipsius

1175 2408 1286 2456 Epist.
1317 2409 1466 2457 Quaest.
1495 2422 1558 2447 111.
1587 2421 1618 2458 3.
1656 2411 1695 2447 ὃς
1718 2411 1764 2446 ad
1784 2409 1969 2447 Cataleeta
1991 2409 2228 2447 Lindenbro-

1175 2459 1265 2505 gius.
1292 2459 1343 2497 nil
1362 2467 1503 2497 temere
1524 2469 1680 2498 mutem.
1718 2460 1878 2498 Ovidius
1906 2461 1943 2497 in
1973 2468 2135 2498 mortem
2156 2460 2250 2505 Ti...

1175 2508 1283 2553 bulli,
1312 2522 1376 2547 111.
1394 2510 1527 2546 Amor.
1547 2522 1582 2557 9.

1228 2563 1309 2595 Ecce
1326 2569 1408 2607 puer
1427 2559 1560 2596 Veneris
1574 2560 1648 2607 fert
1667 2559 1889 2611 eversamque
1904 2561 2122 2610 pharetram.

1176 2608 1211 2645 Si
1242 2609 1331 2658 quid
1358 2610 1634 2648 immutandum
1663 2619 1786 2648 tamen
1811 2640 1820 2655 ‚
1868 2612 2102 2660 rescripserim
2125 2625 2137 2655 ;
2162 2610 2228 2658 sed

1176 2659 1256 2696 vidi
1283 2661 1419 2709 averfias
1447 2661 1684 2711 indiciumque
1711 2662 1809 2699 mali.
1848 2662 2006 2700 Tertull.
2024 2662 2102 2699 libr.
2123 2661 2226 2700 Adv.

1176 2709 1318 2758 Phyfic.
1346 2717 1437 2748 Cum
1451 2711 1560 2760 stupet
1580 2712 1705 2748 coelum
1720 2740 1729 2756 ‚
1759 2724 1802 2752 cy
1822 2725 1896 2748 aret
1916 2725 2052 2757 annus,
2080 2713 2224 2761 nudipe—

1177 2759 1274 2796 dalia
1302 2761 1557 2798 denunciantur
1576 2790 1586 2806 ,
1624 2763 1849 2810 Magistratus
1869 2772 2038 2813 purpuras
2061 2771 2197 2812 ponunt
2210 2789 2227 2817 ,Ι

1168 2811 1279 2859 fasces
1301 2822 1389 2848 retro
1406 2822 1588 2850 avertunt.
1642 2813 1854 2851 HEmsms.

1230 2874 1309 2912 143.
1338 2868 1417 2899 Lux
1437 2863 1519 2899 baec
1540 2862 1707 2910 carissima
1725 2863 1863 2913 venit.]
1896 2864 2128 2901 Contrarium
2145 2862 2226 2900 vult

1174 2916 1299 2960 poeta.
1352 2915 1477 2961 Quare
1493 2942 1501 2954 .
1539 2912 1745 2962 moestiffima
1761 2915 1960 2963 legendum
1982 2926 2065 2952 cum
2087 2913 2224 2961 postte*

1176 2974 1236 3000 ma
1257 2964 1354 3002 Aldi.
1387 2965 1598 3002 Hemsxus.
1632 2966 1909 3014 conjecerat&
1934 2964 2129 3007 Heinsius,
2158 2963 2221 2999 lux

1175 3013 1429 3062 ingratiffima3
1465 3016 1524 3053 vel
1547 3044 1557 3060 ‚
1584 3016 1645 3052 lux
1664 3016 1745 3053 haec
1767 3015 1954 3067 cluriffima.
1983 3026 2073 3051 mox
2095 3041 2106 3058 ‚
2134 3026 2227 3063 quae·

1174 3075 1301 3102 natum
1324 3066 1533 3104 Bersmanni
1566 3067 1695 3105 editio.
2159 3114 2164 3119 ι

1228 3118 1311 3163 146.
1341 3116 1536 3165 Materni.]
1562 3123 1725 3154 Materno
1745 3118 1869 3155 minor
1890 3114 2003 3151 editio
2024 3114 2195 3164 Gryphii.

1230 3178 1310 3212 147.
1339 3173 1410 3203 Nec
1429 3182 1482 3204 me
1490 3167 1584 3214 facit
1601 3167 1665 3204 illa
1677 3166 1894 3217 parentem]
1924 3166 2019 3204 Puto
2035 3178 2046 3202 a

1227 3222 1301 3252 Nec
1319 3230 1372 3253 me
1391 3228 1493 3254 vocat
1512 3217 1572 3254 ille
1586 3228 1763 3267 parentem
1775 3247 1785 3263 ,

1176 3266 1275 3305 Facit
1293 3268 1394 3304 enim
1415 3277 1603 3316 parentem
1622 3280 1710 3316 puer
1732 3278 1856 3306 recens
1875 3273 1991 3304 natus.

1233 3329 1312 3365 149.
1341 3317 1560 3368 Reseratur.]
1589 3319 1762 3366 Referetur
1781 3327 1934 3358 veteres.
1969 3318 2184 3420 ΗΕῙΝΞΠΞ.
2217 3367 2226 3398 'J

1398 3389 1403 3392 -
2029 3371 2143 3410 161.0
2161 3382 2225 3405 mos.
