2553 3676
228 234 323 268 111)

719 201 778 257 P.
854 191 1270 255 OVIDII
1341 189 1866 249 NASONIS

516 287 620 347 Me
644 287 742 342 tibi
766 284 1090 358 Tyndareos
1105 323 1119 347 ,
1157 283 1266 337 vita
1291 282 1462 354 gravis
1485 280 1669 336 ausior
1698 282 1753 336 &
1778 282 1922 338 annis
1937 320 1954 346 ‚

596 359 878 416 Tradidit:
919 358 1198 412 arbitrium
1220 357 1394 429 neptis
1418 355 1644 410 habebat
1669 374 1809 411 avus,

525 438 603 491 At
627 448 777 506 pater
801 430 1073 485 Aeacidae
1095 430 1398 503 promiserit
1421 429 1613 483 inscius
1637 427 1767 492 τιθῇ

598 507 724 561 Plus
747 522 996 578 quoque,
1033 504 1126 578 qui
1148 504 1296 575 prior
1323 502 1397 556 est
1420 501 1640 564 ordine,
1676 501 1837 573 possit
1860 516 2000 557 avus,

422 600 487 649 35
523 580 671 635 Cum
697 576 794 631 tibi
819 577 1113 640 nubebam,
1151 576 1280 629 nulli
1304 592 1426 628 mea
1451 573 1605 627 taeda
1631 574 1887 630 nocebat:

606 652 660 707 Si
680 650 868 723 jungar
893 650 1132 723 Pyrrh0‚
1169 660 1230 700 tu
1252 646 1385 701 mihi
1408 646 1571 701 laesus
1596 646 1713 700 eris,

530 725 606 783 Et
630 738 779 798 pater
803 724 1042 796 ignoscet
1064 719 1245 776 nostro
1271 719 1555 774 Menelaus
1580 718 1777 773 amori:

610 796 904 853 Succubuit
928 795 1045 848 telis
1069 793 1335 866 praepetis
1359 791 1469 865 ipse
1491 791 1614 847 Dei.

540 873 723 945 Quem
750 868 842 922 fibi
865 866 1127 940 permifit,
1166 883 1370 939 genero
1394 865 1675 938 permittet
1699 882 1964 921 amorem:

430 962 503 1009 40
616 941 871 997 Proderit
896 940 1146 1012 exemplo
1172 952 1343 994 mater
1365 951 1535 994 amata
1557 938 1666 994 suo.

539 1016 635 1072 Tu
658 1014 818 1077 mihi,
857 1014 1009 1088 quod
1033 1013 1189 1067 matri
1212 1025 1392 1085 pater,
1430 1030 1511 1066 es:
1549 1030 1676 1086 quas
1702 1023 1882 1084 egerat
1907 1011 2036 1066 olim

613 1086 919 1142 Dardanius
943 1099 1118 1160 partes
1143 1086 1375 1149 advena,
1412 1085 1648 1158 Pyrrhus
1673 1087 1795 1157 agit.

543 1162 635 1217 Ille
658 1161 786 1214 licet
809 1161 991 1233 patriis
1016 1159 1123 1214 fine
1147 1160 1253 1215 fine
1280 1158 1544 1231 superbiat
1569 1158 1725 1222 aerim

622 1232 695 1289 Et
719 1247 806 1297 tu,
842 1251 978 1307 quae
1004 1232 1227 1297 referaS‚
1262 1231 1374 1286 asta
1395 1233 1628 1304 parentis
1651 1232 1826 1286 habeS.

443 1324 508 1378 45
547 1306 862 1363 Tantalides
887 1324 1104 1371 omneS‚
1142 1306 1422 1379 ipsumque
1448 1305 1667 1378 regebat
1690 1305 1957 1361 Achillen.

627 1379 742 1437 Hic
767 1397 884 1453 pars
908 1380 1158 1442 militiae3
1199 1379 1313 1435 dux
1337 1392 1449 1434 erat
1472 1380 1559 1435 ille
1582 1379 1801 1434 ducum.

2322 1449 2420 1505 Tu

316 1579 376 1620 31.
404 1569 643 1620 Tyndareus.]
674 1570 868 1619 Tyndareos
888 1570 1007 1609 codex
1029 1567 1243 1614 Leidenfis,
1271 1568 1311 1606 ὃς
1366 1580 1433 1606 mo
1455 1568 1538 1618 jure
1566 1569 1600 1607 se
1632 1567 1891 1618 Neoptolemo
1924 1565 2054 1605 cedere
2082 1564 2214 1604 debere
2235 1564 2425 1604 sentiebat.

262 1619 314 1659 fic
345 1619 460 1659 editio
487 1624 632 1660 Veneta
652 1623 738 1660 anni
768 1623 872 1670 ¹485·
900 1623 949 1659 ita
969 1620 1167 1668 Androgeos
1186 1620 1255 1668 Ep.
1278 1632 1313 1656 x.
1368 1619 1604 1668 interpretes,
1617 1621 1682 1668 qui
1695 1620 1823 1657 dicunt
1836 1618 2039 1667 Tyndarea
2050 1616 2128 1665 plus
2139 1625 2238 1665 patre
2250 1615 2399 1654 valuisse
2412 1643 2424 1661 ,

262 1683 326 1720 99.
354 1670 402 1708 fic
429 1674 469 1709 ὃς
488 1673 556 1709 alia
576 1672 740 1710 fimiliter
761 1675 917 1710 nomina
936 1673 1077 1709 Graeca
1098 1671 1316 1719 pronuntia·
1369 1678 1519 1718 propter
1540 1669 1738 1707 absentiam
1760 1669 1949 1712 Menelai,
1978 1667 2037 1704 vel
2060 1667 2399 1715 emancipationem
2413 1693 2426 1711 ‚

264 1722 372 1760 tione
394 1722 536 1760 extulit.
565 1723 777 1760 HEINslus.

319 1783 379 1821 32.
399 1772 606 1810 Arbitrium
624 1774 731 1822 neptis
747 1773 897 1810 habebat
911 1772 1034 1822 avus]
1055 1773 1206 1810 Locum
1221 1772 1322 1809 hunc

268 1834 314 1860 cx
333 1822 681 1869 Jurisconsultorum
704 1824 871 1861 doetrina
891 1824 966 1862 duo
989 1824 1203 1872 interpretes
1221 1821 1322 1860 rede

269 1874 502 1922 interpretari
521 1874 613 1912 sunt.
644 1874 862 1912 (horarius.

324 1935 383 1972 34.
411 1924 496 1961 Plus
523 1938 654 1975 quoque
680 1926 739 1975 qui
763 1926 856 1976 prior
877 1925 919 1974 est
939 1925 1056 1962 ordine
1073 1923 1165 1975 poffit
1188 1922 1321 1972 avua]

268 1974 478 2014 Puteaneus
503 1979 535 2010 T
539 1978 555 2011 ὀ
584 1976 644 2027 qui
671 1988 749 2014 non
782 1977 942 2016 exhibet.
977 1977 1111 2015 deinde
1133 1974 1233 2026 posset
1259 1976 1326 2013 ha-

272 2025 362 2070 bet,
390 2035 432 2064 ut
453 2027 490 2064 &
514 2026 575 2064 alii
593 2028 775 2065 nonnulli.
803 2029 934 2078 Lego:

326 2075 414 2113 Plus
434 2091 498 2126 quo
514 2105 524 2121 ‚
553 2077 614 2127 qui
644 2078 727 2126 (vel
746 2079 862 2129 quod)
886 2079 980 2130 prior
1001 2077 1043 2127 est
1064 2077 1204 2123 ordine,
1226 2075 1327 2128 posset

471 2141 576 2165 avuS.

278 2176 327 2217 Et
344 2178 538 2227 promiserit
558 2178 735 2228 superiori
753 2179 870 2218 versu.
890 2181 1103 2219 HEINSIUS.
1120 2179 1176 2216 Ex
1198 2189 1328 2214 emen-

276 2228 430 2266 datione
462 2229 606 2267 Heinfii
633 2230 843 2280 sequeretur
872 2233 1001 2269 Avum
1026 2258 1036 2275 ,
1074 2230 1138 2278 qui
1158 2230 1257 2277 prior
1282 2228 1330 2264 est

279 2278 412 2317 ordine
426 2308 436 2324 ‚
465 2280 544 2329 plus
566 2279 666 2329 poffe
687 2282 724 2318 in
746 2282 880 2330 nuptiis
901 2282 1045 2330 neptis,
1072 2281 1200 2324 Patre,
1230 2279 1332 2328 cujus

279 2329 354 2367 filia
374 2338 460 2368 erat.
479 2330 539 2369 sed
561 2343 607 2369 an
628 2332 703 2369 hoc
723 2333 857 2370 rationi
881 2334 919 2370 ὃς
933 2333 1006 2382 juri
1027 2331 1223 2369 communi
1244 2342 1334 2368 con-

283 2381 411 2419 veniat
434 2409 444 2426 ‚
491 2383 734 2421 vehementer
765 2382 908 2421 dubito.
946 2384 985 2420 ὃς
1022 2383 1096 2420 hoc
1123 2381 1187 2419 fibi
1222 2381 1335 2430 objici

314 2429 388 2469 offe
411 2433 621 2471 Hermione
640 2434 816 2472 sentiebat
831 2445 962 2484 „quae
986 2433 1030 2470 ab
1050 2434 1140 2470 Avo
1165 2441 1334 2470 materno

332 2481 496 2531 yndareo
522 2483 733 2533 desponsata
762 2493 837 2522 erat
866 2485 1030 2524 Orestae.
1056 2495 1171 2533 quem
1190 2483 1337 2532 scrupu-

285 2532 366 2572 lum
400 2535 437 2571 in
467 2535 522 2572 his
549 2536 668 2573 verbis
700 2544 854 2574 conatur
887 2547 1083 2574 removere
1106 2563 1118 2581 ,
1152 2534 1213 2573 sed
1243 2545 1340 2585 quae

291 2592 464 2634 corrupta
485 2586 535 2623 ita
555 2585 692 2624 restitui
711 2584 811 2636 posse
829 2586 1005 2626 arbitror:

346 2640 400 2671 At
416 2645 516 2684 pater
537 2637 712 2674 Aeacidae
722 2637 915 2687 promiserit
927 2653 938 2683 3
968 2637 1093 2687 inscius
1110 2636 1181 2674 aeti
1194 2666 1205 2681 ,

400 2687 483 2722 Plus
504 2702 655 2739 quoque,
684 2689 745 2737 qui
757 2689 851 2739 prior
873 2688 916 2737 est
934 2689 1073 2734 ordine,
1094 2687 1190 2740 poffit
1210 2701 1291 2726 avo.

295 2734 443 2774 Demus
459 2765 468 2779 ‚
496 2739 568 2782 ait,
596 2740 670 2777 hoc
690 2739 919 2786 adversariis,
947 2741 1091 2778 Patrem
1121 2752 1182 2778 me
1205 2740 1346 2789 promi-

299 2783 378 2842 fisse
408 2788 591 2841 Aeacidae
614 2818 625 2834 ,
664 2790 794 2829 demus
832 2803 986 2842 quoque
1016 2792 1162 2830 Patrem
1194 2803 1348 2837 meum,

300 2848 369 2885 qui
399 2848 496 2884 prlor
525 2840 571 2876 est
602 2841 754 2886 ordine,
783 2843 822 2880 &
854 2844 956 2893 cujus
978 2842 1149 2881 voluntas
1167 2850 1252 2880 ante
1274 2844 1352 2880 Avi

303 2887 539 2942 voluntatem
570 2891 617 2926 est
650 2893 870 2931 consulenda
897 2923 906 2939 ‚
944 2894 1022 2943 plus
1049 2892 1162 2943 poffe.
1188 2894 1280 2931 haec
1307 2906 1353 2931 ex

302 2937 426 2976 strieto
456 2939 538 2987 jure
568 2940 748 2980 adfirmari
770 2943 870 2991 posse
893 2946 1018 2982 video.
1046 2945 1106 2984 sed
1126 2956 1289 2994 aequum
1313 2946 1352 2982 &

305 2988 451 3026 bonum
471 2989 539 3026 hac
559 2992 595 3027 in
618 2992 731 3029 caussa
752 2995 899 3031 vincere
921 2995 1029 3032 debet
1048 3024 1058 3039 ,
1084 2996 1191 3033 Pater
1212 2996 1354 3044 promi-

305 3039 420 3084 serat,
442 3039 570 3078 inscius
595 3053 655 3078 me
675 3044 752 3089 jam
778 3042 847 3079 effe
869 3045 929 3080 alii
953 3045 1071 3081 datam
1091 3059 1101 3087 ;
1132 3046 1354 3093 Tyndareus

306 3102 400 3128 vero
432 3102 492 3127 me
523 3091 713 3141 despondit
743 3104 790 3130 eo
828 3103 998 3142 tempore
1022 3122 1032 3137 ,
1068 3106 1146 3143 quo
1176 3096 1286 3132 libera
1317 3097 1354 3132 ὅ(

309 3141 400 3179 nulli
427 3144 545 3180 amori
576 3143 737 3181 obnoxia
766 3156 878 3181 cram.
908 3148 1031 3193 itaque
1061 3145 1126 3181 tibi
1146 3139 1224 3192 jam
1245 3146 1300 3194 jus
1319 3147 1355 3183 in

310 3203 374 3229 me
397 3192 601 3241 quaesitum
622 3195 713 3239 fuit,
736 3196 839 3244 quod
860 3196 885 3233 fi
908 3196 1045 3233 auferat
1065 3195 1172 3232 Pater
1188 3197 1270 3244 jure
1292 3197 1355 3234 suo

309 3251 417 3281 utens
433 3244 520 3287 ‚tibi
542 3245 711 3294 injuriam
737 3247 856 3284 facit-t.
877 3248 924 3284 ita
948 3254 1222 3295 argumentatur
1236 3248 1356 3285 Puella

310 3292 375 3333 fibi
388 3296 529 3335 colores
551 3308 595 3336 ex
615 3308 734 3347 aequo
757 3297 793 3336 &
818 3299 920 3336 bono
941 3309 1131 3348 quaerens,
1145 3309 1238 3348 quac
1259 3298 1354 3337 luni-

1375 1732 1493 1758 meras
1515 1732 1628 1769 nugas
1647 1728 1770 1769 agunt.
1799 1719 2063 1758 Buammaus.

1430 1782 1490 1820 39.
1518 1770 1703 1808 permittet
1726 1784 1889 1808 amorem.
1911 1769 1926 1819 ]
1958 1769 2158 1806 Vaticanus
2185 1767 2336 1803 concedit
2363 1768 2429 1804 ha-

1377 1821 1450 1859 bet.
1476 1822 1537 1859 alii
1556 1830 1684 1860 tamen
1706 1823 1847 1860 malunt
1861 1819 2051 1871 permittet.
2079 1819 2301 1856 Cmrauus.
2338 1823 2432 1863 Con<

1379 1872 1471 1910 cedet
1489 1873 1665 1922 plerique.
1692 1873 1905 1910 Heinsius.

1429 1936 1490 1971 41.
1518 1928 1569 1959 Tu
1587 1922 1717 1972 mihi.]
1748 1922 1917 1961 Imitatus
1940 1920 2126 1959 Ausonius
2143 1918 2297 1957 Profess.
2315 1928 2378 1958 xx.

1484 1978 1536 2009 Tu
1554 1972 1644 2010 mihi
1664 1973 1755 2023 quod
1769 1973 1903 2022 genitor
1916 2003 1926 2017 ,
1955 1972 2046 2023 quod
2066 1969 2279 2008 avunculus.

1432 2036 1490 2071 42.
1518 2026 1617 2072 {Quas
1631 2023 1770 2074 geffiarat
1790 2024 1914 2073 olim]
1942 2030 2069 2073 Egerat
2098 2033 2238 2070 repone
2266 2033 2312 2059 ex
2335 2021 2432 2070 opti-

1381 2088 1449 2113 mo
1467 2076 1672 2119 Puteanco,
1688 2076 1825 2124 (neque
1845 2076 1948 2113 aliter
1966 2074 2194 2117 Barbetium,
2206 2072 2434 2118 Hafnienfis,

1382 2125 1632 2164 Mentelianus
1646 2154 1656 2170 ,
1685 2125 1995 2164 Francofurtenfis
2015 2136 2101 2162 cum
2122 2124 2300 2173 excerptis
2320 2123 2436 2174 Galli-

1385 2176 1506 2224 canis>
1529 2189 1613 2214 cum
1635 2176 1739 2226 quod
1761 2177 1932 2216 Latinior
1952 2176 1994 2214 fit
2011 2188 2054 2213 ea
2073 2174 2209 2219 lectio,
2228 2183 2310 2212 tum
2330 2173 2436 2223 quod

1386 2229 1530 2278 elegans
1549 2227 1590 2265 sit
1610 2228 1780 2276 repetitio
1803 2228 1887 2277 agit.
1916 2230 1954 2266 &
1974 2225 2025 2265 ita
2042 2226 2161 2264 statim
2184 2225 2335 2274 praestat
2357 2226 2438 2261 aeta

1384 2279 1537 2330 parentis
1574 2277 1676 2315 habes
1697 2307 1706 2324 ,
1747 2291 1834 2317 cum
1873 2277 2188 2328 praestantioribus
2225 2275 2412 2314 codicibus
2427 2303 2439 2320 ,

1389 2331 1475 2380 quia
1502 2329 1687 2378 praecellit
1705 2329 1883 2380 superbiat
1908 2330 2006 2368 aslis.
2044 2328 2169 2366 similis
2196 2328 2367 2377 repetitio
2389 2326 2440 2365 est

1390 2382 1452 2420 lib.
1472 2393 1532 2418 xi.
1554 2382 1650 2418 Met.
1672 2393 1754 2418 222.

1624 2438 1744 2469 Mater
1764 2432 1830 2470 eris
1842 2432 1992 2483 juveni,
2021 2431 2082 2482 qui
2093 2429 2252 2479 fortibus
2268 2430 2356 2471 αάῖἰς

1447 2484 1542 2520 Abia
1563 2484 1681 2521 Patris
1702 2485 1831 2522 vincet.
2013 2484 2227 2522 Hfimsius.

1395 2539 1522 2584 Egerat
1545 2535 1652 2573 roste.
1679 2547 1693 2573 1
1707 2548 1737 2572 1.
1753 2536 1835 2574 Art.
1854 2536 1942 2573 Am.
1961 2547 2048 2586 294.

1450 2592 1571 2622 Partes
1591 2586 1653 2622 illa
1666 2587 1817 2636 potentis
1834 2597 1930 2636 agat.

1398 2636 1448 2676 Et
1471 2638 1518 2674 ita
1531 2637 1656 2685 paffim
1679 2639 2037 2682 veteres,locutione
2056 2649 2101 2675 ex
2121 2636 2225 2675 scena
2245 2634 2449 2686 desumpta:

1452 2700 1509 2734 44.
1535 2687 1710 2738 Reseras.]
1741 2690 1831 2726 Non
1857 2690 2084 2727 inconcinne
2103 2696 2368 2737 reponeretur,
2395 2701 2449 2724 re-

1398 2752 1520 2789 gemn
1550 2738 1598 2776 fic
1628 2753 1771 2788 regerere
1800 2740 1968 2777 convicia.
1993 2750 2222 2789 quamquam
2255 2738 2343 2776 abfit
2365 2767 2377 2783 ‚
2411 2746 2455 2778 ut

1404 2789 1591 2839 vulgatam
1613 2790 1822 2839 scripturam
1845 2791 2035 2828 damnem.
2063 2790 2228 2839 sequenti
2256 2789 2363 2827 versu
2381 2790 2456 2828 Pu-

1405 2850 1578 2885 teaneus‚
1599 2840 1774 2893 ipsumque
1785 2840 1919 2891 petebat
1936 2840 2115 2877 Achillem
2129 2869 2139 2885 ‚
2166 2840 2271 2889 quod
2294 2853 2373 2880 non
2395 2852 2456 2879 ca-

1407 2893 1494 2941 pio,
1523 2891 1612 2941 quid
1630 2892 1691 2930 fibi
1712 2893 1814 2930 velit.
1842 2893 2057 2930 Herusms.

1462 2955 1520 2992 45.
1538 2942 1603 2979 Hic
1617 2952 1700 2992 pars
1716 2943 1866 2981 militiae
1879 2972 1888 2988 ,
1900 2944 1973 2980 dux
1989 2953 2064 2979 erat
2085 2942 2143 2979 ille
2158 2942 2317 2994 ducum]
2339 2943 2454 2982 Hunc

1406 2994 1535 3032 locum
1558 2994 1725 3043 exprefiit
1744 2994 1882 3032 Seneca
1898 2996 1936 3033 in
1956 2997 2269 3044 Agamemnone:

1464 3051 1535 3081 Rex
1553 3044 1612 3080 ille
1633 3058 1748 3093 regum
1761 3073 1771 3090 ,
1800 3045 1919 3082 duffor
1940 3051 2185 3094 Agamemnon
2201 3046 2341 3083 ducum.

1414 3095 1630 3132 Crorauus.
1668 3096 1733 3131 Hic
1759 3095 1834 3132 dux
1859 3096 2009 3134 militiae
2030 3125 2042 3142 ‚
2076 3096 2346 3136 Broukhufium
2377 3098 2460 3144 lna-J
2493 3140 2500 3147 ,

1410 3144 1512 3182 luiffe
1529 3146 1679 3184 notabat
1700 3147 1882 3185 Francius.

1465 3196 1524 3242 ⁴⁴3·
1554 3197 1588 3232 si
1613 3198 1736 3234 melius
1762 3198 1965 3249 numum]
2003 3199 2137 3238 Codex
2164 3199 2322 3236 Douzae
2349 3197 2460 3236 altius

1413 3261 1597 3284 enumeres.
1626 3249 1725 3296 quod
1754 3250 1814 3287 ille
1837 3251 2033 3299 probabat,
2061 3252 2100 3289 &
2122 3249 2262 3290 dietum
2284 3249 2457 3296 notabat,

1412 3307 1451 3336 ut
1470 3299 1567 3348 apud
1590 3299 1793 3340 Sallustium
1813 3301 1922 3340 altius
1942 3311 2094 3353 repetere.

2336 3351 2395 3399 48.
2422 3354 2461 3389 A

2536 1828 2544 1863 l
