2553 3676
791 188 1346 250 P.OV·1D11

284 222 377 258 512

1420 187 1954 245 NASONIS

579 284 697 340 Has
719 283 848 339 solas
870 282 1043 336 habeo
1066 280 1300 352 semper,
1337 278 1651 352 semperque
1675 280 1979 352 profundo:

653 355 903 410 Hument
929 354 1161 407 incultae
1188 353 1340 406 fonte
1365 369 1603 424 perenne
1633 369 1815 423 genae.

475 436 537 499 65
576 430 709 486 Hoc
735 427 943 498 generis
968 426 1106 489 fam,
1144 424 1293 498 quod
1317 424 1522 477 nostros
1545 437 1685 477 errat
1710 425 1766 479 in
1789 442 1980 490 annos»,

650 498 966 554 Tantalides
986 512 1184 553 matres
1210 509 1329 568 apta
1350 496 1529 566 rapina
1549 494 1740 551 sumus

578 575 707 630 Non
734 590 838 644 ego
862 571 1106 626 fluminei
1130 569 1358 625 referam
1381 566 1672 621 mendacia·
1685 572 1870 641 cygni:

655 646 774 701 Nee
798 663 990 719 querar
1013 645 1068 697 in
1093 640 1284 714 plumis
1310 638 1572 694 delituiffe
1591 639 1800 709 Jovem.

583 720 706 791 Qua
731 718 842 772 duo
865 715 1140 789 porreetus
1164 715 1325 785 longe
1349 712 1485 767 freta
1509 711 1723 767 distinet
1746 713 1966 769 Isthmos
1980 752 1995 779 ,

472 812 539 862 70
653 790 824 846 Veeta
850 786 1143 859 peregrinis
1167 785 1538 858 Hippodamia
1560 786 1706 840 rotis

582 861 789 919 Castori
814 861 1111 932 Amyclaeo
1139 859 1194 912 δε
1219 859 1516 931 Amyclaeo
1539 857 1749 914 Polluci

656 933 897 988 Reddita
920 932 1207 1005 Mopsopia
1233 931 1492 986 Taenaris
1515 931 1648 985 urbe
1671 932 1836 986 soror.

584 1007 869 1070 Taenaris,
904 1005 1066 1060 Idaeo
1091 1018 1232 1060 trans
1257 1022 1459 1077 aequor
1482 1004 1546 1058 ab
1570 1005 1777 1077 hospite
1801 1016 1976 1076 rapta,

654 1080 934 1154 Argolicas
956 1097 1057 1152 pro
1080 1079 1132 1134 se
1156 1080 1318 1133 vertit
1344 1079 1400 1132 in
1424 1095 1567 1132 arma
1591 1095 1790 1134 manus

292 1242 332 1280 &
344 1242 522 1287 Gellium,
532 1255 610 1282 non
624 1241 799 1294 diffifiones
810 1261 821 1281 .·
835 1243 938 1293 quod
950 1242 1164 1294 quibusdam
1178 1243 1314 1292 placuit
1328 1258 1338 1287 ;

291 1301 333 1330 ut
359 1295 529 1344 improbe
550 1296 685 1333 faciant
708 1324 718 1340 ,
746 1296 809 1345 qui
830 1297 1028 1333 immutare
1050 1302 1189 1331 veteres
1211 1295 1343 1332 166110-

290 1356 356 1381 nes
385 1346 555 1384 audeant.
591 1347 816 1384 EGNArrus.
860 1345 954 1382 Flere
988 1345 1066 1382 licet
1092 1354 1188 1382 certe.
1216 1345 1341 1381 flendo

290 1394 523 1442 diffundimus
543 1397 646 1433 iram.
662 1396 710 1434 fic
725 1398 949 1445 distinguunt
969 1397 1152 1433 meliores
1168 1397 1206 1432 ὃς
1221 1394 1342 1443 finum

288 1445 457 1494 sequenti
484 1448 587 1485 versu
608 1448 722 1485 iidem
746 1447 960 1497 agnoscunt.
988 1446 1054 1484 11111
1074 1446 1176 1483 malis
1190 1445 1276 1495 flere
1297 1446 1342 1483 li-

292 1494 358 1533 bet.
382 1497 490 1535 Trist.
515 1510 595 1536 111.
622 1511 675 1536 11.
704 1512 734 1536 1.
758 1513 796 1548 9.

344 1548 410 1583 Nil
437 1547 503 1597 nisi
518 1547 605 1599 flere
632 1549 726 1586 libet.

287 1594 334 1633 In
355 1598 545 1637 Puteaneo
566 1600 614 1637 est
629 1629 638 1644 ‚
668 1599 903 1647 defundimus.
932 1601 971 1636 &
990 1599 1086 1636 reete
1110 1597 1239 1636 forsan.
1266 1598 1341 1636 1106

287 1647 338 1684 est
359 1647 582 1686 effundimus
597 1678 607 1693 ‚
635 1651 828 1698 egerimus
856 1650 942 1688 vide
971 1662 1065 1699 quae
1088 1658 1182 1688 noto
1204 1649 1251 1687 ad
1272 1650 1341 1697 Ep.

288 1709 352 1735 xv.
369 1698 411 1741 V.
434 1710 490 1748 13.
511 1700 572 1737 lib.
598 1712 655 1737 1x.
678 1701 774 1737 Met.
804 1713 882 1747 142.

679 1749 866 1801 flendoque
883 1750 1032 1788 dolorem

342 1800 493 1846 Defitdit
521 1800 719 1849 miseranda
738 1802 859 1849 fitum.

289 1849 350 1887 Sic
371 1851 408 1887 &
432 1851 481 1888 ibi
504 1852 599 1888 forte
619 1851 861 1889 scribendum.
882 1852 1066 1899 defundere
1089 1852 1229 1890 vinum.
1250 1853 1341 1891 Fast.

290 1912 326 1937 v.
352 1900 392 1942 y,
416 1912 498 1949 517.
520 1902 582 1939 ubi
603 1902 716 1951 plura.
742 1903 874 1940 vinum
896 1903 1053 1951 defusum
1065 1904 1197 1953 pateris
1217 1905 1342 1942 Hora-

287 1951 354 1988 tio.
384 1950 433 1988 fic
451 1953 587 2000 optimi
605 1953 750 1990 codices
764 1981 774 1998 ,
804 1955 842 1990 8(
864 1953 962 2002 apud
984 1954 1164 1992 Senecam
1185 1955 1340 2005 Thyest.

284 2012 327 2041 ν.
351 2013 458 2051 1055.
483 2015 527 2040 ex
547 2003 703 2041 Etruscis
724 2004 969 2042 membranis:

340 2071 397 2103 Ex
417 2066 562 2104 vulnere
581 2068 645 2118 ipso
658 2069 868 2118 sunguinem
889 2069 1041 2107 calidum
1059 2069 1098 2108 in
1115 2080 1181 2108 tua

341 2119 542 2165 ,Defundere
565 2133 624 2156 ora
644 2119 774 2159 debuit.

289 2181 396 2218 Non.
423 2181 587 2218 Marcell.
616 2182 771 2218 Fundere
798 2182 840 2230 est
868 2182 1035 2233 liquorem
1058 2180 1252 2229 defundere.
1280 2180 1338 2219 Sic

289 2231 389 2279 apud
427 2232 627 2269 Maronem
657 2232 816 2270 Aeneid.
853 2245 913 2270 vr.
946 2230 1096 2280 Demtfit
1126 2231 1337 2281 lachrymas.

287 2283 500 2320 Hsmsxus.
528 2283 619 2320 Non
650 2283 884 2321 movendum
907 2283 995 2320 illud
1019 2282 1104 2332 flere
1131 2282 1210 2329 lieet
1238 2293 1336 2321 certe.

287 2333 376 2382 quia
404 2345 480 2370 non
507 2332 594 2371 licet
619 2345 720 2372 arma
741 2345 870 2382 capere
899 2335 937 2370 &
958 2334 1041 2371 ense
1061 2333 1247 2372 vindicare
1268 2334 1338 2371 do-

285 2384 409 2433 lorem
430 2411 442 2428 ,
476 2384 581 2433 quod
609 2385 713 2422 virile
739 2385 788 2422 est
812 2413 823 2429 ,
858 2384 984 2422 saltem
1017 2384 1208 2422 muliebria
1236 2397 1338 2423 arma

284 2446 455 2479 moveo,
482 2447 577 2484 quae
606 2435 687 2473 sunt
714 2436 911 2479 lacrimae;
941 2445 1026 2471 certe
1044 2436 1104 2472 hic
1127 2436 1176 2472 est
1198 2436 1243 2473 ad
1266 2438 1337 2474 mi-

283 2487 457 2530 nimum,
485 2486 609 2523 saltem
626 2515 636 2531 ‚
654 2494 696 2524 ut
716 2487 814 2535 apud
833 2486 1056 2524 Terentium
1079 2487 1118 2523 δε
1138 2486 1228 2524 alios
1250 2499 1337 2524 cen-

285 2537 366 2574 ties.
394 2537 428 2573 si
443 2535 535 2572 illud
554 2550 626 2585 ergo
646 2550 713 2573 non
738 2537 816 2573 licet
830 2565 840 2581 ,
860 2537 989 2586 saltem
1005 2538 1065 2573 hoc
1081 2536 1194 2573 licebit
1209 2567 1218 2582 ,
1236 2546 1276 2575 ut
1297 2539 1336 2577 in

287 2588 355 2624 alia
376 2600 414 2625 re
434 2588 635 2625 Terentius
654 2589 715 2625 ait.
742 2601 799 2626 1v.
818 2588 914 2626 Eun.
938 2601 972 2625 2.
1000 2599 1122 2638 neque
1144 2588 1336 2636 diffundere

286 2636 449 2686 displicet
463 2639 587 2687 ‚quod
606 2638 705 2676 idem
729 2639 777 2676 est
800 2639 904 2688 quod
920 2639 1086 2676 minuere
1102 2639 1160 2683 ‚in
1179 2639 1334 2677 diversas

286 2697 404 2736 partes
434 2689 625 2727 fundendo
654 2690 858 2728 exhaurire.
900 2702 988 2727 nam
1023 2690 1206 2737 defundere
1240 2700 1332 2740 puto

285 2736 359 2775 effe
381 2739 532 2776 fundere
551 2753 595 2777 ex
617 2750 760 2789 patera,
788 2741 847 2778 vel
874 2741 981 2779 simili
1000 2753 1037 2778 re
1058 2742 1242 2791 liquorem
1256 2770 1266 2786 ‚
1295 2743 1333 2780 in

285 2788 385 2827 aliud
415 2801 474 2826 vas
505 2792 560 2827 vel
587 2793 713 2830 locum
742 2793 892 2830 inferius
912 2791 1072 2842 positum
1096 2821 1107 2837 ,
1144 2792 1334 2841 diffundere

285 2839 337 2878 est
359 2841 408 2877 ita
432 2840 606 2885 fundere,
635 2852 675 2879 ut
705 2843 776 2890 ipse
793 2844 916 2893 liquor
937 2852 1084 2892 pereat,
1112 2842 1257 2881 diversis
1274 2845 1331 2882 lo-

285 2891 336 2929 cis
366 2890 460 2928 fusus
478 2906 489 2933 ;
526 2893 566 2928 ὃς
593 2893 679 2929 111116
704 2895 867 2932 transsate
887 2895 936 2933 est
957 2897 1136 2935 minuere.
1164 2896 1203 2933 δε
1228 2894 1330 2935 idem

285 2942 348 2980 hic
368 2941 456 2979 dicit
476 2942 579 2990 quod
599 2943 635 2980 in
653 2944 849 2982 Tristibus:

336 3006 506 3057 Expletur
523 3007 685 3056 lacrymis
703 3009 914 3058 egeriturque
929 3011 1035 3049 dolor.

284 3069 341 3110 Ita
362 3069 554 3121 diffundere
568 3071 730 3107 animum
745 3099 755 3114 ,
778 3070 923 3107 vultum
938 3099 947 3114 ,
974 3072 1121 3108 dolorem
1143 3073 1181 3109 &
1202 3073 1331 3110 similia

284 3121 332 3161 de
364 3122 495 3172 quibus
531 3121 606 3160 vid.
644 3121 763 3159 Barth.
803 3122 848 3159 ad
888 3122 973 3159 Stat.
1006 3135 1062 3159 11.
1092 3122 1213 3160 Theb.
1245 3134 1331 3171 213.

284 3171 447 3210 Broukh.
469 3171 514 3210 ad
534 3172 672 3210 Tibull.
695 3186 723 3209 1.
748 3185 802 3210 11.
825 3185 858 3222 3.
887 3173 1063 3210 Ceterum
1093 3174 1188 3210 male
1210 3174 1330 3222 Egna-

283 3224 354 3263 tius
376 3225 450 3261 huc
468 3222 657 3273 diffitfiones
675 3224 809 3260 dierum
833 3224 954 3262 refert.
980 3236 1066 3262 nam
1087 3224 1217 3274 diffissos
1237 3225 1329 3268 dies,

284 3274 324 3323 β(
345 3273 528 3324 diffiffiones
548 3274 683 3315 dierum
697 3303 709 3323 ,
743 3273 813 3330 eii'e
838 3275 1037 3326 legendum
1053 3304 1063 3322 ,
1087 3276 1166 3325 jnm
1196 3276 1259 3316 diu
1281 3276 1331 3329 est

2332 1149 2443 1207 Vix

1396 1242 1499 1291 quod
1527 1244 1596 1281 viri
1623 1242 1724 1282 dot‘ti
1754 1242 2002 1281 ostenderunt.
2025 1241 2111 1281 vide
2140 1241 2311 1280 Gronov.
2332 1242 2377 1281 ad
2395 1243 2445 1282 A.

1398 1294 1597 1332 Gell.x1v.
1619 1309 1651 1332 2.
1679 1295 1940 1333 BthANNus.

1449 1345 1508 1394 63.
1537 1352 1610 1381 Has
1631 1345 1724 1395 solas
1753 1345 1903 1394 habea]
1937 1345 1978 1382 111
2006 1344 2229 1382 membranis
2259 1345 2447 1395 antiquis;

1396 1407 1485 1444 quas
1513 1396 1683 1445 producit
1712 1396 1832 1433 Barth.
1854 1409 2004 1433 xxxvn.
2022 1396 2176 1433 Advers.
2199 1407 2254 1444 13.
2272 1395 2341 1433 est:
2371 1403 2446 1434 Has

1388 1445 1522 1495 semper
1540 1447 1713 1495 lacrymas
1732 1446 1836 1482 haheo
1850 1475 1860 1490 ,
1870 1447 2065 1496 semperque
2076 1447 2261 1495 profundo.

1449 1500 1507 1543 64.
1539 1497 1741 1548 flamma]
1772 1498 1942 1534 Francos.
1971 1499 2123 1541 vivent,
2154 1497 2295 1534 Moreti
2317 1496 2446 1536 livent.

1396 1548 1492 1584 forte
1511 1560 1577 1596 pro
1597 1559 1720 1584 avent.
1741 1548 1830 1585 Vid.
1849 1548 1894 1585 ad
1914 1549 2064 1585 Petron.
2085 1560 2114 1585 c.
2137 1560 2224 1585 cxv.

1449 1600 1507 1645 65.
1519 1605 1588 1633 Hoc
1602 1599 1732 1645 generis
1740 1598 1981 1648 fatum‚quod
1999 1597 2120 1644 nostros
2137 1609 2231 1634 errat
2247 1598 2286 1634 in
2304 1598 2443 1649 annos]

1398 1653 1497 1684 Nam
1509 1649 1640 1696 generis
1656 1649 1736 1695 fizto
1753 1649 1843 1697 quod
1865 1648 1988 1694 nostros
2005 1657 2079 1683 erat
2097 1648 2316 1685 Puteaneus.
2341 1650 2447 1686 Alter

1397 1699 1554 1736 Mentel.
1577 1711 1643 1747 pro
1666 1698 1805 1736 diversa
1831 1698 1993 1741 lestione
2014 1707 2135 1746 regnat
2161 1698 2201 1734 in
2225 1711 2344 1735 annos.
2361 1702 2445 1745 fato

1397 1750 1509 1787 etiam
1536 1749 1597 1786 alii
1624 1750 1806 1787 nonnulli.
1832 1761 1898 1798 pro
1919 1759 2034 1793 errat,
2055 1749 2149 1785 forte
2169 1748 2296 1793 durat,
2314 1758 2355 1786 ut
2375 1750 2446 1798 Ep.

1395 1811 1469 1837 vn.
1490 1813 1556 1838 111.
1577 1805 1699 1837 Durat
1714 1800 1752 1838 in
1771 1810 1976 1836 extremam.
1995 1798 2053 1835 vel
2071 1798 2187 1834 haeret
2202 1826 2212 1842 ‚
2243 1798 2301 1835 vel
2316 1799 2445 1848 perstat

1396 1850 1637 1888 scribendum.
1666 1854 1705 1888 ὃς
1726 1862 1793 1898 pro
1814 1856 1911 1885 Nam
1925 1877 1935 1893 ‚
1965 1855 2077 1886 Num.
2098 1848 2257 1897 Epistola
2283 1861 2339 1887 1v.

1449 1899 1603 1950 Forsitan
1623 1900 1717 1936 hunc
1732 1899 1864 1948 generis
1872 1901 1953 1947 sato
1973 1899 2159 1936 reddamus
2177 1913 2342 1938 amorem.

1397 1952 1607 1990 Heinsius.

1443 2002 1502 2039 66.
1532 2000 1734 2038 Tantalides
1760 2000 1919 2050 omnes.]

1394 2060 1586 2090 matronae
1614 2052 1674 2088 vel
1700 2061 1848 2100 nuptae.
1875 2051 1923 2088 116
1953 2052 2179 2089 Dardanides
2205 2063 2334 2091 matres
2355 2055 2442 2104 Epi·

1393 2103 1481 2142 stola
1510 2103 1689 2140 Helenae.
1719 2115 1803 2139 212.
1831 2103 1978 2138 Troades
1998 2112 2138 2141 matres.
2165 2104 2324 2153 Epistola
2343 2105 2442 2144 Pari-

1392 2153 1458 2192 dis.
1487 2154 1526 2190 &
1553 2153 1774 2202 Phylaceides
1802 2163 1931 2190 matres
1953 2154 2112 2203 Epistola
2133 2155 2372 2194 Laodamiae.
2402 2158 2442 2194 &

1393 2202 1559 2254 Nysiadas
1585 2214 1714 2240 matres
1743 2202 1903 2252 Epistola
1931 2205 2118 2254 Sapphus,
2147 2206 2186 2242 ὃς
2211 2207 2306 2244 Met.
2326 2218 2440 2245 X111.

1392 2268 1478 2302 412.
1503 2256 1542 2292 ὃς
1560 2254 1738 2291 Oebalides
1756 2264 1895 2292 matres.
1919 2268 1998 2293 111.
2018 2255 2105 2293 Fast.
2125 2268 2209 2305 230.
2238 2269 2280 2294 ac
2299 2256 2442 2295 Italides

1393 2316 1523 2344 matres
1547 2307 1586 2344 in
1617 2305 1736 2344 Fastis.
1763 2306 1824 2345 lib.
1864 2318 1920 2345 11.
1957 2305 2014 2350 sss.
2044 2319 2128 2354 441.
2165 2307 2326 2357 Epistola
2359 2307 2441 2354 Bri-3

1391 2358 1532 2396 seidos:
2024 2382 2033 2387 ν,

1445 2415 1541 2446 Inter
1555 2408 1763 2446 Achaiadas
1778 2409 1871 2458 longe
1883 2408 2120 2458 pulcherrima
2139 2420 2269 2448 matres

1495 2467 1537 2496 In
1555 2460 1730 2497 thalamos
1749 2462 1871 2510 conjux
1888 2459 1974 2506 ibit,
1992 2471 2136 2511 eatque,
2154 2472 2240 2499 tuos.

1391 2511 1491 2550 Vide
1509 2519 1614 2550 notas
1634 2511 1679 2549 ad
1698 2512 1913 2561 sequentem
1933 2512 2134 2561 epistolam.
2150 2512 2192 2556 ψ.
2212 2525 2270 2562 73.
2292 2514 2441 2554 Hzms:

1440 2563 1501 2611 69.
1529 2565 1612 2611 Qut
1632 2563 1698 2599 duo
1711 2565 1880 2613 porreffus
1898 2562 1991 2612 longe
2003 2564 2100 2610 freta
2117 2563 2255 2610 distinet
2274 2565 2436 2611 Isthmos,

1392 2617 1491 2651 Velia
1515 2613 1699 2664 peregrinis
1730 2614 1956 2665 Hippodamia
1984 2614 2115 2665 rotis.]
2154 2614 2245 2652 Duo
2266 2615 2347 2652 sunt
2371 2616 2436 2653 ad-

1388 2665 1588 2710 vertenda,
1617 2667 1656 2703 &
1684 2665 1789 2715 quod
1820 2664 1918 2703 male
1947 2665 2093 2703 codices
2124 2677 2256 2703 omnes
2278 2666 2441 2713 habent.

1388 2716 1519 2753 detinet
1539 2745 1549 2762 ‚
1589 2729 1675 2755 cum
1707 2717 1846 2765 distinet
1871 2715 1984 2754 dubio
2001 2716 2131 2765 procul
2146 2715 2346 2764 legendum
2368 2716 2437 2763 fit,

1389 2768 1492 2818 quod
1523 2768 1642 2817 quivis
1668 2768 1729 2805 vel
1754 2767 1991 2805 mediocriter
2007 2766 2138 2805 doetus
2161 2766 2324 2804 advertat
2346 2780 2354 2804 :
2394 2769 2437 2807 &

1389 2819 1479 2868 quid
1498 2817 1539 2855 fit
1557 2818 1646 2856 illud
1661 2846 1671 2862 ‚
1699 2818 1801 2868 quod
1827 2827 1986 2854 externas
2007 2827 2100 2853 rotas
2119 2817 2156 2854 in
2178 2817 2434 2866 Hippodamia

1386 2869 1451 2907 hic
1479 2869 1575 2907 dicat
1603 2869 1774 2906 Ovidius.
1821 2869 1901 2905 Nos
1925 2880 2003 2905 rem
2034 2866 2181 2906 eruditis
2210 2869 2323 2906 etiam
2352 2882 2434 2909 non.

1387 2922 1511 2970 paucis
1532 2921 1697 2969 ignotam
1720 2919 1822 2956 brevi
1849 2919 2109 2967 explicabimus
2123 2948 2133 2963 ,
2150 2931 2195 2956 ex
2217 2920 2374 2958 Pindaro
2392 2922 2433 2959 in

1386 2973 1511 3020 primis
1539 2974 1578 3008 ὃς
1606 2970 1812 3019 Apollonio
1837 2998 1847 3013 ,
1883 2971 1946 3019 qui
1976 2982 2062 3008 611111
2086 2971 2434 3019 interpretibussuis

1387 3022 1604 3070 prodidere,
1628 3020 1921 3070 Hippodamiam
1951 3022 2046 3059 inter
2069 3022 2287 3060 currendum
2308 3022 2431 3060 alieno

1387 3084 1516 3116 curru,
1544 3072 1581 3110 id
1612 3071 1660 3109 est
1689 3083 1910 3120 procorum,
1938 3073 2003 3122 qui
2023 3084 2108 3110 cum
2131 3085 2174 3111 ea
2199 3073 2299 3112 cursu
2317 3081 2433 3111 certa-

1386 3122 1494 3168 bant,
1523 3121 1593 3160 effe
1610 3123 1755 3160 vetram
1772 3136 1779 3160 :
1810 3123 1907 3160 unde
1931 3124 1967 3160 &
1985 3124 2058 3161 hoc
2077 3125 2115 3162 in
2134 3124 2221 3163 loco
2234 3124 2431 3172 peregrinas

1386 3183 1479 3209 rotas
1509 3174 1653 3223 Pelopis
1681 3186 1826 3212 currum
1851 3174 2032 3213 intellexit
2052 3204 2063 3220 ,
2098 3187 2176 3225 quo
2194 3174 2348 3212 donatus
2369 3176 2431 3214 ille

1387 3224 1477 3262 olim
1502 3223 1521 3261 {1
1555 3226 1733 3274 Neptuno
1767 3225 1815 3263 est
1845 3226 1882 3263 111
1910 3227 2044 3265 amoris
2066 3225 2433 3276 ,compensationem

1386 3276 1611 3321 Ronanus.
1639 3277 1683 3316 111
1701 3276 1814 3332 Epist³
1828 3276 2034 3327 Phaedraeq

1958 2007 2094 2038 Matres
2123 2001 2253 2052 scripti.
2287 2003 2362 2041 hoc
2394 2005 2444 2043 est

2268 3330 2433 3381 ‘Aequora
