<?xml version="1.0" encoding="UTF-8"?>
<!DOCTYPE html PUBLIC "-//W3C//DTD XHTML 1.0 Transitional//EN"
    "http://www.w3.org/TR/xhtml1/DTD/xhtml1-transitional.dtd">
<html xmlns="http://www.w3.org/1999/xhtml" xml:lang="en" lang="en">
 <head>
  <title>
</title>
<meta http-equiv="Content-Type" content="text/html;charset=utf-8" />
  <meta name='ocr-system' content='tesseract 3.04.00' />
  <meta name='ocr-capabilities' content='ocr_page ocr_carea ocr_par ocr_line ocrx_word'/>
</head>
<body>
  <div class='ocr_page' id='page_1' title='image "./publiiovidiinaso01ovid_0184.png"; bbox 0 0 2553 3676; ppageno 0'>
   <div class='ocr_carea' id='block_1_1' title="bbox 284 198 1883 286">
    <p class='ocr_par' dir='ltr' id='par_1_1' title="bbox 284 198 1883 286">
     <span class='ocr_line' id='line_1_1' title="bbox 284 198 1883 286; baseline -0.011 -14"><span class='ocrx_word' id='word_1_1' title='bbox 284 222 378 286; x_wconf 70' lang='lat'>1515</span> <span class='ocrx_word' id='word_1_2' title='bbox 733 200 1274 263; x_wconf 89' lang='lat' dir='ltr'>P.OVIDII</span> <span class='ocrx_word' id='word_1_3' title='bbox 1347 198 1883 257; x_wconf 87' lang='lat' dir='ltr'><strong>NASONIS</strong></span> 
     </span>
    </p>
   </div>
   <div class='ocr_carea' id='block_1_2' title="bbox 508 287 1993 509">
    <p class='ocr_par' dir='ltr' id='par_1_2' title="bbox 508 287 1993 509">
     <span class='ocr_line' id='line_1_2' title="bbox 571 287 1916 364; baseline -0.005 -17"><span class='ocrx_word' id='word_1_4' title='bbox 571 293 764 356; x_wconf 85' lang='lat' dir='ltr'>Tune,</span> <span class='ocrx_word' id='word_1_5' title='bbox 799 309 934 364; x_wconf 88' lang='lat' dir='ltr'>quae</span> <span class='ocrx_word' id='word_1_6' title='bbox 960 289 1255 360; x_wconf 84' lang='lat' dir='ltr'>dispensant</span> <span class='ocrx_word' id='word_1_7' title='bbox 1277 288 1518 342; x_wconf 88' lang='lat' dir='ltr'>mortalia</span> <span class='ocrx_word' id='word_1_8' title='bbox 1544 287 1656 350; x_wconf 86' lang='lat' dir='ltr'>fila,</span> <span class='ocrx_word' id='word_1_9' title='bbox 1695 287 1916 341; x_wconf 82' lang='lat' dir='ltr'>Sorores</span> 
     </span>
     <span class='ocr_line' id='line_1_3' title="bbox 647 359 1587 419; baseline -0.007 0"><span class='ocrx_word' id='word_1_10' title='bbox 647 365 960 419; x_wconf 72' lang='lat' dir='ltr'>Debuerant</span> <span class='ocrx_word' id='word_1_11' title='bbox 985 362 1125 415; x_wconf 78' lang='lat' dir='ltr'>fusos</span> <span class='ocrx_word' id='word_1_12' title='bbox 1150 359 1399 414; x_wconf 78' lang='lat' dir='ltr'>evoliiisse</span> <span class='ocrx_word' id='word_1_13' title='bbox 1423 378 1587 415; x_wconf 71' lang='lat' dir='ltr'>meos</span> 
     </span>
     <span class='ocr_line' id='line_1_4' title="bbox 508 430 1993 509; baseline -0.006 -16"><span class='ocrx_word' id='word_1_14' title='bbox 508 461 536 509; x_wconf 82' lang='lat'>5</span> <span class='ocrx_word' id='word_1_15' title='bbox 576 439 739 493; x_wconf 79' lang='lat' dir='ltr'>Tunc</span> <span class='ocrx_word' id='word_1_16' title='bbox 766 436 919 507; x_wconf 83' lang='lat' dir='ltr'>potui</span> <span class='ocrx_word' id='word_1_17' title='bbox 944 434 1144 488; x_wconf 83' lang='lat' dir='ltr'>Medea</span> <span class='ocrx_word' id='word_1_18' title='bbox 1168 434 1306 487; x_wconf 89' lang='lat' dir='ltr'>mori</span> <span class='ocrx_word' id='word_1_19' title='bbox 1330 432 1481 487; x_wconf 87' lang='lat' dir='ltr'>bene.</span> <span class='ocrx_word' id='word_1_20' title='bbox 1522 432 1787 505; x_wconf 89' lang='lat' dir='ltr'>quidquid</span> <span class='ocrx_word' id='word_1_21' title='bbox 1813 431 1876 485; x_wconf 89' lang='lat' dir='ltr'>ab</span> <span class='ocrx_word' id='word_1_22' title='bbox 1901 430 1993 485; x_wconf 91' lang='lat' dir='ltr'>illo</span> 
     </span>
    </p>
   </div>
   <div class='ocr_carea' id='block_1_3' title="bbox 649 507 1352 584">
    <p class='ocr_par' dir='ltr' id='par_1_3' title="bbox 649 507 1352 584">
     <span class='ocr_line' id='line_1_5' title="bbox 649 507 1352 584; baseline -0.004 -22"><span class='ocrx_word' id='word_1_23' title='bbox 649 508 892 563; x_wconf 78' lang='lat' dir='ltr'>Produxi</span> <span class='ocrx_word' id='word_1_24' title='bbox 914 507 1054 561; x_wconf 85' lang='lat' dir='ltr'>vitae</span> <span class='ocrx_word' id='word_1_25' title='bbox 1080 520 1352 584; x_wconf 82' lang='lat' dir='ltr'>tempore,</span> 
     </span>
    </p>
   </div>
   <div class='ocr_carea' id='block_1_4' title="bbox 1390 504 1702 575">
    <p class='ocr_par' dir='ltr' id='par_1_4' title="bbox 1390 504 1702 575">
     <span class='ocr_line' id='line_1_6' title="bbox 1390 504 1702 575; baseline -0.003 -18"><span class='ocrx_word' id='word_1_26' title='bbox 1390 523 1563 575; x_wconf 91' lang='lat' dir='ltr'>poena</span> <span class='ocrx_word' id='word_1_27' title='bbox 1587 504 1702 557; x_wconf 89' lang='lat' dir='ltr'>fuit.</span> 
     </span>
    </p>
   </div>
   <div class='ocr_carea' id='block_1_5' title="bbox 579 575 2003 798">
    <p class='ocr_par' dir='ltr' id='par_1_5' title="bbox 579 575 2003 798">
     <span class='ocr_line' id='line_1_7' title="bbox 579 575 1994 651; baseline -0.005 -15"><span class='ocrx_word' id='word_1_28' title='bbox 579 582 694 638; x_wconf 87' lang='lat' dir='ltr'>Hei</span> <span class='ocrx_word' id='word_1_29' title='bbox 719 581 873 634; x_wconf 84' lang='lat' dir='ltr'>mihi!</span> <span class='ocrx_word' id='word_1_30' title='bbox 918 599 1012 634; x_wconf 91' lang='lat' dir='ltr'>cur</span> <span class='ocrx_word' id='word_1_31' title='bbox 1036 596 1291 651; x_wconf 86' lang='lat' dir='ltr'>umquam</span> <span class='ocrx_word' id='word_1_32' title='bbox 1310 575 1629 646; x_wconf 78' lang='lat' dir='ltr'>juvenilibus</span> <span class='ocrx_word' id='word_1_33' title='bbox 1655 575 1765 629; x_wconf 70' lang='lat' dir='ltr'>acta</span> <span class='ocrx_word' id='word_1_34' title='bbox 1788 576 1994 630; x_wconf 88' lang='lat' dir='ltr'>lacertis</span> 
     </span>
     <span class='ocr_line' id='line_1_8' title="bbox 651 649 1716 726; baseline -0.008 -18"><span class='ocrx_word' id='word_1_35' title='bbox 651 654 953 726; x_wconf 61' lang='lat' dir='ltr'>Phryxeam</span> <span class='ocrx_word' id='word_1_36' title='bbox 976 653 1128 724; x_wconf 84' lang='lat' dir='ltr'>petiit</span> <span class='ocrx_word' id='word_1_37' title='bbox 1156 649 1322 702; x_wconf 79' lang='lat' dir='ltr'>Pelias</span> <span class='ocrx_word' id='word_1_38' title='bbox 1347 649 1503 702; x_wconf 84' lang='lat' dir='ltr'>arbor</span> <span class='ocrx_word' id='word_1_39' title='bbox 1527 649 1716 701; x_wconf 77' lang='lat' dir='ltr'>ovem?</span> 
     </span>
     <span class='ocr_line' id='line_1_9' title="bbox 581 720 2003 798; baseline -0.007 -15"><span class='ocrx_word' id='word_1_40' title='bbox 581 727 695 783; x_wconf 91' lang='lat' dir='ltr'>Cur</span> <span class='ocrx_word' id='word_1_41' title='bbox 719 743 974 798; x_wconf 86' lang='lat' dir='ltr'>umquam</span> <span class='ocrx_word' id='word_1_42' title='bbox 1000 722 1193 776; x_wconf 87' lang='lat' dir='ltr'>Colchi</span> <span class='ocrx_word' id='word_1_43' title='bbox 1222 721 1536 792; x_wconf 77' lang='lat' dir='ltr'>Magnetida</span> <span class='ocrx_word' id='word_1_44' title='bbox 1563 720 1791 774; x_wconf 87' lang='lat' dir='ltr'>vidimus</span> <span class='ocrx_word' id='word_1_45' title='bbox 1817 722 2003 790; x_wconf 82' lang='lat' dir='ltr'>Arg03</span> 
     </span>
    </p>
   </div>
   <div class='ocr_carea' id='block_1_6' title="bbox 476 820 540 855">
    <p class='ocr_par' dir='ltr' id='par_1_6' title="bbox 476 820 540 855">
     <span class='ocr_line' id='line_1_10' title="bbox 476 820 540 855; baseline 0.016 -1"><span class='ocrx_word' id='word_1_46' title='bbox 476 820 540 855; x_wconf 85' lang='lat'>10</span> 
     </span>
    </p>
   </div>
   <div class='ocr_carea' id='block_1_7' title="bbox 655 792 1926 868">
    <p class='ocr_par' dir='ltr' id='par_1_7' title="bbox 655 792 1926 868">
     <span class='ocr_line' id='line_1_11' title="bbox 655 792 1926 868; baseline -0.007 -15"><span class='ocrx_word' id='word_1_47' title='bbox 655 799 950 868; x_wconf 77' lang='lat' dir='ltr'>Turbaque</span> <span class='ocrx_word' id='word_1_48' title='bbox 974 794 1275 848; x_wconf 74' lang='lat' dir='ltr'>Phasiacam</span> <span class='ocrx_word' id='word_1_49' title='bbox 1299 793 1460 864; x_wconf 85' lang='lat' dir='ltr'>Graja</span> <span class='ocrx_word' id='word_1_50' title='bbox 1485 792 1679 847; x_wconf 86' lang='lat' dir='ltr'>bibistis</span> <span class='ocrx_word' id='word_1_51' title='bbox 1705 793 1926 866; x_wconf 83' lang='lat' dir='ltr'>aquam?</span> 
     </span>
    </p>
   </div>
   <div class='ocr_carea' id='block_1_8' title="bbox 481 865 2077 1306">
    <p class='ocr_par' dir='ltr' id='par_1_8' title="bbox 481 865 2077 1306">
     <span class='ocr_line' id='line_1_12' title="bbox 582 865 1835 940; baseline -0.008 -12"><span class='ocrx_word' id='word_1_52' title='bbox 582 874 697 928; x_wconf 89' lang='lat' dir='ltr'>Cur</span> <span class='ocrx_word' id='word_1_53' title='bbox 725 870 855 925; x_wconf 86' lang='grc'>1111111</span> <span class='ocrx_word' id='word_1_54' title='bbox 878 869 992 940; x_wconf 90' lang='lat' dir='ltr'>plus</span> <span class='ocrx_word' id='word_1_55' title='bbox 1017 885 1190 939; x_wconf 88' lang='lat' dir='ltr'>aequo</span> <span class='ocrx_word' id='word_1_56' title='bbox 1215 866 1338 920; x_wconf 79' lang='lat' dir='ltr'>flavi</span> <span class='ocrx_word' id='word_1_57' title='bbox 1362 867 1608 938; x_wconf 80' lang='lat' dir='ltr'>placuere</span> <span class='ocrx_word' id='word_1_58' title='bbox 1632 865 1835 937; x_wconf 89' lang='lat' dir='ltr'>capilli;</span> 
     </span>
     <span class='ocr_line' id='line_1_13' title="bbox 658 937 1789 1011; baseline -0.005 -15"><span class='ocrx_word' id='word_1_59' title='bbox 658 943 729 997; x_wconf 76' lang='lat' dir='ltr'>Et</span> <span class='ocrx_word' id='word_1_60' title='bbox 755 943 949 1004; x_wconf 87' lang='lat' dir='ltr'>decor,</span> <span class='ocrx_word' id='word_1_61' title='bbox 989 939 1044 994; x_wconf 85' lang='lat'>&amp;</span> <span class='ocrx_word' id='word_1_62' title='bbox 1068 940 1280 1011; x_wconf 80' lang='lat' dir='ltr'>linguae</span> <span class='ocrx_word' id='word_1_63' title='bbox 1305 939 1470 1010; x_wconf 86' lang='lat' dir='ltr'>gratia</span> <span class='ocrx_word' id='word_1_64' title='bbox 1492 937 1611 993; x_wconf 67' lang='lat' dir='ltr'>ficta</span> <span class='ocrx_word' id='word_1_65' title='bbox 1635 939 1789 993; x_wconf 86' lang='lat' dir='ltr'>tuae?</span> 
     </span>
     <span class='ocr_line' id='line_1_14' title="bbox 582 1012 2077 1086; baseline -0.003 -14"><span class='ocrx_word' id='word_1_66' title='bbox 582 1019 698 1073; x_wconf 86' lang='lat' dir='ltr'>Aut</span> <span class='ocrx_word' id='word_1_67' title='bbox 725 1018 745 1085; x_wconf 82' lang='lat'>(</span> <span class='ocrx_word' id='word_1_68' title='bbox 759 1015 917 1069; x_wconf 83' lang='lat' dir='ltr'>semel</span> <span class='ocrx_word' id='word_1_69' title='bbox 941 1014 996 1068; x_wconf 91' lang='lat' dir='ltr'>in</span> <span class='ocrx_word' id='word_1_70' title='bbox 1020 1012 1218 1067; x_wconf 86' lang='lat' dir='ltr'>nostras</span> <span class='ocrx_word' id='word_1_71' title='bbox 1242 1012 1496 1085; x_wconf 89' lang='lat' dir='ltr'>quoniam</span> <span class='ocrx_word' id='word_1_72' title='bbox 1520 1031 1658 1067; x_wconf 82' lang='lat' dir='ltr'>nova</span> <span class='ocrx_word' id='word_1_73' title='bbox 1681 1014 1872 1086; x_wconf 83' lang='lat' dir='ltr'>puppis</span> <span class='ocrx_word' id='word_1_74' title='bbox 1895 1029 2077 1070; x_wconf 80' lang='lat' dir='ltr'>arenas</span> 
     </span>
     <span class='ocr_line' id='line_1_15' title="bbox 655 1086 1793 1158; baseline -0.005 -14"><span class='ocrx_word' id='word_1_75' title='bbox 655 1088 895 1144; x_wconf 79' lang='lat' dir='ltr'>Venerat</span> <span class='ocrx_word' id='word_1_76' title='bbox 911 1126 925 1150; x_wconf 85' lang='lat'>,</span> <span class='ocrx_word' id='word_1_77' title='bbox 960 1086 1188 1140; x_wconf 78' lang='lat' dir='ltr'>audaces</span> <span class='ocrx_word' id='word_1_78' title='bbox 1212 1086 1564 1158; x_wconf 85' lang='lat' dir='ltr'>attuleratque</span> <span class='ocrx_word' id='word_1_79' title='bbox 1589 1086 1793 1155; x_wconf 77' lang='lat' dir='ltr'>vir08,)</span> 
     </span>
     <span class='ocr_line' id='line_1_16' title="bbox 481 1158 1830 1232; baseline -0.004 -12"><span class='ocrx_word' id='word_1_80' title='bbox 481 1182 541 1232; x_wconf 84' lang='lat'>15</span> <span class='ocrx_word' id='word_1_81' title='bbox 579 1163 699 1219; x_wconf 83' lang='lat' dir='ltr'>Iffet</span> <span class='ocrx_word' id='word_1_82' title='bbox 725 1161 993 1214; x_wconf 88' lang='lat' dir='ltr'>anhelatos</span> <span class='ocrx_word' id='word_1_83' title='bbox 1018 1178 1127 1214; x_wconf 90' lang='lat' dir='ltr'>non</span> <span class='ocrx_word' id='word_1_84' title='bbox 1148 1159 1576 1230; x_wconf 74' lang='lat' dir='ltr'>vpraemedicatus</span> <span class='ocrx_word' id='word_1_85' title='bbox 1601 1158 1654 1212; x_wconf 91' lang='lat' dir='ltr'>in</span> <span class='ocrx_word' id='word_1_86' title='bbox 1682 1159 1830 1230; x_wconf 84' lang='lat' dir='ltr'>ignes</span> 
     </span>
     <span class='ocr_line' id='line_1_17' title="bbox 654 1231 1973 1306; baseline 0 -17"><span class='ocrx_word' id='word_1_87' title='bbox 654 1235 943 1289; x_wconf 83' lang='lat' dir='ltr'>Immemor</span> <span class='ocrx_word' id='word_1_88' title='bbox 968 1232 1294 1297; x_wconf 85' lang='lat' dir='ltr'>Aesonides,</span> <span class='ocrx_word' id='word_1_89' title='bbox 1333 1250 1532 1306; x_wconf 89' lang='lat' dir='ltr'>oraque</span> <span class='ocrx_word' id='word_1_90' title='bbox 1559 1231 1767 1287; x_wconf 88' lang='lat' dir='ltr'>adunca</span> <span class='ocrx_word' id='word_1_91' title='bbox 1790 1233 1973 1289; x_wconf 87' lang='lat' dir='ltr'>boum.</span> 
     </span>
    </p>
   </div>
   <div class='ocr_carea' id='block_1_9' title="bbox 293 1399 1347 1922">
    <p class='ocr_par' dir='ltr' id='par_1_9' title="bbox 293 1399 1339 1608">
     <span class='ocr_line' id='line_1_18' title="bbox 345 1399 1338 1457; baseline -0.009 -12"><span class='ocrx_word' id='word_1_92' title='bbox 345 1419 378 1457; x_wconf 83' lang='lat'>3.</span> <span class='ocrx_word' id='word_1_93' title='bbox 407 1406 613 1457; x_wconf 73' lang='lat' dir='ltr'>Dispensant</span> <span class='ocrx_word' id='word_1_94' title='bbox 643 1404 806 1444; x_wconf 79' lang='lat' dir='ltr'>mortalia</span> <span class='ocrx_word' id='word_1_95' title='bbox 826 1404 912 1451; x_wconf 87' lang='lat' dir='ltr'>fata</span> <span class='ocrx_word' id='word_1_96' title='bbox 935 1400 1102 1451; x_wconf 80' lang='lat' dir='ltr'>sorores.]</span> <span class='ocrx_word' id='word_1_97' title='bbox 1133 1400 1240 1437; x_wconf 66' lang='lat' dir='ltr'>Faffta</span> <span class='ocrx_word' id='word_1_98' title='bbox 1265 1399 1338 1437; x_wconf 89' lang='lat' dir='ltr'>Pu-</span> 
     </span>
     <span class='ocr_line' id='line_1_19' title="bbox 293 1451 1339 1499; baseline -0.011 -2"><span class='ocrx_word' id='word_1_99' title='bbox 293 1467 441 1497; x_wconf 86' lang='lat' dir='ltr'>teaneus</span> <span class='ocrx_word' id='word_1_100' title='bbox 475 1460 511 1495; x_wconf 60' lang='lat' dir='ltr'>&#39;cx</span> <span class='ocrx_word' id='word_1_101' title='bbox 540 1459 597 1496; x_wconf 71' lang='grc'>1111</span> <span class='ocrx_word' id='word_1_102' title='bbox 630 1457 811 1495; x_wconf 79' lang='lat' dir='ltr'>nonnulli.</span> <span class='ocrx_word' id='word_1_103' title='bbox 839 1454 973 1492; x_wconf 85' lang='lat' dir='ltr'>frustra.</span> <span class='ocrx_word' id='word_1_104' title='bbox 1003 1454 1054 1490; x_wconf 85' lang='lat' dir='ltr'>At</span> <span class='ocrx_word' id='word_1_105' title='bbox 1083 1451 1251 1499; x_wconf 86' lang='lat' dir='ltr'>Scaligeri</span> <span class='ocrx_word' id='word_1_106' title='bbox 1274 1463 1339 1488; x_wconf 85' lang='lat' dir='ltr'>ex-</span> 
     </span>
     <span class='ocr_line' id='line_1_20' title="bbox 294 1502 1338 1558; baseline -0.009 -11"><span class='ocrx_word' id='word_1_107' title='bbox 294 1519 417 1558; x_wconf 80' lang='lat' dir='ltr'>cerpta</span> <span class='ocrx_word' id='word_1_108' title='bbox 447 1521 531 1546; x_wconf 85' lang='lat' dir='ltr'>cum</span> <span class='ocrx_word' id='word_1_109' title='bbox 560 1510 685 1546; x_wconf 82' lang='lat' dir='ltr'>multis</span> <span class='ocrx_word' id='word_1_110' title='bbox 719 1507 844 1545; x_wconf 79' lang='lat' dir='ltr'>nostris</span> <span class='ocrx_word' id='word_1_111' title='bbox 873 1505 952 1552; x_wconf 82' lang='lat' dir='ltr'>fila.</span> <span class='ocrx_word' id='word_1_112' title='bbox 988 1503 1090 1554; x_wconf 89' lang='lat' dir='ltr'>quod</span> <span class='ocrx_word' id='word_1_113' title='bbox 1116 1513 1247 1540; x_wconf 86' lang='lat' dir='ltr'>verum</span> <span class='ocrx_word' id='word_1_114' title='bbox 1278 1502 1338 1539; x_wconf 89' lang='lat' dir='ltr'>est.</span> 
     </span>
     <span class='ocr_line' id='line_1_21' title="bbox 293 1555 1113 1608; baseline -0.009 -10"><span class='ocrx_word' id='word_1_115' title='bbox 293 1562 442 1599; x_wconf 78' lang='lat' dir='ltr'>Auctor</span> <span class='ocrx_word' id='word_1_116' title='bbox 460 1561 606 1608; x_wconf 76' lang='lat' dir='ltr'>Elegiae</span> <span class='ocrx_word' id='word_1_117' title='bbox 628 1561 665 1596; x_wconf 91' lang='lat' dir='ltr'>in</span> <span class='ocrx_word' id='word_1_118' title='bbox 688 1559 844 1595; x_wconf 85' lang='lat' dir='ltr'>Obitum</span> <span class='ocrx_word' id='word_1_119' title='bbox 866 1555 1113 1593; x_wconf 83' lang='lat' dir='ltr'>Maecenatis:</span> 
     </span>
    </p>

    <p class='ocr_par' dir='ltr' id='par_1_10' title="bbox 347 1604 1092 1658">
     <span class='ocr_line' id='line_1_22' title="bbox 347 1604 1092 1658; baseline -0.009 -11"><span class='ocrx_word' id='word_1_120' title='bbox 347 1608 636 1658; x_wconf 81' lang='lat' dir='ltr'>Nestoris-annofi</span> <span class='ocrx_word' id='word_1_121' title='bbox 654 1608 790 1657; x_wconf 62' lang='lat' dir='ltr'>vixiffiaes</span> <span class='ocrx_word' id='word_1_122' title='bbox 803 1606 965 1655; x_wconf 85' lang='lat' dir='ltr'>saecula,</span> <span class='ocrx_word' id='word_1_123' title='bbox 985 1604 1019 1654; x_wconf 79' lang='lat' dir='ltr'><em>st</em></span> <span class='ocrx_word' id='word_1_124' title='bbox 1038 1619 1092 1641; x_wconf 89' lang='lat' dir='ltr'>me</span> 
     </span>
    </p>

    <p class='ocr_par' dir='ltr' id='par_1_11' title="bbox 293 1655 1347 1851">
     <span class='ocr_line' id='line_1_23' title="bbox 396 1655 1118 1709; baseline -0.004 -13"><span class='ocrx_word' id='word_1_125' title='bbox 396 1661 600 1709; x_wconf 83' lang='lat' dir='ltr'>Dispensata</span> <span class='ocrx_word' id='word_1_126' title='bbox 619 1659 683 1694; x_wconf 85' lang='lat' dir='ltr'>tibi</span> <span class='ocrx_word' id='word_1_127' title='bbox 697 1659 853 1703; x_wconf 82' lang='lat' dir='ltr'>stamina</span> <span class='ocrx_word' id='word_1_128' title='bbox 875 1666 975 1692; x_wconf 85' lang='lat' dir='ltr'>nente</span> <span class='ocrx_word' id='word_1_129' title='bbox 986 1655 1118 1702; x_wconf 82' lang='lat' dir='ltr'>forent.</span> 
     </span>
     <span class='ocr_line' id='line_1_24' title="bbox 293 1705 1345 1756; baseline -0.005 -7"><span class='ocrx_word' id='word_1_130' title='bbox 293 1712 355 1750; x_wconf 92' lang='lat' dir='ltr'>De</span> <span class='ocrx_word' id='word_1_131' title='bbox 378 1710 445 1748; x_wconf 85' lang='lat' dir='ltr'>filis</span> <span class='ocrx_word' id='word_1_132' title='bbox 466 1711 657 1747; x_wconf 85' lang='lat' dir='ltr'>Parcarum</span> <span class='ocrx_word' id='word_1_133' title='bbox 680 1720 734 1745; x_wconf 87' lang='lat' dir='ltr'>res</span> <span class='ocrx_word' id='word_1_134' title='bbox 754 1709 905 1756; x_wconf 86' lang='lat' dir='ltr'>protrita</span> <span class='ocrx_word' id='word_1_135' title='bbox 925 1707 985 1744; x_wconf 89' lang='lat' dir='ltr'>est.</span> <span class='ocrx_word' id='word_1_136' title='bbox 1009 1705 1167 1743; x_wconf 87' lang='lat' dir='ltr'>emenda</span> <span class='ocrx_word' id='word_1_137' title='bbox 1188 1708 1226 1744; x_wconf 89' lang='lat' dir='ltr'>in</span> <span class='ocrx_word' id='word_1_138' title='bbox 1246 1712 1345 1744; x_wconf 80' lang='lat' dir='ltr'>tran-</span> 
     </span>
     <span class='ocr_line' id='line_1_25' title="bbox 295 1757 1347 1806; baseline -0.005 -7"><span class='ocrx_word' id='word_1_139' title='bbox 295 1762 364 1799; x_wconf 80' lang='lat' dir='ltr'>situ</span> <span class='ocrx_word' id='word_1_140' title='bbox 400 1762 469 1799; x_wconf 86' lang='lat' dir='ltr'>hac</span> <span class='ocrx_word' id='word_1_141' title='bbox 497 1760 690 1799; x_wconf 81' lang='lat' dir='ltr'>occasione</span> <span class='ocrx_word' id='word_1_142' title='bbox 723 1759 890 1796; x_wconf 66' lang='lat' dir='ltr'>Lactant.</span> <span class='ocrx_word' id='word_1_143' title='bbox 915 1759 954 1795; x_wconf 91' lang='lat' dir='ltr'>in</span> <span class='ocrx_word' id='word_1_144' title='bbox 985 1757 1111 1806; x_wconf 82' lang='lat' dir='ltr'>Elegia</span> <span class='ocrx_word' id='word_1_145' title='bbox 1141 1757 1187 1795; x_wconf 88' lang='lat' dir='ltr'>de</span> <span class='ocrx_word' id='word_1_146' title='bbox 1223 1758 1347 1796; x_wconf 85' lang='lat' dir='ltr'>Phoe-</span> 
     </span>
     <span class='ocr_line' id='line_1_26' title="bbox 296 1824 404 1851; baseline 0 0"><span class='ocrx_word' id='word_1_147' title='bbox 296 1824 404 1851; x_wconf 82' lang='lat' dir='ltr'>nice:</span> 
     </span>
    </p>

    <p class='ocr_par' dir='ltr' id='par_1_12' title="bbox 351 1871 1084 1922">
     <span class='ocr_line' id='line_1_27' title="bbox 351 1871 1084 1922; baseline -0.003 -11"><span class='ocrx_word' id='word_1_148' title='bbox 351 1879 409 1911; x_wconf 88' lang='lat' dir='ltr'>At</span> <span class='ocrx_word' id='word_1_149' title='bbox 419 1875 627 1921; x_wconf 80' lang='lat' dir='ltr'>fortunatae</span> <span class='ocrx_word' id='word_1_150' title='bbox 636 1872 742 1922; x_wconf 78' lang='lat' dir='ltr'>sortis</span> <span class='ocrx_word' id='word_1_151' title='bbox 754 1872 879 1922; x_wconf 76' lang='lat' dir='ltr'>filique</span> <span class='ocrx_word' id='word_1_152' title='bbox 896 1871 1084 1909; x_wconf 81' lang='lat' dir='ltr'>volucrem.</span> 
     </span>
    </p>
   </div>
   <div class='ocr_carea' id='block_1_10' title="bbox 295 1934 1355 3331">
    <p class='ocr_par' dir='ltr' id='par_1_13' title="bbox 295 1934 1355 3331">
     <span class='ocr_line' id='line_1_28' title="bbox 295 1934 1346 1987; baseline -0.005 -12"><span class='ocrx_word' id='word_1_153' title='bbox 295 1936 355 1976; x_wconf 81' lang='lat' dir='ltr'>Ita</span> <span class='ocrx_word' id='word_1_154' title='bbox 374 1939 511 1987; x_wconf 85' lang='lat' dir='ltr'>quippe</span> <span class='ocrx_word' id='word_1_155' title='bbox 532 1951 577 1976; x_wconf 84' lang='lat' dir='ltr'>ex</span> <span class='ocrx_word' id='word_1_156' title='bbox 604 1937 900 1975; x_wconf 82' lang='lat' dir='ltr'>membranarum</span> <span class='ocrx_word' id='word_1_157' title='bbox 933 1935 1089 1984; x_wconf 79' lang='lat' dir='ltr'>vestigiis</span> <span class='ocrx_word' id='word_1_158' title='bbox 1117 1934 1263 1983; x_wconf 80' lang='lat' dir='ltr'>corrigo</span> <span class='ocrx_word' id='word_1_159' title='bbox 1278 1961 1288 1977; x_wconf 92' lang='lat'>,</span> <span class='ocrx_word' id='word_1_160' title='bbox 1309 1934 1346 1970; x_wconf 89' lang='lat' dir='ltr'>in</span> 
     </span>
     <span class='ocr_line' id='line_1_29' title="bbox 296 1985 1349 2039; baseline -0.004 -14"><span class='ocrx_word' id='word_1_161' title='bbox 296 1990 429 2038; x_wconf 84' lang='lat' dir='ltr'>quibus</span> <span class='ocrx_word' id='word_1_162' title='bbox 451 1988 596 2039; x_wconf 76' lang='lat' dir='ltr'>filisque</span> <span class='ocrx_word' id='word_1_163' title='bbox 616 1989 674 2026; x_wconf 87' lang='lat' dir='ltr'>vel</span> <span class='ocrx_word' id='word_1_164' title='bbox 695 1987 867 2037; x_wconf 65' lang='lat' dir='ltr'>filiisque,</span> <span class='ocrx_word' id='word_1_165' title='bbox 884 1999 949 2035; x_wconf 85' lang='lat' dir='ltr'>pro</span> <span class='ocrx_word' id='word_1_166' title='bbox 960 1987 1114 2035; x_wconf 81' lang='lat' dir='ltr'>fatique.</span> <span class='ocrx_word' id='word_1_167' title='bbox 1139 1986 1176 2022; x_wconf 84' lang='lat'>&amp;</span> <span class='ocrx_word' id='word_1_168' title='bbox 1189 1985 1349 2022; x_wconf 76' lang='lat' dir='ltr'>Marcia—</span> 
     </span>
     <span class='ocr_line' id='line_1_30' title="bbox 297 2036 1343 2089; baseline -0.006 -12"><span class='ocrx_word' id='word_1_169' title='bbox 297 2051 351 2078; x_wconf 88' lang='lat' dir='ltr'>no</span> <span class='ocrx_word' id='word_1_170' title='bbox 382 2052 533 2089; x_wconf 88' lang='lat' dir='ltr'>quoque</span> <span class='ocrx_word' id='word_1_171' title='bbox 560 2039 731 2088; x_wconf 82' lang='lat' dir='ltr'>Capellae</span> <span class='ocrx_word' id='word_1_172' title='bbox 757 2038 939 2076; x_wconf 88' lang='lat' dir='ltr'>medicina</span> <span class='ocrx_word' id='word_1_173' title='bbox 968 2037 1146 2074; x_wconf 86' lang='lat' dir='ltr'>facienda.</span> <span class='ocrx_word' id='word_1_174' title='bbox 1170 2036 1231 2073; x_wconf 89' lang='lat' dir='ltr'>lib.</span> <span class='ocrx_word' id='word_1_175' title='bbox 1258 2048 1287 2072; x_wconf 91' lang='lat'>1.</span> <span class='ocrx_word' id='word_1_176' title='bbox 1308 2045 1343 2082; x_wconf 89' lang='lat' dir='ltr'>p.</span> 
     </span>
     <span class='ocr_line' id='line_1_31' title="bbox 303 2085 1344 2140; baseline -0.007 -12"><span class='ocrx_word' id='word_1_177' title='bbox 303 2102 358 2128; x_wconf 80' lang='lat'>12.</span> <span class='ocrx_word' id='word_1_178' title='bbox 394 2091 525 2140; x_wconf 50' lang='lat' dir='ltr'>Qcippe</span> <span class='ocrx_word' id='word_1_179' title='bbox 555 2097 747 2126; x_wconf 78' lang='lat' dir='ltr'>Parcarum</span> <span class='ocrx_word' id='word_1_180' title='bbox 786 2088 875 2125; x_wconf 76' lang='lat' dir='ltr'>colus</span> <span class='ocrx_word' id='word_1_181' title='bbox 910 2088 1069 2124; x_wconf 80' lang='lat' dir='ltr'>humana</span> <span class='ocrx_word' id='word_1_182' title='bbox 1093 2086 1214 2136; x_wconf 84' lang='lat' dir='ltr'>pensat</span> <span class='ocrx_word' id='word_1_183' title='bbox 1234 2114 1244 2130; x_wconf 91' lang='lat'>‚</span> <span class='ocrx_word' id='word_1_184' title='bbox 1281 2085 1344 2122; x_wconf 85' lang='lat' dir='ltr'>ubi</span> 
     </span>
     <span class='ocr_line' id='line_1_32' title="bbox 299 2135 1344 2189; baseline -0.007 -12"><span class='ocrx_word' id='word_1_185' title='bbox 299 2146 494 2178; x_wconf 80' lang='lat' dir='ltr'>Parcarum</span> <span class='ocrx_word' id='word_1_186' title='bbox 515 2140 632 2177; x_wconf 80' lang='lat' dir='ltr'>chorus</span> <span class='ocrx_word' id='word_1_187' title='bbox 659 2152 848 2189; x_wconf 85' lang='lat' dir='ltr'>perperam</span> <span class='ocrx_word' id='word_1_188' title='bbox 875 2139 1018 2188; x_wconf 83' lang='lat' dir='ltr'>legitur.</span> <span class='ocrx_word' id='word_1_189' title='bbox 1047 2137 1206 2185; x_wconf 87' lang='lat' dir='ltr'>Epistola</span> <span class='ocrx_word' id='word_1_190' title='bbox 1224 2135 1344 2172; x_wconf 82' lang='lat' dir='ltr'>Sabini</span> 
     </span>
     <span class='ocr_line' id='line_1_33' title="bbox 300 2184 1347 2240; baseline -0.009 -11"><span class='ocrx_word' id='word_1_191' title='bbox 300 2191 347 2229; x_wconf 86' lang='lat' dir='ltr'>ad</span> <span class='ocrx_word' id='word_1_192' title='bbox 374 2192 549 2239; x_wconf 84' lang='lat' dir='ltr'>Penelop.</span> <span class='ocrx_word' id='word_1_193' title='bbox 578 2197 730 2240; x_wconf 78' lang='lat' dir='ltr'>Utraque</span> <span class='ocrx_word' id='word_1_194' title='bbox 752 2191 788 2239; x_wconf 70' lang='lat' dir='ltr'>se</span> <span class='ocrx_word' id='word_1_195' title='bbox 818 2189 911 2226; x_wconf 81' lang='lat' dir='ltr'>nabis</span> <span class='ocrx_word' id='word_1_196' title='bbox 938 2188 1103 2225; x_wconf 83' lang='lat' dir='ltr'>mortalia</span> <span class='ocrx_word' id='word_1_197' title='bbox 1129 2187 1260 2223; x_wconf 83' lang='lat' dir='ltr'>demere</span> <span class='ocrx_word' id='word_1_198' title='bbox 1278 2184 1347 2232; x_wconf 86' lang='lat' dir='ltr'>fila</span> 
     </span>
     <span class='ocr_line' id='line_1_34' title="bbox 300 2236 1348 2291; baseline -0.005 -14"><span class='ocrx_word' id='word_1_199' title='bbox 300 2242 482 2291; x_wconf 80' lang='lat' dir='ltr'>spondent.</span> <span class='ocrx_word' id='word_1_200' title='bbox 495 2240 817 2290; x_wconf 86' lang='lat' dir='ltr'>Calpurn.Ecl.1V.</span> <span class='ocrx_word' id='word_1_201' title='bbox 838 2240 892 2283; x_wconf 62' lang='lat' dir='ltr'>y&#39;ss.</span> <span class='ocrx_word' id='word_1_202' title='bbox 916 2251 995 2288; x_wconf 80' lang='lat'>139.</span> <span class='ocrx_word' id='word_1_203' title='bbox 1016 2240 1054 2276; x_wconf 87' lang='lat'>&amp;</span> <span class='ocrx_word' id='word_1_204' title='bbox 1073 2238 1250 2287; x_wconf 62' lang='lat' dir='ltr'>Virgilx.</span> <span class='ocrx_word' id='word_1_205' title='bbox 1265 2236 1348 2282; x_wconf 80' lang='lat'>814.</span> 
     </span>
     <span class='ocr_line' id='line_1_35' title="bbox 298 2288 1348 2342; baseline -0.006 -13"><span class='ocrx_word' id='word_1_206' title='bbox 298 2297 537 2342; x_wconf 71' lang='lat' dir='ltr'>Extremaeque</span> <span class='ocrx_word' id='word_1_207' title='bbox 563 2294 672 2340; x_wconf 88' lang='lat' dir='ltr'>Lauso</span> <span class='ocrx_word' id='word_1_208' title='bbox 700 2298 828 2327; x_wconf 83' lang='lat' dir='ltr'>Parcae</span> <span class='ocrx_word' id='word_1_209' title='bbox 848 2290 915 2337; x_wconf 85' lang='lat' dir='ltr'>fila</span> <span class='ocrx_word' id='word_1_210' title='bbox 936 2292 1062 2337; x_wconf 79' lang='lat' dir='ltr'>legunt.</span> <span class='ocrx_word' id='word_1_211' title='bbox 1090 2289 1165 2326; x_wconf 84' lang='lat' dir='ltr'>vid.</span> <span class='ocrx_word' id='word_1_212' title='bbox 1188 2288 1348 2335; x_wconf 80' lang='lat' dir='ltr'>Metam.</span> 
     </span>
     <span class='ocr_line' id='line_1_36' title="bbox 302 2337 1349 2391; baseline -0.005 -11"><span class='ocrx_word' id='word_1_213' title='bbox 302 2343 364 2380; x_wconf 84' lang='lat' dir='ltr'>lib.</span> <span class='ocrx_word' id='word_1_214' title='bbox 395 2357 441 2380; x_wconf 85' lang='lat'>11.</span> <span class='ocrx_word' id='word_1_215' title='bbox 471 2344 553 2391; x_wconf 80' lang='lat'><strong>654.</strong></span> <span class='ocrx_word' id='word_1_216' title='bbox 584 2342 693 2390; x_wconf 85' lang='lat' dir='ltr'>Epist.</span> <span class='ocrx_word' id='word_1_217' title='bbox 724 2354 784 2378; x_wconf 78' lang='lat' dir='ltr'>xv.</span> <span class='ocrx_word' id='word_1_218' title='bbox 811 2341 870 2378; x_wconf 74' lang='lat'>82.</span> <span class='ocrx_word' id='word_1_219' title='bbox 900 2341 1027 2377; x_wconf 84' lang='lat' dir='ltr'>Silium</span> <span class='ocrx_word' id='word_1_220' title='bbox 1051 2340 1128 2377; x_wconf 84' lang='lat' dir='ltr'>Ital.</span> <span class='ocrx_word' id='word_1_221' title='bbox 1152 2351 1206 2376; x_wconf 83' lang='lat' dir='ltr'>1v.</span> <span class='ocrx_word' id='word_1_222' title='bbox 1228 2337 1287 2376; x_wconf 81' lang='lat'>28.</span> <span class='ocrx_word' id='word_1_223' title='bbox 1311 2338 1349 2374; x_wconf 85' lang='lat'>&amp;</span> 
     </span>
     <span class='ocr_line' id='line_1_37' title="bbox 302 2393 645 2431; baseline -0.003 0"><span class='ocrx_word' id='word_1_224' title='bbox 302 2393 406 2431; x_wconf 83' lang='lat' dir='ltr'>alios.</span> <span class='ocrx_word' id='word_1_225' title='bbox 435 2395 645 2431; x_wconf 70' lang='lat' dir='ltr'>Hmusms.</span> 
     </span>
     <span class='ocr_line' id='line_1_38' title="bbox 359 2440 1348 2493; baseline -0.004 -12"><span class='ocrx_word' id='word_1_226' title='bbox 359 2459 389 2493; x_wconf 82' lang='grc' dir='ltr'>ς.</span> <span class='ocrx_word' id='word_1_227' title='bbox 419 2444 599 2493; x_wconf 71' lang='lat' dir='ltr'>Qicquid</span> <span class='ocrx_word' id='word_1_228' title='bbox 619 2443 663 2480; x_wconf 79' lang='lat' dir='ltr'>ab</span> <span class='ocrx_word' id='word_1_229' title='bbox 684 2442 743 2479; x_wconf 85' lang='lat' dir='ltr'>illo</span> <span class='ocrx_word' id='word_1_230' title='bbox 761 2440 916 2479; x_wconf 79' lang='lat' dir='ltr'>Produxi</span> <span class='ocrx_word' id='word_1_231' title='bbox 935 2440 1062 2490; x_wconf 78' lang='lat' dir='ltr'>vitae.]</span> <span class='ocrx_word' id='word_1_232' title='bbox 1087 2440 1204 2476; x_wconf 82' lang='lat' dir='ltr'>Vitam</span> <span class='ocrx_word' id='word_1_233' title='bbox 1216 2440 1348 2477; x_wconf 84' lang='lat' dir='ltr'>Putea-</span> 
     </span>
     <span class='ocr_line' id='line_1_39' title="bbox 304 2492 1127 2533; baseline -0.006 0"><span class='ocrx_word' id='word_1_234' title='bbox 304 2506 395 2533; x_wconf 90' lang='lat' dir='ltr'>neus</span> <span class='ocrx_word' id='word_1_235' title='bbox 414 2498 451 2533; x_wconf 86' lang='lat'>&amp;</span> <span class='ocrx_word' id='word_1_236' title='bbox 472 2496 530 2533; x_wconf 84' lang='lat' dir='ltr'>alii</span> <span class='ocrx_word' id='word_1_237' title='bbox 551 2495 667 2532; x_wconf 87' lang='lat' dir='ltr'>multi.</span> <span class='ocrx_word' id='word_1_238' title='bbox 696 2494 746 2531; x_wconf 90' lang='lat' dir='ltr'>nil</span> <span class='ocrx_word' id='word_1_239' title='bbox 766 2503 884 2531; x_wconf 88' lang='lat' dir='ltr'>muto.</span> <span class='ocrx_word' id='word_1_240' title='bbox 914 2492 1127 2529; x_wconf 64' lang='lat' dir='ltr'>Hfimsms.</span> 
     </span>
     <span class='ocr_line' id='line_1_40' title="bbox 360 2540 1350 2595; baseline -0.005 -12"><span class='ocrx_word' id='word_1_241' title='bbox 360 2558 391 2592; x_wconf 91' lang='lat'>7.</span> <span class='ocrx_word' id='word_1_242' title='bbox 422 2547 485 2583; x_wconf 79' lang='lat' dir='ltr'>Hei</span> <span class='ocrx_word' id='word_1_243' title='bbox 514 2546 651 2595; x_wconf 53' lang='lat' dir='ltr'>mihzl]</span> <span class='ocrx_word' id='word_1_244' title='bbox 692 2545 749 2581; x_wconf 82' lang='lat' dir='ltr'>Ex</span> <span class='ocrx_word' id='word_1_245' title='bbox 779 2543 953 2592; x_wconf 79' lang='lat' dir='ltr'>Euripide</span> <span class='ocrx_word' id='word_1_246' title='bbox 986 2544 1078 2580; x_wconf 86' lang='lat' dir='ltr'>haec</span> <span class='ocrx_word' id='word_1_247' title='bbox 1106 2542 1188 2579; x_wconf 83' lang='lat' dir='ltr'>sunt</span> <span class='ocrx_word' id='word_1_248' title='bbox 1206 2570 1217 2587; x_wconf 91' lang='lat'>‚</span> <span class='ocrx_word' id='word_1_249' title='bbox 1253 2540 1350 2590; x_wconf 88' lang='lat' dir='ltr'>apud</span> 
     </span>
     <span class='ocr_line' id='line_1_41' title="bbox 306 2596 971 2646; baseline -0.005 -12"><span class='ocrx_word' id='word_1_250' title='bbox 306 2609 420 2646; x_wconf 90' lang='lat' dir='ltr'>quem</span> <span class='ocrx_word' id='word_1_251' title='bbox 444 2610 463 2635; x_wconf 89' lang='lat' dir='ltr'>a</span> <span class='ocrx_word' id='word_1_252' title='bbox 480 2597 661 2646; x_wconf 87' lang='lat' dir='ltr'>principio</span> <span class='ocrx_word' id='word_1_253' title='bbox 682 2596 742 2632; x_wconf 82' lang='lat' dir='ltr'>ista</span> <span class='ocrx_word' id='word_1_254' title='bbox 762 2603 971 2643; x_wconf 85' lang='lat' dir='ltr'>ponuntur:</span> 
     </span>
     <span class='ocr_line' id='line_1_42' title="bbox 412 2655 1260 2707; baseline -0.006 -10"><span class='ocrx_word' id='word_1_255' title='bbox 412 2657 491 2697; x_wconf 53' lang='lat' dir='ltr'>&#39;Ero&#39;</span> <span class='ocrx_word' id='word_1_256' title='bbox 513 2656 631 2707; x_wconf 67' lang='grc' dir='ltr'>ὤφελ’</span> <span class='ocrx_word' id='word_1_257' title='bbox 653 2655 798 2705; x_wconf 70' lang='grc' dir='ltr'><em>Ἀργοῦς</em></span> <span class='ocrx_word' id='word_1_258' title='bbox 816 2663 863 2703; x_wconf 59' lang='grc' dir='ltr'>μὴ</span> <span class='ocrx_word' id='word_1_259' title='bbox 881 2657 1097 2695; x_wconf 51' lang='lat' dir='ltr'>§ianr-{offla</span> <span class='ocrx_word' id='word_1_260' title='bbox 1117 2657 1260 2704; x_wconf 67' lang='grc' dir='ltr'><strong><em>σκάφας</em></strong></span> 
     </span>
     <span class='ocr_line' id='line_1_43' title="bbox 414 2708 1242 2756; baseline -0.002 -9"><span class='ocrx_word' id='word_1_261' title='bbox 414 2715 572 2756; x_wconf 75' lang='grc' dir='ltr'><em>Κόλχων</em></span> <span class='ocrx_word' id='word_1_262' title='bbox 593 2712 629 2754; x_wconf 79' lang='grc' dir='ltr'>ἐς</span> <span class='ocrx_word' id='word_1_263' title='bbox 648 2708 729 2746; x_wconf 69' lang='grc' dir='ltr'>αἶαν</span> <span class='ocrx_word' id='word_1_264' title='bbox 753 2713 914 2752; x_wconf 70' lang='grc' dir='ltr'><em>Κυκνέκς</em></span> <span class='ocrx_word' id='word_1_265' title='bbox 933 2708 1216 2754; x_wconf 61' lang='grc' dir='ltr'>Συμπληγάδας</span> <span class='ocrx_word' id='word_1_266' title='bbox 1229 2737 1242 2755; x_wconf 87' lang='lat'>‚</span> 
     </span>
     <span class='ocr_line' id='line_1_44' title="bbox 418 2762 1142 2802; baseline -0.003 -6"><span class='ocrx_word' id='word_1_267' title='bbox 418 2763 510 2802; x_wconf 62' lang='lat' dir='ltr'>MrE&#39;</span> <span class='ocrx_word' id='word_1_268' title='bbox 529 2764 563 2800; x_wconf 77' lang='grc' dir='ltr'>ὲν</span> <span class='ocrx_word' id='word_1_269' title='bbox 586 2765 731 2800; x_wconf 60' lang='grc' dir='ltr'>νάπαισι</span> <span class='ocrx_word' id='word_1_270' title='bbox 755 2762 891 2802; x_wconf 68' lang='grc' dir='ltr'>Πηλίου</span> <span class='ocrx_word' id='word_1_271' title='bbox 912 2764 1031 2796; x_wconf 78' lang='grc' dir='ltr'><em>πεσεῖν</em></span> <span class='ocrx_word' id='word_1_272' title='bbox 1050 2773 1142 2796; x_wconf 76' lang='grc' dir='ltr'><em>ποτε</em></span> 
     </span>
     <span class='ocr_line' id='line_1_45' title="bbox 415 2811 1211 2858; baseline -0.006 -8"><span class='ocrx_word' id='word_1_273' title='bbox 415 2814 593 2857; x_wconf 65' lang='grc' dir='ltr'>Τμκῧεῑσει</span> <span class='ocrx_word' id='word_1_274' title='bbox 614 2816 727 2852; x_wconf 60' lang='grc' dir='ltr'><em>πεύκη</em></span> <span class='ocrx_word' id='word_1_275' title='bbox 741 2842 750 2857; x_wconf 93' lang='grc'><strong>,</strong></span> <span class='ocrx_word' id='word_1_276' title='bbox 780 2812 860 2858; x_wconf 64' lang='grc' dir='ltr'>μήδ’</span> <span class='ocrx_word' id='word_1_277' title='bbox 882 2811 1079 2856; x_wconf 58' lang='lat' dir='ltr'>{pert-efficat</span> <span class='ocrx_word' id='word_1_278' title='bbox 1097 2812 1211 2858; x_wconf 79' lang='grc' dir='ltr'><em>χέρας</em></span> 
     </span>
     <span class='ocr_line' id='line_1_46' title="bbox 414 2859 1245 2909; baseline 0 -10"><span class='ocrx_word' id='word_1_279' title='bbox 414 2859 560 2907; x_wconf 53' lang='grc' dir='ltr'>3Αιῶρυίν</span> <span class='ocrx_word' id='word_1_280' title='bbox 580 2865 705 2906; x_wconf 58' lang='grc' dir='ltr'>,ἐρίζων</span> <span class='ocrx_word' id='word_1_281' title='bbox 728 2866 797 2901; x_wconf 46' lang='lat' dir='ltr'>&amp;cx</span> <span class='ocrx_word' id='word_1_282' title='bbox 828 2865 1051 2901; x_wconf 68' lang='lat' dir='ltr'>Micrttus.</span> <span class='ocrx_word' id='word_1_283' title='bbox 1242 2905 1245 2909; x_wconf 34' lang='grc' dir='ltr'>ι</span> 
     </span>
     <span class='ocr_line' id='line_1_47' title="bbox 367 2925 1355 2975; baseline -0.003 -13"><span class='ocrx_word' id='word_1_284' title='bbox 367 2925 401 2963; x_wconf 85' lang='lat'>8.</span> <span class='ocrx_word' id='word_1_285' title='bbox 429 2925 543 2962; x_wconf 83' lang='lat' dir='ltr'>Pelias</span> <span class='ocrx_word' id='word_1_286' title='bbox 567 2925 678 2963; x_wconf 72' lang='lat' dir='ltr'>arbor.</span> <span class='ocrx_word' id='word_1_287' title='bbox 700 2926 714 2975; x_wconf 90' lang='lat'>]</span> <span class='ocrx_word' id='word_1_288' title='bbox 755 2925 987 2963; x_wconf 83' lang='lat' dir='ltr'>Catachrefis.</span> <span class='ocrx_word' id='word_1_289' title='bbox 1018 2925 1120 2973; x_wconf 80' lang='lat' dir='ltr'>Argo</span> <span class='ocrx_word' id='word_1_290' title='bbox 1142 2952 1152 2967; x_wconf 89' lang='lat'>‚</span> <span class='ocrx_word' id='word_1_291' title='bbox 1188 2935 1283 2972; x_wconf 83' lang='lat' dir='ltr'>quae</span> <span class='ocrx_word' id='word_1_292' title='bbox 1310 2934 1355 2960; x_wconf 78' lang='lat' dir='ltr'>ex</span> 
     </span>
     <span class='ocr_line' id='line_1_48' title="bbox 315 2974 1355 3024; baseline -0.004 -10"><span class='ocrx_word' id='word_1_293' title='bbox 315 2977 500 3015; x_wconf 80' lang='lat' dir='ltr'>arboribus</span> <span class='ocrx_word' id='word_1_294' title='bbox 515 2988 625 3024; x_wconf 77' lang='lat' dir='ltr'>,quae</span> <span class='ocrx_word' id='word_1_295' title='bbox 648 2978 683 3012; x_wconf 87' lang='grc'>111</span> <span class='ocrx_word' id='word_1_296' title='bbox 705 2977 806 3013; x_wconf 87' lang='grc' dir='ltr'>Ρ6110</span> <span class='ocrx_word' id='word_1_297' title='bbox 832 2986 960 3013; x_wconf 82' lang='lat' dir='ltr'>monte</span> <span class='ocrx_word' id='word_1_298' title='bbox 977 2984 1082 3012; x_wconf 84' lang='lat' dir='ltr'>natac</span> <span class='ocrx_word' id='word_1_299' title='bbox 1101 2974 1214 3012; x_wconf 82' lang='lat' dir='ltr'>effent</span> <span class='ocrx_word' id='word_1_300' title='bbox 1228 3002 1238 3017; x_wconf 93' lang='lat'>‚</span> <span class='ocrx_word' id='word_1_301' title='bbox 1251 2986 1355 3010; x_wconf 87' lang='lat' dir='ltr'>com-</span> 
     </span>
     <span class='ocr_line' id='line_1_49' title="bbox 317 3024 1355 3077; baseline -0.005 -12"><span class='ocrx_word' id='word_1_302' title='bbox 317 3027 420 3077; x_wconf 62' lang='lat' dir='ltr'>paen</span> <span class='ocrx_word' id='word_1_303' title='bbox 450 3037 534 3065; x_wconf 88' lang='lat' dir='ltr'>erat.</span> <span class='ocrx_word' id='word_1_304' title='bbox 579 3027 717 3063; x_wconf 80' lang='lat' dir='ltr'>Ennius</span> <span class='ocrx_word' id='word_1_305' title='bbox 745 3026 840 3074; x_wconf 88' lang='lat' dir='ltr'>apud</span> <span class='ocrx_word' id='word_1_306' title='bbox 868 3026 1088 3062; x_wconf 73' lang='lat' dir='ltr'>Pru‘cianum</span> <span class='ocrx_word' id='word_1_307' title='bbox 1123 3025 1167 3061; x_wconf 90' lang='lat' dir='ltr'>de</span> <span class='ocrx_word' id='word_1_308' title='bbox 1199 3024 1355 3061; x_wconf 74' lang='lat' dir='ltr'>vezfibus</span> 
     </span>
     <span class='ocr_line' id='line_1_50' title="bbox 318 3079 497 3116; baseline -0.011 0"><span class='ocrx_word' id='word_1_309' title='bbox 318 3079 497 3116; x_wconf 86' lang='lat' dir='ltr'>comicis:</span> 
     </span>
     <span class='ocr_line' id='line_1_51' title="bbox 371 3123 1079 3172; baseline -0.008 -7"><span class='ocrx_word' id='word_1_310' title='bbox 371 3129 514 3165; x_wconf 81' lang='lat' dir='ltr'>Utinam</span> <span class='ocrx_word' id='word_1_311' title='bbox 535 3141 574 3164; x_wconf 86' lang='lat' dir='ltr'>ne</span> <span class='ocrx_word' id='word_1_312' title='bbox 593 3127 630 3163; x_wconf 82' lang='lat' dir='ltr'>in</span> <span class='ocrx_word' id='word_1_313' title='bbox 653 3140 785 3163; x_wconf 80' lang='lat' dir='ltr'>nemore</span> <span class='ocrx_word' id='word_1_314' title='bbox 803 3124 893 3162; x_wconf 70' lang='lat' dir='ltr'>Pelio</span> <span class='ocrx_word' id='word_1_315' title='bbox 905 3123 1079 3172; x_wconf 66' lang='lat' dir='ltr'>fiecuribus</span> 
     </span>
     <span class='ocr_line' id='line_1_52' title="bbox 369 3174 1242 3227; baseline -0.006 -11"><span class='ocrx_word' id='word_1_316' title='bbox 369 3180 495 3227; x_wconf 74' lang='lat' dir='ltr'>Caesae</span> <span class='ocrx_word' id='word_1_317' title='bbox 511 3178 693 3227; x_wconf 72' lang='lat' dir='ltr'>cecidiffint</span> <span class='ocrx_word' id='word_1_318' title='bbox 711 3177 869 3224; x_wconf 72' lang='lat' dir='ltr'>abiegnae</span> <span class='ocrx_word' id='word_1_319' title='bbox 887 3176 934 3211; x_wconf 85' lang='lat' dir='ltr'>ad</span> <span class='ocrx_word' id='word_1_320' title='bbox 953 3186 1084 3211; x_wconf 82' lang='lat' dir='ltr'>terram</span> <span class='ocrx_word' id='word_1_321' title='bbox 1105 3174 1242 3216; x_wconf 76' lang='lat' dir='ltr'>trabes,-</span> 
     </span>
     <span class='ocr_line' id='line_1_53' title="bbox 371 3225 1114 3267; baseline -0.008 -1"><span class='ocrx_word' id='word_1_322' title='bbox 371 3237 470 3267; x_wconf 73' lang='lat' dir='ltr'>Neve</span> <span class='ocrx_word' id='word_1_323' title='bbox 487 3230 567 3266; x_wconf 76' lang='lat' dir='ltr'>inde</span> <span class='ocrx_word' id='word_1_324' title='bbox 584 3229 688 3265; x_wconf 81' lang='lat' dir='ltr'>navis</span> <span class='ocrx_word' id='word_1_325' title='bbox 709 3226 921 3264; x_wconf 54' lang='lat' dir='ltr'>inchoandae</span> <span class='ocrx_word' id='word_1_326' title='bbox 936 3225 1114 3262; x_wconf 84' lang='lat' dir='ltr'>exordium</span> 
     </span>
     <span class='ocr_line' id='line_1_54' title="bbox 371 3276 1134 3331; baseline -0.005 -13"><span class='ocrx_word' id='word_1_327' title='bbox 371 3281 506 3331; x_wconf 74' lang='lat' dir='ltr'>Cepiſjet</span> <span class='ocrx_word' id='word_1_328' title='bbox 519 3309 530 3327; x_wconf 91' lang='lat'>‚</span> <span class='ocrx_word' id='word_1_329' title='bbox 558 3293 643 3331; x_wconf 72' lang='lat' dir='ltr'>quae</span> <span class='ocrx_word' id='word_1_330' title='bbox 659 3292 752 3318; x_wconf 83' lang='lat' dir='ltr'>nunc</span> <span class='ocrx_word' id='word_1_331' title='bbox 772 3277 975 3317; x_wconf 79' lang='lat' dir='ltr'>nominatur</span> <span class='ocrx_word' id='word_1_332' title='bbox 995 3276 1134 3331; x_wconf 63' lang='lat' dir='ltr'>nomine</span> 
     </span>
    </p>
   </div>
   <div class='ocr_carea' id='block_1_11' title="bbox 2228 1303 2442 1359">
    <p class='ocr_par' dir='ltr' id='par_1_14' title="bbox 2228 1303 2442 1359">
     <span class='ocr_line' id='line_1_55' title="bbox 2228 1303 2442 1359; baseline 0 0"><span class='ocrx_word' id='word_1_333' title='bbox 2228 1303 2442 1359; x_wconf 80' lang='lat' dir='ltr'>Semina</span> 
     </span>
    </p>
   </div>
   <div class='ocr_carea' id='block_1_12' title="bbox 1398 1401 2477 3326">
    <p class='ocr_par' dir='ltr' id='par_1_15' title="bbox 1446 1401 2156 1451">
     <span class='ocr_line' id='line_1_56' title="bbox 1446 1401 2156 1451; baseline -0.001 -12"><span class='ocrx_word' id='word_1_334' title='bbox 1446 1406 1564 1450; x_wconf 87' lang='lat' dir='ltr'>Argo,</span> <span class='ocrx_word' id='word_1_335' title='bbox 1594 1416 1664 1451; x_wconf 87' lang='lat' dir='ltr'>qua</span> <span class='ocrx_word' id='word_1_336' title='bbox 1687 1402 1778 1439; x_wconf 67' lang='lat' dir='ltr'>veffli</span> <span class='ocrx_word' id='word_1_337' title='bbox 1799 1401 1930 1451; x_wconf 81' lang='lat' dir='ltr'>Argivi</span> <span class='ocrx_word' id='word_1_338' title='bbox 1946 1401 2064 1439; x_wconf 57' lang='lat' dir='ltr'>delecti</span> <span class='ocrx_word' id='word_1_339' title='bbox 2083 1401 2156 1438; x_wconf 86' lang='lat' dir='ltr'>viri</span> 
     </span>
    </p>

    <p class='ocr_par' dir='ltr' id='par_1_16' title="bbox 1446 1452 2278 1503">
     <span class='ocr_line' id='line_1_57' title="bbox 1446 1452 2278 1503; baseline 0.001 -14"><span class='ocrx_word' id='word_1_340' title='bbox 1446 1453 1614 1490; x_wconf 81' lang='lat' dir='ltr'>Petebant</span> <span class='ocrx_word' id='word_1_341' title='bbox 1636 1454 1738 1490; x_wconf 87' lang='lat' dir='ltr'>illam</span> <span class='ocrx_word' id='word_1_342' title='bbox 1748 1453 1874 1503; x_wconf 83' lang='lat' dir='ltr'>pellem</span> <span class='ocrx_word' id='word_1_343' title='bbox 1894 1454 2101 1490; x_wconf 81' lang='lat' dir='ltr'>inauratam</span> <span class='ocrx_word' id='word_1_344' title='bbox 2122 1452 2278 1499; x_wconf 82' lang='lat' dir='ltr'>Arietis,</span> 
     </span>
    </p>

    <p class='ocr_par' dir='ltr' id='par_1_17' title="bbox 1447 1504 2195 1554">
     <span class='ocr_line' id='line_1_58' title="bbox 1447 1504 2195 1554; baseline 0.001 -14"><span class='ocrx_word' id='word_1_345' title='bbox 1447 1504 1583 1541; x_wconf 81' lang='lat' dir='ltr'><em>Colchis</em></span> <span class='ocrx_word' id='word_1_346' title='bbox 1601 1505 1738 1554; x_wconf 84' lang='lat' dir='ltr'>imperio</span> <span class='ocrx_word' id='word_1_347' title='bbox 1758 1505 1841 1553; x_wconf 75' lang='lat' dir='ltr'>regis</span> <span class='ocrx_word' id='word_1_348' title='bbox 1861 1505 1974 1541; x_wconf 80' lang='lat' dir='ltr'>Peliae</span> <span class='ocrx_word' id='word_1_349' title='bbox 1985 1514 2045 1553; x_wconf 85' lang='lat' dir='ltr'>per</span> <span class='ocrx_word' id='word_1_350' title='bbox 2066 1504 2195 1541; x_wconf 82' lang='lat' dir='ltr'>dolum.</span> 
     </span>
    </p>

    <p class='ocr_par' dir='ltr' id='par_1_18' title="bbox 1446 1555 2443 1605">
     <span class='ocr_line' id='line_1_59' title="bbox 1446 1555 2443 1605; baseline 0.003 -13"><span class='ocrx_word' id='word_1_351' title='bbox 1446 1561 1546 1592; x_wconf 78' lang='lat' dir='ltr'>,Nam</span> <span class='ocrx_word' id='word_1_352' title='bbox 1577 1569 1775 1605; x_wconf 83' lang='lat' dir='ltr'>numquam</span> <span class='ocrx_word' id='word_1_353' title='bbox 1805 1556 1887 1591; x_wconf 84' lang='lat' dir='ltr'>hera</span> <span class='ocrx_word' id='word_1_354' title='bbox 1924 1569 2043 1591; x_wconf 85' lang='lat' dir='ltr'>errans</span> <span class='ocrx_word' id='word_1_355' title='bbox 2075 1568 2151 1592; x_wconf 88' lang='lat' dir='ltr'>mea</span> <span class='ocrx_word' id='word_1_356' title='bbox 2185 1555 2282 1591; x_wconf 87' lang='lat' dir='ltr'>domo</span> <span class='ocrx_word' id='word_1_357' title='bbox 2313 1555 2443 1604; x_wconf 64' lang='lat' dir='ltr'>efferret</span> 
     </span>
    </p>

    <p class='ocr_par' dir='ltr' id='par_1_19' title="bbox 1573 1607 1977 1654">
     <span class='ocr_line' id='line_1_60' title="bbox 1573 1607 1977 1654; baseline 0 -12"><span class='ocrx_word' id='word_1_358' title='bbox 1573 1607 1705 1654; x_wconf 80' lang='lat' dir='ltr'>pedem.</span> <span class='ocrx_word' id='word_1_359' title='bbox 1759 1607 1977 1642; x_wconf 62' lang='lat' dir='ltr'>Cxormus.</span> 
     </span>
    </p>

    <p class='ocr_par' dir='ltr' id='par_1_20' title="bbox 1398 1655 2450 2464">
     <span class='ocr_line' id='line_1_61' title="bbox 1448 1655 2445 1706; baseline 0.003 -14"><span class='ocrx_word' id='word_1_360' title='bbox 1448 1667 1484 1704; x_wconf 92' lang='lat'>9.</span> <span class='ocrx_word' id='word_1_361' title='bbox 1512 1661 1587 1691; x_wconf 87' lang='lat' dir='ltr'>Cur</span> <span class='ocrx_word' id='word_1_362' title='bbox 1616 1669 1775 1706; x_wconf 74' lang='lat' dir='ltr'>unquam</span> <span class='ocrx_word' id='word_1_363' title='bbox 1805 1655 1963 1704; x_wconf 57' lang='lat' dir='ltr'>Colchi]</span> <span class='ocrx_word' id='word_1_364' title='bbox 1994 1656 2088 1703; x_wconf 90' lang='lat' dir='ltr'>Quis</span> <span class='ocrx_word' id='word_1_365' title='bbox 2117 1668 2196 1693; x_wconf 91' lang='lat' dir='ltr'>non</span> <span class='ocrx_word' id='word_1_366' title='bbox 2225 1656 2348 1694; x_wconf 85' lang='lat' dir='ltr'>videat</span> <span class='ocrx_word' id='word_1_367' title='bbox 2367 1657 2445 1695; x_wconf 89' lang='lat' dir='ltr'>hoc</span> 
     </span>
     <span class='ocr_line' id='line_1_62' title="bbox 1398 1705 2448 1754; baseline 0.002 -10"><span class='ocrx_word' id='word_1_368' title='bbox 1398 1713 1524 1744; x_wconf 88' lang='lat' dir='ltr'>totum</span> <span class='ocrx_word' id='word_1_369' title='bbox 1543 1718 1588 1743; x_wconf 80' lang='lat' dir='ltr'>ex</span> <span class='ocrx_word' id='word_1_370' title='bbox 1608 1706 1789 1754; x_wconf 87' lang='lat' dir='ltr'>principio</span> <span class='ocrx_word' id='word_1_371' title='bbox 1810 1705 1969 1743; x_wconf 80' lang='lat' dir='ltr'>Medeae</span> <span class='ocrx_word' id='word_1_372' title='bbox 1996 1707 2186 1744; x_wconf 85' lang='lat' dir='ltr'>Ennianae</span> <span class='ocrx_word' id='word_1_373' title='bbox 2215 1707 2448 1746; x_wconf 67' lang='lat' dir='ltr'>dedu-stum?</span> 
     </span>
     <span class='ocr_line' id='line_1_63' title="bbox 1400 1756 2447 1805; baseline 0.002 -11"><span class='ocrx_word' id='word_1_374' title='bbox 1400 1757 1546 1794; x_wconf 84' lang='lat' dir='ltr'>Ancilla</span> <span class='ocrx_word' id='word_1_375' title='bbox 1565 1758 1666 1794; x_wconf 87' lang='lat' dir='ltr'>enim</span> <span class='ocrx_word' id='word_1_376' title='bbox 1695 1756 1852 1794; x_wconf 87' lang='lat' dir='ltr'>Medeae</span> <span class='ocrx_word' id='word_1_377' title='bbox 1872 1756 1968 1805; x_wconf 88' lang='lat' dir='ltr'>apud</span> <span class='ocrx_word' id='word_1_378' title='bbox 1989 1757 2202 1805; x_wconf 87' lang='lat' dir='ltr'>Euripidem</span> <span class='ocrx_word' id='word_1_379' title='bbox 2216 1786 2226 1802; x_wconf 92' lang='lat'>‚</span> <span class='ocrx_word' id='word_1_380' title='bbox 2255 1760 2293 1795; x_wconf 75' lang='lat'>8&lt;</span> <span class='ocrx_word' id='word_1_381' title='bbox 2313 1771 2357 1796; x_wconf 82' lang='lat' dir='ltr'>ex</span> <span class='ocrx_word' id='word_1_382' title='bbox 2374 1771 2447 1796; x_wconf 90' lang='lat' dir='ltr'>no-</span> 
     </span>
     <span class='ocr_line' id='line_1_64' title="bbox 1401 1807 2447 1854; baseline 0.002 -10"><span class='ocrx_word' id='word_1_383' title='bbox 1401 1807 1475 1845; x_wconf 87' lang='lat' dir='ltr'>stris</span> <span class='ocrx_word' id='word_1_384' title='bbox 1495 1808 1656 1844; x_wconf 88' lang='lat' dir='ltr'>Ennium</span> <span class='ocrx_word' id='word_1_385' title='bbox 1679 1807 1727 1844; x_wconf 88' lang='lat' dir='ltr'>fic</span> <span class='ocrx_word' id='word_1_386' title='bbox 1744 1808 1860 1845; x_wconf 85' lang='lat' dir='ltr'>ferme</span> <span class='ocrx_word' id='word_1_387' title='bbox 1881 1808 2015 1854; x_wconf 88' lang='lat' dir='ltr'>coepit.</span> <span class='ocrx_word' id='word_1_388' title='bbox 2037 1807 2156 1844; x_wconf 88' lang='lat' dir='ltr'>versus</span> <span class='ocrx_word' id='word_1_389' title='bbox 2175 1816 2299 1845; x_wconf 87' lang='lat' dir='ltr'>autern</span> <span class='ocrx_word' id='word_1_390' title='bbox 2318 1810 2447 1846; x_wconf 87' lang='lat' dir='ltr'>notio-</span> 
     </span>
     <span class='ocr_line' id='line_1_65' title="bbox 1401 1857 2447 1906; baseline 0.002 -11"><span class='ocrx_word' id='word_1_391' title='bbox 1401 1870 1457 1895; x_wconf 91' lang='lat' dir='ltr'>res</span> <span class='ocrx_word' id='word_1_392' title='bbox 1478 1858 1581 1901; x_wconf 90' lang='lat' dir='ltr'>sunt‚</span> <span class='ocrx_word' id='word_1_393' title='bbox 1609 1870 1719 1906; x_wconf 85' lang='lat' dir='ltr'>quam</span> <span class='ocrx_word' id='word_1_394' title='bbox 1742 1867 1781 1895; x_wconf 89' lang='lat' dir='ltr'>ut</span> <span class='ocrx_word' id='word_1_395' title='bbox 1808 1870 1827 1894; x_wconf 88' lang='lat' dir='ltr'>a</span> <span class='ocrx_word' id='word_1_396' title='bbox 1847 1869 1907 1894; x_wconf 89' lang='lat' dir='ltr'>me</span> <span class='ocrx_word' id='word_1_397' title='bbox 1937 1857 2005 1894; x_wconf 85' lang='lat' dir='ltr'>sint</span> <span class='ocrx_word' id='word_1_398' title='bbox 2032 1857 2119 1894; x_wconf 88' lang='lat' dir='ltr'>huic</span> <span class='ocrx_word' id='word_1_399' title='bbox 2137 1858 2223 1895; x_wconf 89' lang='grc'>1060</span> <span class='ocrx_word' id='word_1_400' title='bbox 2251 1858 2447 1897; x_wconf 86' lang='lat' dir='ltr'>inserendi.</span> 
     </span>
     <span class='ocr_line' id='line_1_66' title="bbox 1402 1907 2445 1956; baseline 0.002 -10"><span class='ocrx_word' id='word_1_401' title='bbox 1402 1908 1529 1946; x_wconf 86' lang='lat' dir='ltr'>odiosa</span> <span class='ocrx_word' id='word_1_402' title='bbox 1566 1909 1665 1944; x_wconf 87' lang='lat' dir='ltr'>enim</span> <span class='ocrx_word' id='word_1_403' title='bbox 1704 1908 1826 1944; x_wconf 89' lang='lat' dir='ltr'>omnis</span> <span class='ocrx_word' id='word_1_404' title='bbox 1861 1907 2055 1944; x_wconf 85' lang='lat' dir='ltr'>ostentatio</span> <span class='ocrx_word' id='word_1_405' title='bbox 2081 1935 2091 1951; x_wconf 93' lang='lat'><strong><em>‚</em></strong></span> <span class='ocrx_word' id='word_1_406' title='bbox 2134 1908 2341 1956; x_wconf 82' lang='lat' dir='ltr'>praesertim</span> <span class='ocrx_word' id='word_1_407' title='bbox 2381 1910 2445 1948; x_wconf 91' lang='lat' dir='ltr'>ubi</span> 
     </span>
     <span class='ocr_line' id='line_1_67' title="bbox 1403 1957 2447 2007; baseline 0.004 -12"><span class='ocrx_word' id='word_1_408' title='bbox 1403 1957 1621 2007; x_wconf 84' lang='lat' dir='ltr'>magnitudo</span> <span class='ocrx_word' id='word_1_409' title='bbox 1641 1958 1692 1994; x_wconf 90' lang='lat' dir='ltr'>rei</span> <span class='ocrx_word' id='word_1_410' title='bbox 1714 1969 1792 1994; x_wconf 91' lang='lat' dir='ltr'>non</span> <span class='ocrx_word' id='word_1_411' title='bbox 1821 1957 1977 1995; x_wconf 75' lang='lat' dir='ltr'>excusat.</span> <span class='ocrx_word' id='word_1_412' title='bbox 2005 1959 2229 1996; x_wconf 70' lang='lat' dir='ltr'>EGNA‘rms.</span> <span class='ocrx_word' id='word_1_413' title='bbox 2257 1961 2340 1998; x_wconf 88' lang='lat' dir='ltr'>Hos</span> <span class='ocrx_word' id='word_1_414' title='bbox 2361 1972 2447 1999; x_wconf 87' lang='lat' dir='ltr'>ver-</span> 
     </span>
     <span class='ocr_line' id='line_1_68' title="bbox 1402 2007 2445 2056; baseline 0.003 -10"><span class='ocrx_word' id='word_1_415' title='bbox 1402 2010 1456 2046; x_wconf 87' lang='lat' dir='ltr'>sus</span> <span class='ocrx_word' id='word_1_416' title='bbox 1490 2007 1675 2056; x_wconf 84' lang='lat' dir='ltr'>Euripidis</span> <span class='ocrx_word' id='word_1_417' title='bbox 1710 2009 1748 2046; x_wconf 72' lang='grc'>8(</span> <span class='ocrx_word' id='word_1_418' title='bbox 1788 2008 1899 2045; x_wconf 86' lang='grc' dir='ltr'>Ε111111</span> <span class='ocrx_word' id='word_1_419' title='bbox 1932 2017 2009 2045; x_wconf 87' lang='lat' dir='ltr'>tam</span> <span class='ocrx_word' id='word_1_420' title='bbox 2048 2010 2241 2047; x_wconf 86' lang='lat' dir='ltr'>familiares</span> <span class='ocrx_word' id='word_1_421' title='bbox 2271 2012 2445 2050; x_wconf 86' lang='lat' dir='ltr'>omnibus</span> 
     </span>
     <span class='ocr_line' id='line_1_69' title="bbox 1400 2057 2447 2108; baseline 0.005 -12"><span class='ocrx_word' id='word_1_422' title='bbox 1400 2057 1504 2096; x_wconf 82' lang='lat' dir='ltr'>fuisse</span> <span class='ocrx_word' id='word_1_423' title='bbox 1522 2059 1674 2096; x_wconf 80' lang='lat' dir='ltr'>arbitror</span> <span class='ocrx_word' id='word_1_424' title='bbox 1687 2087 1697 2102; x_wconf 92' lang='lat'>,</span> <span class='ocrx_word' id='word_1_425' title='bbox 1725 2067 1765 2095; x_wconf 90' lang='lat' dir='ltr'>ut</span> <span class='ocrx_word' id='word_1_426' title='bbox 1782 2058 1965 2096; x_wconf 83' lang='lat' dir='ltr'>Phaedrus</span> <span class='ocrx_word' id='word_1_427' title='bbox 1989 2058 2074 2095; x_wconf 87' lang='lat' dir='ltr'>inde</span> <span class='ocrx_word' id='word_1_428' title='bbox 2093 2061 2292 2108; x_wconf 87' lang='lat' dir='ltr'>captaverit</span> <span class='ocrx_word' id='word_1_429' title='bbox 2311 2062 2371 2098; x_wconf 89' lang='lat' dir='ltr'>lib.</span> <span class='ocrx_word' id='word_1_430' title='bbox 2390 2074 2447 2102; x_wconf 74' lang='grc' dir='ltr'>Ν.</span> 
     </span>
     <span class='ocr_line' id='line_1_70' title="bbox 1403 2109 2446 2161; baseline 0.003 -14"><span class='ocrx_word' id='word_1_431' title='bbox 1403 2110 1487 2147; x_wconf 86' lang='lat' dir='ltr'>Fab.</span> <span class='ocrx_word' id='word_1_432' title='bbox 1508 2109 1541 2146; x_wconf 92' lang='lat'>6.</span> <span class='ocrx_word' id='word_1_433' title='bbox 1562 2109 1796 2146; x_wconf 86' lang='lat' dir='ltr'>occafionem</span> <span class='ocrx_word' id='word_1_434' title='bbox 1824 2109 2083 2158; x_wconf 81' lang='lat' dir='ltr'>perstringendi</span> <span class='ocrx_word' id='word_1_435' title='bbox 2105 2110 2272 2148; x_wconf 86' lang='lat' dir='ltr'>nasutum</span> <span class='ocrx_word' id='word_1_436' title='bbox 2292 2140 2302 2155; x_wconf 92' lang='lat'>‚</span> <span class='ocrx_word' id='word_1_437' title='bbox 2330 2124 2446 2161; x_wconf 89' lang='lat' dir='ltr'>quem</span> 
     </span>
     <span class='ocr_line' id='line_1_71' title="bbox 1401 2160 2448 2208; baseline 0.002 -10"><span class='ocrx_word' id='word_1_438' title='bbox 1401 2173 1472 2198; x_wconf 90' lang='lat' dir='ltr'>nec</span> <span class='ocrx_word' id='word_1_439' title='bbox 1491 2160 1641 2197; x_wconf 86' lang='lat' dir='ltr'>fabellae</span> <span class='ocrx_word' id='word_1_440' title='bbox 1662 2172 1731 2197; x_wconf 87' lang='lat' dir='ltr'>nec</span> <span class='ocrx_word' id='word_1_441' title='bbox 1745 2160 1885 2196; x_wconf 88' lang='lat' dir='ltr'>fabulae</span> <span class='ocrx_word' id='word_1_442' title='bbox 1897 2161 2096 2208; x_wconf 85' lang='lat' dir='ltr'>juvabant,</span> <span class='ocrx_word' id='word_1_443' title='bbox 2111 2162 2149 2197; x_wconf 72' lang='grc' dir='ltr'>ὃ(</span> <span class='ocrx_word' id='word_1_444' title='bbox 2170 2162 2242 2198; x_wconf 81' lang='grc'>1106</span> <span class='ocrx_word' id='word_1_445' title='bbox 2259 2172 2300 2199; x_wconf 88' lang='lat' dir='ltr'>ut</span> <span class='ocrx_word' id='word_1_446' title='bbox 2319 2174 2448 2200; x_wconf 86' lang='lat' dir='ltr'>exem·</span> 
     </span>
     <span class='ocr_line' id='line_1_72' title="bbox 1403 2211 2447 2261; baseline 0.004 -13"><span class='ocrx_word' id='word_1_447' title='bbox 1403 2212 1507 2260; x_wconf 88' lang='lat' dir='ltr'>plum</span> <span class='ocrx_word' id='word_1_448' title='bbox 1528 2212 1650 2248; x_wconf 88' lang='lat' dir='ltr'>omnis</span> <span class='ocrx_word' id='word_1_449' title='bbox 1680 2212 1756 2248; x_wconf 88' lang='lat' dir='ltr'>fere</span> <span class='ocrx_word' id='word_1_450' title='bbox 1779 2211 1945 2248; x_wconf 81' lang='lat' dir='ltr'>fabularis</span> <span class='ocrx_word' id='word_1_451' title='bbox 1972 2211 2161 2253; x_wconf 81' lang='lat' dir='ltr'>historiae,</span> <span class='ocrx_word' id='word_1_452' title='bbox 2190 2224 2302 2261; x_wconf 81' lang='lat' dir='ltr'>quain</span> <span class='ocrx_word' id='word_1_453' title='bbox 2325 2214 2363 2250; x_wconf 91' lang='lat' dir='ltr'>in</span> <span class='ocrx_word' id='word_1_454' title='bbox 2382 2226 2447 2252; x_wconf 88' lang='lat' dir='ltr'>co-</span> 
     </span>
     <span class='ocr_line' id='line_1_73' title="bbox 1402 2261 2448 2310; baseline 0.004 -11"><span class='ocrx_word' id='word_1_455' title='bbox 1402 2262 1542 2300; x_wconf 87' lang='lat' dir='ltr'>thurnis</span> <span class='ocrx_word' id='word_1_456' title='bbox 1571 2261 1678 2299; x_wconf 80' lang='lat' dir='ltr'>novis</span> <span class='ocrx_word' id='word_1_457' title='bbox 1706 2261 1913 2310; x_wconf 87' lang='lat' dir='ltr'>proditurus</span> <span class='ocrx_word' id='word_1_458' title='bbox 1945 2261 2109 2310; x_wconf 79' lang='lat' dir='ltr'>Aesopus</span> <span class='ocrx_word' id='word_1_459' title='bbox 2135 2261 2221 2301; x_wconf 70' lang='lat' dir='ltr'>effer</span> <span class='ocrx_word' id='word_1_460' title='bbox 2242 2264 2448 2303; x_wconf 85' lang='lat' dir='ltr'>elaboratu-</span> 
     </span>
     <span class='ocr_line' id='line_1_74' title="bbox 1404 2313 2450 2361; baseline 0.002 -10"><span class='ocrx_word' id='word_1_461' title='bbox 1404 2325 1461 2351; x_wconf 88' lang='lat' dir='ltr'>rus</span> <span class='ocrx_word' id='word_1_462' title='bbox 1476 2313 1668 2361; x_wconf 83' lang='lat' dir='ltr'>,proferat.</span> <span class='ocrx_word' id='word_1_463' title='bbox 1696 2313 1811 2350; x_wconf 85' lang='lat' dir='ltr'>multa</span> <span class='ocrx_word' id='word_1_464' title='bbox 1830 2324 1920 2349; x_wconf 82' lang='lat' dir='ltr'>vero</span> <span class='ocrx_word' id='word_1_465' title='bbox 1944 2313 1979 2349; x_wconf 88' lang='lat' dir='ltr'>in</span> <span class='ocrx_word' id='word_1_466' title='bbox 2006 2313 2073 2349; x_wconf 87' lang='lat' dir='ltr'>hac</span> <span class='ocrx_word' id='word_1_467' title='bbox 2093 2313 2252 2361; x_wconf 87' lang='lat' dir='ltr'>Epistola</span> <span class='ocrx_word' id='word_1_468' title='bbox 2273 2326 2318 2352; x_wconf 88' lang='lat' dir='ltr'>ex</span> <span class='ocrx_word' id='word_1_469' title='bbox 2343 2317 2450 2353; x_wconf 78' lang='lat' dir='ltr'>Euri-</span> 
     </span>
     <span class='ocr_line' id='line_1_75' title="bbox 1406 2363 2449 2413; baseline 0.004 -12"><span class='ocrx_word' id='word_1_470' title='bbox 1406 2364 1497 2413; x_wconf 83' lang='lat' dir='ltr'>pidis</span> <span class='ocrx_word' id='word_1_471' title='bbox 1520 2363 1657 2401; x_wconf 82' lang='lat' dir='ltr'>Medea</span> <span class='ocrx_word' id='word_1_472' title='bbox 1674 2363 1754 2401; x_wconf 87' lang='lat' dir='ltr'>sunt</span> <span class='ocrx_word' id='word_1_473' title='bbox 1771 2364 1911 2407; x_wconf 81' lang='lat' dir='ltr'>sumta,</span> <span class='ocrx_word' id='word_1_474' title='bbox 1940 2363 2147 2412; x_wconf 87' lang='lat' dir='ltr'>praesertim</span> <span class='ocrx_word' id='word_1_475' title='bbox 2167 2377 2212 2401; x_wconf 88' lang='lat' dir='ltr'>ex</span> <span class='ocrx_word' id='word_1_476' title='bbox 2240 2365 2296 2402; x_wconf 87' lang='lat' dir='ltr'>illa</span> <span class='ocrx_word' id='word_1_477' title='bbox 2320 2367 2449 2405; x_wconf 82' lang='lat' dir='ltr'>acerba</span> 
     </span>
     <span class='ocr_line' id='line_1_76' title="bbox 1407 2414 2332 2464; baseline -0.001 -11"><span class='ocrx_word' id='word_1_478' title='bbox 1407 2416 1658 2464; x_wconf 82' lang='lat' dir='ltr'>increpatione</span> <span class='ocrx_word' id='word_1_479' title='bbox 1678 2426 1769 2452; x_wconf 83' lang='lat' dir='ltr'>vers.</span> <span class='ocrx_word' id='word_1_480' title='bbox 1791 2415 1875 2462; x_wconf 77' lang='lat'>465.</span> <span class='ocrx_word' id='word_1_481' title='bbox 1898 2415 1935 2451; x_wconf 66' lang='grc' dir='ltr'>ἃ</span> <span class='ocrx_word' id='word_1_482' title='bbox 1954 2414 2052 2463; x_wconf 86' lang='lat' dir='ltr'>seqq.</span> <span class='ocrx_word' id='word_1_483' title='bbox 2073 2414 2332 2453; x_wconf 56' lang='lat' dir='ltr'>Rumam-us.</span> 
     </span>
    </p>

    <p class='ocr_par' dir='ltr' id='par_1_21' title="bbox 1405 2464 2449 2616">
     <span class='ocr_line' id='line_1_77' title="bbox 1460 2464 2449 2517; baseline 0.004 -15"><span class='ocrx_word' id='word_1_484' title='bbox 1460 2477 1514 2513; x_wconf 80' lang='lat'>13.</span> <span class='ocrx_word' id='word_1_485' title='bbox 1542 2469 1599 2501; x_wconf 89' lang='lat' dir='ltr'>At</span> <span class='ocrx_word' id='word_1_486' title='bbox 1620 2464 1736 2513; x_wconf 79' lang='lat' dir='ltr'>semel.</span> <span class='ocrx_word' id='word_1_487' title='bbox 1760 2466 1769 2503; x_wconf 71' lang='lat' dir='ltr'>l</span> <span class='ocrx_word' id='word_1_488' title='bbox 1802 2466 1843 2503; x_wconf 89' lang='lat' dir='ltr'>In</span> <span class='ocrx_word' id='word_1_489' title='bbox 1871 2465 2084 2514; x_wconf 82' lang='lat' dir='ltr'>quibusdam</span> <span class='ocrx_word' id='word_1_490' title='bbox 2115 2477 2179 2502; x_wconf 90' lang='lat' dir='ltr'>aut</span> <span class='ocrx_word' id='word_1_491' title='bbox 2198 2467 2325 2515; x_wconf 67' lang='lat' dir='ltr'>fimet,</span> <span class='ocrx_word' id='word_1_492' title='bbox 2353 2480 2449 2517; x_wconf 85' lang='lat' dir='ltr'>quae</span> 
     </span>
     <span class='ocr_line' id='line_1_78' title="bbox 1405 2515 2448 2566; baseline 0.002 -12"><span class='ocrx_word' id='word_1_493' title='bbox 1405 2516 1517 2554; x_wconf 61' lang='lat' dir='ltr'>lectio</span> <span class='ocrx_word' id='word_1_494' title='bbox 1538 2515 1682 2554; x_wconf 77' lang='lat' dir='ltr'>fortaffe</span> <span class='ocrx_word' id='word_1_495' title='bbox 1698 2516 1843 2554; x_wconf 41' lang='lat' dir='ltr'>rectior.</span> <span class='ocrx_word' id='word_1_496' title='bbox 1864 2518 2121 2554; x_wconf 71' lang='lat' dir='ltr'>NAUGERUJS.</span> <span class='ocrx_word' id='word_1_497' title='bbox 2148 2518 2353 2556; x_wconf 83' lang='lat' dir='ltr'>Puteaneus</span> <span class='ocrx_word' id='word_1_498' title='bbox 2369 2529 2448 2566; x_wconf 74' lang='lat' dir='ltr'>aut,</span> 
     </span>
     <span class='ocr_line' id='line_1_79' title="bbox 1407 2568 2101 2616; baseline -0.001 -12"><span class='ocrx_word' id='word_1_499' title='bbox 1407 2576 1449 2605; x_wconf 91' lang='lat' dir='ltr'>ut</span> <span class='ocrx_word' id='word_1_500' title='bbox 1468 2568 1505 2604; x_wconf 71' lang='grc' dir='ltr'>ὅ(</span> <span class='ocrx_word' id='word_1_501' title='bbox 1526 2568 1644 2616; x_wconf 88' lang='lat' dir='ltr'>plures</span> <span class='ocrx_word' id='word_1_502' title='bbox 1664 2580 1708 2604; x_wconf 86' lang='lat' dir='ltr'>ex</span> <span class='ocrx_word' id='word_1_503' title='bbox 1725 2568 1863 2605; x_wconf 87' lang='lat' dir='ltr'>nostris.</span> <span class='ocrx_word' id='word_1_504' title='bbox 1893 2569 2101 2604; x_wconf 65' lang='lat' dir='ltr'>Hfiinsius.</span> 
     </span>
    </p>

    <p class='ocr_par' dir='ltr' id='par_1_22' title="bbox 1410 2617 2453 2707">
     <span class='ocr_line' id='line_1_80' title="bbox 1464 2617 2453 2668; baseline 0.002 -12"><span class='ocrx_word' id='word_1_505' title='bbox 1464 2630 1521 2666; x_wconf 82' lang='lat'>13.</span> <span class='ocrx_word' id='word_1_506' title='bbox 1550 2625 1655 2654; x_wconf 82' lang='lat' dir='ltr'>Nova</span> <span class='ocrx_word' id='word_1_507' title='bbox 1667 2618 1820 2668; x_wconf 83' lang='lat' dir='ltr'>puppis.]</span> <span class='ocrx_word' id='word_1_508' title='bbox 1850 2617 1923 2654; x_wconf 90' lang='lat' dir='ltr'>Vel</span> <span class='ocrx_word' id='word_1_509' title='bbox 1943 2630 2068 2655; x_wconf 85' lang='lat' dir='ltr'>revera</span> <span class='ocrx_word' id='word_1_510' title='bbox 2096 2630 2218 2663; x_wconf 89' lang='lat' dir='ltr'>nova,</span> <span class='ocrx_word' id='word_1_511' title='bbox 2245 2619 2304 2656; x_wconf 88' lang='lat' dir='ltr'>vel</span> <span class='ocrx_word' id='word_1_512' title='bbox 2329 2620 2453 2667; x_wconf 53' lang='lat' dir='ltr'>admi«,</span> 
     </span>
     <span class='ocr_line' id='line_1_81' title="bbox 1410 2669 1778 2707; baseline -0.005 0"><span class='ocrx_word' id='word_1_513' title='bbox 1410 2670 1531 2707; x_wconf 79' lang='lat' dir='ltr'>randa.</span> <span class='ocrx_word' id='word_1_514' title='bbox 1560 2669 1778 2706; x_wconf 78' lang='lat' dir='ltr'><strong>CIOFANUS.</strong></span> 
     </span>
    </p>

    <p class='ocr_par' dir='ltr' id='par_1_23' title="bbox 1409 2718 2477 3020">
     <span class='ocr_line' id='line_1_82' title="bbox 1466 2718 2450 2769; baseline 0.003 -12"><span class='ocrx_word' id='word_1_515' title='bbox 1466 2733 1519 2766; x_wconf 79' lang='lat'>14.</span> <span class='ocrx_word' id='word_1_516' title='bbox 1547 2719 1739 2769; x_wconf 44' lang='lat' dir='ltr'>Audaces}</span> <span class='ocrx_word' id='word_1_517' title='bbox 1762 2721 1980 2768; x_wconf 88' lang='lat' dir='ltr'>Perpetuum</span> <span class='ocrx_word' id='word_1_518' title='bbox 2003 2720 2077 2756; x_wconf 91' lang='lat' dir='ltr'>hoc</span> <span class='ocrx_word' id='word_1_519' title='bbox 2095 2719 2211 2756; x_wconf 82' lang='lat' dir='ltr'>nautis</span> <span class='ocrx_word' id='word_1_520' title='bbox 2231 2718 2450 2768; x_wconf 86' lang='lat' dir='ltr'>Epitheton,</span> 
     </span>
     <span class='ocr_line' id='line_1_83' title="bbox 1409 2770 2450 2819; baseline 0.002 -10"><span class='ocrx_word' id='word_1_521' title='bbox 1409 2779 1451 2810; x_wconf 88' lang='lat' dir='ltr'>ut</span> <span class='ocrx_word' id='word_1_522' title='bbox 1471 2771 1653 2819; x_wconf 79' lang='lat' dir='ltr'>eleganter</span> <span class='ocrx_word' id='word_1_523' title='bbox 1675 2770 1831 2808; x_wconf 83' lang='lat' dir='ltr'>ostendit</span> <span class='ocrx_word' id='word_1_524' title='bbox 1851 2770 2071 2806; x_wconf 80' lang='lat' dir='ltr'>Torrentius</span> <span class='ocrx_word' id='word_1_525' title='bbox 2090 2770 2134 2807; x_wconf 88' lang='lat' dir='ltr'>ad</span> <span class='ocrx_word' id='word_1_526' title='bbox 2159 2770 2290 2807; x_wconf 81' lang='lat' dir='ltr'>Horat.</span> <span class='ocrx_word' id='word_1_527' title='bbox 2318 2785 2348 2809; x_wconf 91' lang='lat'>1.</span> <span class='ocrx_word' id='word_1_528' title='bbox 2372 2773 2450 2811; x_wconf 88' lang='lat' dir='ltr'>Od.</span> 
     </span>
     <span class='ocr_line' id='line_1_84' title="bbox 1415 2822 2452 2869; baseline 0.002 -10"><span class='ocrx_word' id='word_1_529' title='bbox 1415 2834 1445 2860; x_wconf 93' lang='lat'>1.</span> <span class='ocrx_word' id='word_1_530' title='bbox 1479 2835 1531 2867; x_wconf 73' lang='lat'>14.</span> <span class='ocrx_word' id='word_1_531' title='bbox 1559 2822 1619 2858; x_wconf 82' lang='lat' dir='ltr'>sed</span> <span class='ocrx_word' id='word_1_532' title='bbox 1647 2822 1839 2869; x_wconf 85' lang='lat' dir='ltr'>praecipue</span> <span class='ocrx_word' id='word_1_533' title='bbox 1869 2822 2089 2868; x_wconf 79' lang='lat' dir='ltr'>Argonautis</span> <span class='ocrx_word' id='word_1_534' title='bbox 2110 2848 2119 2863; x_wconf 91' lang='lat'><strong>‚</strong></span> <span class='ocrx_word' id='word_1_535' title='bbox 2156 2822 2218 2869; x_wconf 88' lang='lat' dir='ltr'>qui</span> <span class='ocrx_word' id='word_1_536' title='bbox 2250 2823 2452 2869; x_wconf 82' lang='lat' dir='ltr'>primi-fin-</span> 
     </span>
     <span class='ocr_line' id='line_1_85' title="bbox 1409 2869 2450 2923; baseline 0.002 -13"><span class='ocrx_word' id='word_1_537' title='bbox 1409 2881 1544 2923; x_wconf 84' lang='lat' dir='ltr'>guntur</span> <span class='ocrx_word' id='word_1_538' title='bbox 1561 2884 1720 2921; x_wconf 87' lang='lat' dir='ltr'>aequora</span> <span class='ocrx_word' id='word_1_539' title='bbox 1739 2869 1888 2909; x_wconf 81' lang='lat' dir='ltr'>tentasse</span> <span class='ocrx_word' id='word_1_540' title='bbox 1902 2900 1910 2912; x_wconf 89' lang='lat'>,</span> <span class='ocrx_word' id='word_1_541' title='bbox 1939 2879 2077 2919; x_wconf 84' lang='lat' dir='ltr'>aptum.</span> <span class='ocrx_word' id='word_1_542' title='bbox 2106 2872 2153 2908; x_wconf 88' lang='lat' dir='ltr'>ita</span> <span class='ocrx_word' id='word_1_543' title='bbox 2178 2872 2327 2909; x_wconf 85' lang='lat' dir='ltr'>l&#39;haedr.</span> <span class='ocrx_word' id='word_1_544' title='bbox 2347 2873 2450 2912; x_wconf 66' lang='lat' dir='ltr'>dicto</span> 
     </span>
     <span class='ocr_line' id='line_1_86' title="bbox 1409 2921 2477 2970; baseline 0.002 -8"><span class='ocrx_word' id='word_1_545' title='bbox 1409 2926 1496 2962; x_wconf 86' lang='lat' dir='ltr'>loco</span> <span class='ocrx_word' id='word_1_546' title='bbox 1510 2923 1577 2967; x_wconf 79' lang='lat' dir='ltr'>‚ad</span> <span class='ocrx_word' id='word_1_547' title='bbox 1594 2923 1760 2959; x_wconf 77' lang='lat' dir='ltr'>audacem</span> <span class='ocrx_word' id='word_1_548' title='bbox 1779 2921 1899 2958; x_wconf 81' lang='lat' dir='ltr'>mortis</span> <span class='ocrx_word' id='word_1_549' title='bbox 1912 2921 2067 2970; x_wconf 68' lang='lat' dir='ltr'>proseffize</span> <span class='ocrx_word' id='word_1_550' title='bbox 2086 2922 2186 2958; x_wconf 86' lang='lat' dir='ltr'>viam</span> <span class='ocrx_word' id='word_1_551' title='bbox 2198 2950 2210 2968; x_wconf 88' lang='lat'>,</span> <span class='ocrx_word' id='word_1_552' title='bbox 2237 2924 2449 2966; x_wconf 75' lang='lat' dir='ltr'>fabricatam</span> <span class='ocrx_word' id='word_1_553' title='bbox 2473 2926 2477 2930; x_wconf 54' lang='lat'><strong>⁴</strong></span> 
     </span>
     <span class='ocr_line' id='line_1_87' title="bbox 1411 2972 2055 3020; baseline -0.006 -7"><span class='ocrx_word' id='word_1_554' title='bbox 1411 2984 1527 3013; x_wconf 87' lang='lat' dir='ltr'>ratem</span> <span class='ocrx_word' id='word_1_555' title='bbox 1547 2974 1645 3011; x_wconf 84' lang='lat' dir='ltr'>dicit.</span> <span class='ocrx_word' id='word_1_556' title='bbox 1667 2974 1794 3009; x_wconf 73' lang='lat' dir='ltr'>senec.</span> <span class='ocrx_word' id='word_1_557' title='bbox 1816 2972 1951 3008; x_wconf 81' lang='lat' dir='ltr'>Medea</span> <span class='ocrx_word' id='word_1_558' title='bbox 1975 2983 2055 3020; x_wconf 81' lang='lat'>301.</span> 
     </span>
    </p>

    <p class='ocr_par' dir='ltr' id='par_1_24' title="bbox 1462 3022 2130 3071">
     <span class='ocr_line' id='line_1_88' title="bbox 1462 3022 2130 3071; baseline -0.003 -9"><span class='ocrx_word' id='word_1_559' title='bbox 1462 3025 1600 3062; x_wconf 87' lang='lat' dir='ltr'>Audax</span> <span class='ocrx_word' id='word_1_560' title='bbox 1621 3023 1771 3059; x_wconf 76' lang='lat' dir='ltr'>nimium</span> <span class='ocrx_word' id='word_1_561' title='bbox 1787 3051 1796 3066; x_wconf 95' lang='lat'>,</span> <span class='ocrx_word' id='word_1_562' title='bbox 1817 3022 1876 3071; x_wconf 77' lang='lat' dir='ltr'>qui</span> <span class='ocrx_word' id='word_1_563' title='bbox 1894 3024 1982 3063; x_wconf 63' lang='lat' dir='ltr'>freta</span> <span class='ocrx_word' id='word_1_564' title='bbox 1995 3023 2130 3071; x_wconf 83' lang='lat' dir='ltr'>primus</span> 
     </span>
    </p>

    <p class='ocr_par' dir='ltr' id='par_1_25' title="bbox 1463 3073 2054 3121">
     <span class='ocr_line' id='line_1_89' title="bbox 1463 3073 2054 3121; baseline 0 -11"><span class='ocrx_word' id='word_1_565' title='bbox 1463 3081 1551 3111; x_wconf 85' lang='lat' dir='ltr'>Rate</span> <span class='ocrx_word' id='word_1_566' title='bbox 1569 3085 1644 3110; x_wconf 88' lang='lat' dir='ltr'>tam</span> <span class='ocrx_word' id='word_1_567' title='bbox 1657 3073 1782 3120; x_wconf 76' lang='lat' dir='ltr'>fragili</span> <span class='ocrx_word' id='word_1_568' title='bbox 1799 3073 1929 3121; x_wconf 69' lang='lat' dir='ltr'>perfida</span> <span class='ocrx_word' id='word_1_569' title='bbox 1951 3074 2054 3121; x_wconf 79' lang='lat' dir='ltr'>rupit.</span> 
     </span>
    </p>

    <p class='ocr_par' dir='ltr' id='par_1_26' title="bbox 1410 3122 2451 3326">
     <span class='ocr_line' id='line_1_90' title="bbox 1413 3122 2449 3175; baseline 0.004 -13"><span class='ocrx_word' id='word_1_570' title='bbox 1413 3125 1461 3162; x_wconf 86' lang='lat' dir='ltr'>Et</span> <span class='ocrx_word' id='word_1_571' title='bbox 1489 3135 1579 3161; x_wconf 89' lang='lat' dir='ltr'>vers.</span> <span class='ocrx_word' id='word_1_572' title='bbox 1615 3135 1695 3172; x_wconf 64' lang='lat'>340.</span> <span class='ocrx_word' id='word_1_573' title='bbox 1722 3122 1912 3172; x_wconf 74' lang='lat' dir='ltr'>improbam</span> <span class='ocrx_word' id='word_1_574' title='bbox 1945 3134 2053 3162; x_wconf 89' lang='lat' dir='ltr'>vocat</span> <span class='ocrx_word' id='word_1_575' title='bbox 2084 3125 2187 3175; x_wconf 83' lang='lat' dir='ltr'>Argo</span> <span class='ocrx_word' id='word_1_576' title='bbox 2208 3155 2218 3170; x_wconf 93' lang='lat'>‚</span> <span class='ocrx_word' id='word_1_577' title='bbox 2256 3135 2295 3164; x_wconf 83' lang='lat' dir='ltr'>ut</span> <span class='ocrx_word' id='word_1_578' title='bbox 2321 3127 2449 3167; x_wconf 83' lang='lat' dir='ltr'>Florus</span> 
     </span>
     <span class='ocr_line' id='line_1_91' title="bbox 1410 3175 2451 3229; baseline 0.004 -17"><span class='ocrx_word' id='word_1_579' title='bbox 1410 3175 1472 3213; x_wconf 90' lang='lat' dir='ltr'>lib.</span> <span class='ocrx_word' id='word_1_580' title='bbox 1490 3187 1583 3229; x_wconf 57' lang='lat' dir='ltr'>,HL</span> <span class='ocrx_word' id='word_1_581' title='bbox 1611 3185 1687 3221; x_wconf 90' lang='lat' dir='ltr'>cap.</span> <span class='ocrx_word' id='word_1_582' title='bbox 1718 3176 1771 3210; x_wconf 82' lang='lat'>16.</span> <span class='ocrx_word' id='word_1_583' title='bbox 1795 3175 1903 3211; x_wconf 84' lang='lat' dir='ltr'>ctiam</span> <span class='ocrx_word' id='word_1_584' title='bbox 1925 3175 2076 3213; x_wconf 82' lang='lat' dir='ltr'>Po&#39;e&#39;tica</span> <span class='ocrx_word' id='word_1_585' title='bbox 2095 3177 2269 3226; x_wconf 78' lang='lat' dir='ltr'>elegantia</span> <span class='ocrx_word' id='word_1_586' title='bbox 2292 3177 2451 3217; x_wconf 81' lang='lat' dir='ltr'>Caesaris</span> 
     </span>
     <span class='ocr_line' id='line_1_92' title="bbox 1410 3225 2451 3273; baseline 0.003 -10"><span class='ocrx_word' id='word_1_587' title='bbox 1410 3225 1553 3263; x_wconf 81' lang='lat' dir='ltr'>classem</span> <span class='ocrx_word' id='word_1_588' title='bbox 1570 3253 1579 3269; x_wconf 95' lang='lat'>,</span> <span class='ocrx_word' id='word_1_589' title='bbox 1607 3236 1702 3273; x_wconf 77' lang='lat' dir='ltr'>quae</span> <span class='ocrx_word' id='word_1_590' title='bbox 1729 3226 1844 3273; x_wconf 80' lang='lat' dir='ltr'>prima</span> <span class='ocrx_word' id='word_1_591' title='bbox 1869 3226 2128 3266; x_wconf 84' lang='lat' dir='ltr'>Romanorum</span> <span class='ocrx_word' id='word_1_592' title='bbox 2157 3229 2352 3266; x_wconf 85' lang='lat' dir='ltr'>Oceanum</span> <span class='ocrx_word' id='word_1_593' title='bbox 2370 3238 2451 3268; x_wconf 81' lang='lat' dir='ltr'>ten-</span> 
     </span>
     <span class='ocr_line' id='line_1_93' title="bbox 1411 3276 2003 3326; baseline 0.003 -11"><span class='ocrx_word' id='word_1_594' title='bbox 1411 3277 1523 3324; x_wconf 83' lang='lat' dir='ltr'>tavit,</span> <span class='ocrx_word' id='word_1_595' title='bbox 1552 3276 1718 3326; x_wconf 73' lang='lat' dir='ltr'>appellat.</span> <span class='ocrx_word' id='word_1_596' title='bbox 1742 3276 2003 3318; x_wconf 54' lang='lat' dir='ltr'>Burmannus.</span> 
     </span>
    </p>
   </div>
   <div class='ocr_carea' id='block_1_13' title="bbox 2284 3334 2451 3378">
    <p class='ocr_par' dir='ltr' id='par_1_27' title="bbox 2284 3334 2451 3378">
     <span class='ocr_line' id='line_1_94' title="bbox 2284 3334 2451 3378; baseline -0.012 -9"><span class='ocrx_word' id='word_1_597' title='bbox 2284 3340 2341 3378; x_wconf 81' lang='lat'>15.</span> <span class='ocrx_word' id='word_1_598' title='bbox 2367 3334 2451 3367; x_wconf 74' lang='lat' dir='ltr'>Non</span> 
     </span>
    </p>
   </div>
  </div>
 </body>
</html>
