2553 3676
240 239 311 290 44
717 211 778 266 P.
853 207 1270 267 oV1D11

1343 205 1877 263 NASONIS

535 304 693 359 Nune
719 301 865 357 feror
880 343 894 367 ‚
933 314 993 355 ut
1017 299 1217 355 Bacchi
1241 299 1388 354 furiis
1410 298 1680 355 Eleleides
1703 299 1873 364 actae,

611 376 874 448 Quaeque
902 374 995 427 sub
1018 373 1180 427 Idaeo
1203 385 1451 447 tympana
1477 372 1613 426 colle
1638 385 1886 427 movent:

537 451 651 503 Aut
680 466 807 520 quas
831 446 1096 500 semideae
1121 445 1396 518 DryadeS,
1434 443 1708 517 Faunique
1733 445 1978 500 bicornes
1996 484 2017 509 ,ἴ

429 539 495 589 50

604 520 842 574 Numine
868 518 1135 572 contactas
1161 530 1442 571 attonuere
1466 515 1576 569 suo,

535 594 785 665 Namque
809 591 939 645 mihi
964 591 1233 652 referunt,
1274 606 1400 642 eum
1426 588 1478 642 se
1508 588 1660 642 furor
1684 588 1772 642 ille
1797 589 2026 654 remisit,

609 664 822 718 Omnia.
850 682 937 717 me
962 664 1177 717 tacitam
1201 662 1443 715 conscius
1466 660 1573 714 urit
1597 661 1787 714 Amor.

535 736 774 792 Forsitan
800 738 940 790 hune
968 736 1176 807 generis
1199 734 1311 787 fato
1336 732 1622 787 reddamus
1647 751 1917 796 amorem;

610 809 683 863 Et
710 810 896 864 Venus
923 808 952 860 e
978 821 1091 861 tota
1118 819 1279 878 gente
1305 806 1503 859 tributa
1525 816 1689 877 petat.

429 900 459 951 ς
469 901 496 951 5
531 882 777 955 juppiter
804 880 1063 953 Europen
1090 880 1295 951 (prima
1319 877 1393 932 est
1418 896 1476 932 ea
1505 878 1677 949 gentis
1700 878 1892 951 origo)

610 954 845 1017 Dilexit‚
894 966 1046 1008 tauro
1072 951 1427 1006 diffimulante
1452 950 1652 1005 Deum.
1961 964 1965 968 ’

542 1026 792 1098 Pasiphae
819 1039 1016 1090 mater,
1056 1026 1289 1097 decepto
1313 1023 1520 1078 subdita
1545 1035 1727 1087 tauro,

612 1098 787 1157 Enixa
812 1099 886 1155 est
908 1112 1066 1156 utero
1090 1098 1296 1154 crimen
1318 1114 1560 1172 onusque
1584 1096 1695 1152 suo,

244 1304 357 1343 frenis
377 1313 578 1355 parentem.
618 1307 769 1346 Reffius
798 1320 910 1359 erg0‚
939 1307 1098 1359 Sequacis
1117 1307 1207 1359 equi.
1241 1306 1296 1346 At

246 1357 358 1404 paulo
378 1358 452 1406 post
473 1359 541 1397 hac
563 1359 692 1397 eadem
716 1361 864 1408 epistola
878 1388 888 1404 ,

300 1408 380 1444 Sive
387 1410 525 1458 fugacis
543 1411 620 1460 equi
638 1410 810 1447 lmffizntia
831 1410 915 1447 colla
928 1423 1092 1447 recurvas
1106 1438 1116 1454 ,

248 1455 326 1495 duo
356 1459 435 1496 libri
465 1461 637 1499 exhibent
660 1490 670 1507 ‚
699 1474 784 1499 cum
815 1463 853 1500 in
879 1462 1033 1511 vulgatis
1051 1462 1191 1511 legatur
1201 1462 1297 1508 ftro-

249 1507 307 1546 cis.
336 1509 549 1548 Hzinsxus.

299 1570 358 1605 47.
385 1561 587 1612 Eleleides.]
611 1563 743 1600 Eleides
761 1565 800 1601 in
819 1563 1002 1601 omnibus.
1031 1564 1134 1612 Quin
1157 1563 1195 1600 ὃς
1217 1563 1298 1600 Pla-

245 1609 362 1647 nudes
384 1639 394 1655 ,
430 1614 493 1660 qui
525 1614 697 1662 Epistolas
725 1617 786 1651 has
816 1615 1029 1651 Heroidum
1050 1615 1088 1650 in
1112 1614 1293 1650 Graecam

241 1658 407 1708 linguam
431 1664 599 1700 transfert
617 1692 627 1708 ‚
667 1664 714 1701 fic
744 1666 818 1701 hoc
837 1676 996 1702 ‚carmen
1015 1664 1291 1711 interpretatum

247 1714 324 1746 Νῦν
341 1710 382 1746 δὲ
393 1711 544 1757 „pc-‘popam
563 1714 607 1756 ὡς
625 1713 754 1757 cciv-5214
776 1716 839 1750 τοῦ
855 1715 1006 1761 βάκχου
1025 1714 1162 1757 μανίαις
1182 1714 1295 1749 ἐλαυ-

246 1762 352 1805 μένκι
370 1757 544 1804 Ἠλήιδες.
565 1767 821 1801 ΝΑυοεΒωε.
851 1766 996 1801 Omnes
1013 1764 1059 1801 ad
1077 1766 1177 1801 hunc
1193 1764 1294 1800 diem

244 1809 399 1855 Eleides,
426 1813 464 1848 in
492 1825 570 1861 quo
597 1814 754 1857 nescias,
783 1823 906 1851 utrum
928 1815 1042 1862 magis
1071 1813 1212 1850 accuses
1230 1824 1296 1850 ne-

243 1861 459 1910 gligentiam
471 1863 670 1901 hominum
685 1876 730 1901 an
744 1864 917 1901 inscitiam
933 1893 943 1908 ,
963 1875 1008 1901 an
1020 1865 1141 1912 potius
1154 1871 1297 1901 utrum-

245 1923 321 1961 que
342 1925 349 1949 :
379 1914 459 1961 quis
481 1915 581 1952 enim
613 1927 690 1952 non
720 1914 841 1952 videat
862 1914 1026 1958 versum,
1055 1913 1081 1951 fi
1097 1913 1230 1950 Eleides
1246 1914 1298 1951 le-

246 1972 309 2010 gas
326 1991 335 2005 ,
362 1963 564 2002 subsultare.
587 1965 667 2014 jam
691 1965 823 2002 Bacchi
846 1977 989 2002 nomen
1019 1964 1153 2000 Eleleus
1171 1992 1181 2008 ,
1218 1976 1299 2001 non

246 2012 350 2049 Eleus
378 2022 481 2052 erat..
502 2016 605 2064 quod
639 2016 772 2054 Ovidii
790 2016 985 2054 auetoritas
1011 2015 1299 2063 Metamorpho-

246 2063 326 2102 seos
347 2064 448 2102 sexto
469 2066 620 2114 probat:

301 2115 506 2163 Nyffieleus‚
535 2116 732 2167 Eleleusque
745 2126 884 2167 parens.

247 2166 368 2214 Quod
389 2178 530 2204 nomen
552 2169 736 2216 Apollinis
755 2171 868 2206 etiam
888 2167 958 2206 effe
975 2167 1191 2206 Macrobius
1211 2179 1300 2217 pro-

248 2216 365 2261 didit,
393 2216 610 2267 dierumque
636 2218 746 2256 illud:
778 2214 867 2255 ’Anb
895 2223 958 2257 τοῦ
983 2218 1191 2255 &metuam
1218 2219 1298 2263 περὶ

250 2270 316 2307 τὴν
340 2269 416 2312 γήν.
444 2269 547 2317 quod
578 2269 718 2306 alterno
746 2269 881 2307 scilicet
906 2277 1034 2308 meatu
1053 2270 1146 2308 circa
1164 2277 1298 2308 terram

250 2317 354 2355 volvi
374 2318 549 2357 videatur.
572 2320 652 2368 jam
673 2319 886 2369 Euripides:

293 2374 424 2424 ’Ἥλιος
445 2383 533 2425 θοαῖς
546 2382 706 2422 ’ἵπποισιν
723 2383 872 2422 ἑλίσσων
890 2385 1002 2430 σθενὸς

303 2434 453 2471 Πολλοῦ
470 2435 587 2479 πυρός.

251 2501 335 2539 Nec
351 2513 442 2538 vero
463 2501 586 2540 minus
607 2503 854 2552 Empedocles
875 2503 919 2542 de
940 2504 1025 2541 illo:

306 2560 375 2598 Οὗν
395 2561 437 2598 ἐκ
458 2560 608 2605 ἕλω-θεῖς
624 2562 742 2607 μέγαν
760 2560 1170 2609 οὗριὶνονὰμφιπολεύει.

253 2624 338 2663 Sive
367 2627 476 2675 igitur
508 2639 527 2664 a
555 2627 752 2666 volutione
780 2627 1020 2677 hujusmodi,
1048 2628 1123 2666 sive
1146 2628 1189 2666 ab
1209 2628 1302 2666 Elele

252 2676 517 2715 Bacch-antium
547 2690 644 2715 voce
675 2678 784 2726 (nam
811 2680 922 2716 etiam
951 2691 970 2716 a
999 2679 1094 2717 sonis
1114 2680 1300 2718 Bacchum

253 2726 379 2764 dixere
403 2728 440 2763 ὃ(
461 2728 638 2764 Bromium
667 2731 704 2766 &
734 2729 920 2777 iacchum)
944 2729 1018 2767 five
1044 2731 1083 2768 &
1110 2730 1207 2778 ipse,
1237 2731 1301 2779 qui

255 2778 294 2814 ὃ(
318 2777 456 2824 Apollo
479 2777 540 2821 fit,
570 2791 587 2815 a
608 2781 791 2817 rotatione
809 2780 867 2817 illa
894 2788 1066 2829 perpetua
1087 2780 1204 2819 dietus
1225 2781 1303 2817 Ele-

254 2827 325 2863 leus
347 2828 394 2864 est
410 2856 418 2869 ‚
447 2827 544 2865 unde
566 2829 727 2866 Eleleides
745 2843 897 2879 quoque
918 2830 1033 2868 saetae
1048 2832 1151 2876 sunt,
1178 2840 1219 2869 ut
1238 2832 1303 2869 ali-

254 2886 311 2915 ter
323 2878 438 2915 versus
448 2878 518 2926 legi
530 2891 763 2928 nequaquam
776 2882 894 2928 possit.
909 2883 965 2920 Ee
975 2894 1132 2920 NATIUS.
1161 2883 1301 2922 Eadem

255 2940 408 2979 quoque
432 2929 604 2978 Micyllus
624 2931 745 2968 hahet.

307 2980 366 3026 48.
394 2980 599 3028 {Quicqual
632 2981 872 3025 Videndum,
900 2994 990 3020 num
1018 2985 1139 3031 potius
1161 2984 1301 3032 Qiaue

252 3030 455 3080 legendum
476 3029 537 3074 fit,
566 3032 603 3067 ἃ
625 3031 669 3068 de
690 3033 801 3069 Gallis
831 3033 1072 3070 sacerdotibus
1092 3030 1300 3083 intelligen-

258 3082 363 3119 dum.
404 3092 526 3129 neque
570 3082 668 3118 enini
719 3083 874 3120 feminas
913 3084 1069 3131 Cybeles
1106 3084 1298 3129 sacrificia,

256 3131 408 3180 perinde
422 3140 460 3168 ut
477 3132 625 3176 Bacchi,
646 3130 834 3170 celebralle
847 3132 931 3170 alibi
941 3134 1107 3182 legimus.
1124 3136 1300 3173 Mrcitt.

259 3182 401 3232 ἐξήψω
417 3182 557 3219 rescribi
581 3183 753 3231 Mycillus
777 3184 863 3221 velit
877 3213 885 3227 ,
915 3192 953 3221 ut
973 3185 1017 3222 de
1037 3185 1148 3222 Gallis
1167 3186 1300 3223 intelli-

285 3243 372 3270 atur.
419 3234 467 3270 At
486 3241 611 3282 argute
630 3234 789 3271 Ovidius
811 3235 934 3272 Gallos
951 3243 1127 3285 tanquam
1146 3237 1300 3274 feminas

257 3244 317 3323 {ic
346 3283 531 3330 describit,
558 3296 624 3335 pro
652 3297 725 3336 qua
751 3285 911 3326 lectione
937 3285 1018 3327 libri
1044 3287 1134 3327 liant
1159 3296 1301 3341 veteres

2268 1174 2403 1232 Per⁴

1350 1318 1429 1345 uno
1449 1304 1636 1344 consensu.
1663 1303 1786 1342 Gallus
1803 1303 1910 1343 fimili
1930 1304 2047 1343 modo
2069 1304 2239 1345 Catullus
2254 1309 2291 1347 in
2312 1309 2402 1348 Gal-

1349 1358 1490 1396 liambo
1515 1358 1676 1395 vocavit.
1705 1357 1767 1394 ubi
1788 1357 1913 1405 paffim
1936 1356 2029 1394 ludit
2048 1385 2058 1400 ,
2085 1359 2205 1407 Attyn
2222 1367 2399 1410 tanquam

1351 1410 1532 1446 feminam
1558 1407 1779 1452 describens,
1807 1419 1921 1456 quem
1943 1409 1981 1445 &
2001 1407 2199 1445 Anacreon
2218 1411 2294 1448 Od.
2311 1425 2403 1451 xnr.

1351 1469 1464 1498 vocat
1476 1459 1643 1503 ἧμῖθηλυν
1656 1458 1914 1508 semi-marem,
1928 1466 1969 1495 ut
1980 1460 2018 1495 ὃ(
2032 1458 2253 1498 Claudianus
2265 1463 2403 1500 Eutr0=

1351 1512 1456 1560 pium
1478 1511 1714 1548 Eunuchum.
1737 1510 1775 1546 &
1796 1510 1844 1546 ita
1865 1509 1981 1547 Ovid.
2005 1522 2059 1546 11.
2081 1511 2171 1548 Am.
2195 1523 2276 1549 111.
2296 1514 2403 1552 vide-

1352 1570 1412 1599 tur
1433 1573 1598 1599 vocare:
1654 1567 1725 1597 Nec
1742 1560 1921 1607 feminam
1950 1573 2008 1597 nec
2035 1559 2170 1599 virum.
2219 1562 2278 1600 Sic
2296 1563 2336 1601 &
2362 1566 2403 1604 in

1354 1611 1457 1649 Ibide
1476 1623 1560 1659 453.
1580 1624 1627 1648 ex
1646 1612 1729 1647 MS.

1402 1667 1447 1696 Ut
1473 1673 1560 1710 quas
1587 1659 1746 1708 Cybeleia
1771 1670 1885 1697 mater
1909 1660 2048 1700 incitat.

1349 1712 1453 1760 Virg.
1476 1710 1589 1748 Ceiri.
1610 1722 1692 1758 104.

1402 1780 1515 1810 Saeva
1532 1773 1632 1809 velut
1643 1774 1766 1821 gelidis
1785 1776 1953 1812 Ciconum
1970 1777 2112 1824 Bistonis
2128 1779 2166 1814 in
2183 1780 2250 1816 oris
2259 1786 2275 1825 ,‘

1406 1827 1524 1860 Ιέῖιιυε
1538 1823 1722 1861 Barbaria-0
1740 1825 1879 1874 Cybeles
1893 1826 2051 1874 antistita
2068 1827 2168 1867 buxo,

1355 1889 1467 1927 Certe
1497 1891 1684 1929 Lucianus
1714 1891 1907 1929 Gallorum
1937 1893 2066 1931 Choro
2093 1895 2249 1934 feminas
2271 1897 2405 1937 immiss

1353 1941 1418 1978 stas
1440 1968 1450 1984 ,
1486 1941 1653 1991 ipsosque
1681 1942 1807 1979 Gallos
1833 1944 1965 1981 vestitu
1994 1945 2163 1984 muliebri
2193 1947 2298 1986 fuiffe
2318 1950 2401 1987 usos

1353 1992 1511 2030 testatur.
1538 1992 1599 2029 sed
1619 1992 1738 2029 codex
1757 2005 1858 2030 nunc
1876 2006 1955 2031 non
1973 1995 2021 2032 est
2038 1996 2083 2033 ad
2103 2009 2270 2036 manum.
2301 2000 2405 2038 Vide

1353 2054 1449 2091 quae
1475 2042 1521 2080 ad
1552 2042 1799 2080 Claudianum
1827 2054 2001 2082 notamus
2027 2046 2119 2084 libro
2153 2060 2183 2086 1.
2208 2048 2246 2085 in
2267 2049 2404 2088 Eutro-

1354 2094 1471 2142 pium.
1497 2105 1534 2130 ν.
1555 2104 1638 2135 271.
1667 2093 1716 2131 fic
1741 2093 1838 2142 apud
1867 2094 2022 2133 Statium
2053 2097 2176 2135 Theb.
2201 2111 2286 2137 XII.
2312 2106 2403 2138 Dux

1354 2143 1484 2193 vefizna
1514 2143 1606 2180 chori
1631 2144 1742 2194 Attys
1770 2152 1832 2182 aut
1859 2145 2084 2195 Archigallus
2103 2158 2270 2189 vocatur.
2298 2152 2404 2201 quod

1353 2202 1496 2232 temere
1518 2196 1650 2232 mutari
1666 2196 1798 2233 nolim.
1820 2195 1933 2245 Apud
1950 2199 2152 2248 Apulejum
2175 2201 2272 2238 Met.
2291 2214 2406 2242 virt.

1355 2246 1583 2294 Archigallus
1603 2246 1648 2284 ad
1663 2245 1847 2284 Cin-aedos
1863 2260 1871 2284 2
1900 2248 2040 2285 Puellae
2050 2248 2197 2298 seryum
2214 2251 2311 2288 vobis
2322 2253 2406 2302 pul-

1356 2295 1506 2333 chellum
1519 2325 1528 2341 ‚
1556 2311 1598 2334 en
1617 2310 1684 2334 ecce
1696 2326 1706 2342 ‚
1724 2307 1894 2335 mercatus
1904 2299 2054 2348 perduxi
2066 2327 2076 2344 ‚
2097 2301 2159 2349 fi'd
2174 2300 2254 2338 illae
2271 2304 2405 2351 puellae

1357 2346 1478 2384 chorus
1505 2358 1581 2385 erat
1610 2349 1850 2390 cinaedorum,
1880 2363 1968 2398 quae
1988 2350 2115 2398 statim
2141 2352 2338 2390 exultantes
2363 2355 2404 2391 in

1353 2398 1545 2447 gaudium,
1564 2400 1686 2446 fralla
1705 2428 1715 2445 ,
1731 2412 1839 2436 rauca
1857 2400 2125 2449 &effoeminata
2145 2417 2225 2439 voce
2242 2404 2405 2443 clamores

1357 2447 1494 2498 absonos
1512 2449 1680 2487 intollunt
1694 2479 1704 2494 ‚
1732 2461 1813 2487 rata:
1824 2450 1957 2500 scilicet
1977 2466 2058 2489 vere
2077 2454 2273 2503 quempiam
2291 2455 2406 2493 homi-

1359 2512 1438 2536 nem
1453 2500 1639 2549 servulum
1658 2501 1842 2549 ministerio
1856 2501 1920 2551 suo
1931 2512 2114 2552 paratum.
2135 2505 2189 2542 Ita
2205 2506 2301 2554 apud
2317 2507 2405 2545 Ho-

1359 2562 1451 2588 mer.
1480 2547 1651 2597 Ἀχάϊόες
1676 2549 1794 2589 οὔατ’
1810 2545 1968 2599 Ἄχαιοι.
1997 2556 2036 2592 &
2057 2555 2154 2604 apud
2176 2557 2401 2596 Maronem:

1409 2608 1489 2639 Vere
1506 2602 1676 2652 Phrygiae
1686 2619 1696 2647 3
1720 2617 1826 2654 neque
1843 2604 1937 2640 enim
1954 2604 2113 2654 Phryges.
2194 2607 2404 2647 HEINsnis.

1409 2664 1467 2703 53.
1501 2656 1604 2690 Hunc‘
1623 2655 1705 2700 fato
1724 2654 1902 2703 generis.]
1940 2656 2088 2694 Rec‘tius
2118 2657 2249 2705 legitur
2272 2659 2405 2706 generis

1347 2703 1449 2750 fato,
1477 2712 1517 2741 ut
1535 2705 1749 2753 ambiguitas
1770 2703 1914 2742 vitetur.
1943 2705 1990 2743 fic
2010 2707 2077 2755 Ep.
2099 2719 2188 2744 V111.
2205 2707 2264 2755 ὅς.

1408 2760 1478 2790 Hoc
1492 2755 1621 2802 generis
1629 2756 1734 2801 fato,
1761 2755 1852 2806 quod
1871 2755 1995 2802 nostros
2012 2767 2106 2793 errat
2122 2758 2159 2793 in
2178 2771 2298 2795 annos.

1358 2804 1594 2843 Scribendum
1620 2818 1709 2843 vero
1728 2805 1915 2842 reddamus
1942 2807 1981 2843 ὅ(
2004 2816 2100 2855 petat
2118 2820 2162 2845 ex
2185 2810 2290 2846 MSS.
2312 2809 2403 2850 solet

1357 2856 1458 2892 enim
1482 2856 1641 2893 Ovidius
1670 2858 1710 2893 τὸ
1723 2854 1874 2905 fhrfitan
1895 2868 1981 2894 cum
2003 2858 2220 2897 liibstantivo
2242 2861 2402 2900 netstere.

1356 2918 1391 2943 v.
1425 2907 1492 2955 Ep.
1524 2919 1554 2944 1.
1585 2918 1642 2952 77.
1672 2920 1742 2944 vn.
1769 2918 1849 2956 133.
1877 2919 1911 2945 x.
1931 2907 1988 2956 ὃς.
2017 2921 2085 2946 xii.
2109 2922 2189 2955 177.
2218 2923 2262 2948 ex
2293 2913 2402 2951 MSS.

1356 2970 1439 2994 XIx.
1471 2969 1550 3006 123.
1583 2958 1690 2995 Trist.
1725 2970 1754 2994 1.
1789 2960 1867 3006 165.
1894 2959 1944 2995 ita
1975 2959 2013 2995 ὃς
2039 2960 2207 3006 Juvenal.
2242 2962 2313 3000 Sat.
2340 2976 2401 3003 xz.

1359 3009 1439 3045 162.
1467 3006 1623 3057 Forfitan
1638 3007 1807 3056 exspec‘ies.
1834 3009 1939 3047 Silius
1959 3021 2017 3046 xv.
2038 3012 2121 3061 643.

1404 3071 1559 3122 Forsitan
1576 3085 1620 3112 <J
1630 3083 1764 3123 pugnas
1782 3074 1905 3111 venias
1923 3080 2117 3114 Germanus
2135 3077 2173 3114 in
2189 3079 2287 3129 ipfizs.

1354 3142 1385 3173 E
1409 3148 1483 3174 tota
1509 3150 1661 3188 quoque
1690 3141 1934 3180 Scriverianus
1956 3144 1994 3180 &
2012 3145 2071 3182 alii
2091 3145 2280 3183 nonnulli:
2310 3158 2396 3185 nam

1354 3189 1394 3225 in
1414 3189 1603 3226 Puteaneo
1634 3192 1740 3228 unius
1762 3193 1915 3241 paginae
1935 3195 1994 3231 hic
2015 3195 2062 3233 est
2084 3196 2222 3234 lacuna.
2250 3197 2400 3237 Han-22.

1353 3239 1425 3276 Pro
1435 3239 1614 3277 reddemus
1627 3269 1636 3285 ‚
1648 3241 1806 3279 dehemus
1824 3245 2044 3293 conjiciebat
2062 3246 2241 3284 Francius.
2256 3247 2398 3288 Veneri

1353 3302 1445 3341 yero
1474 3291 1637 3332 adscribit
1661 3293 1838 3335 insaniam
1866 3295 1966 3336 suam
1991 3296 2158 3336 Phaedra
2175 3325 2186 3343 ‚
2225 3299 2310 3347 quia
2339 3301 2400 3339 illa

2308 3359 2407 3391 Irata
