2553 3676
298 241 324 287 ,ς
336 233 400 281 :so

786 164 867 257 Ρ.
943 196 1359 255 ovinti
1430 191 1965 253 NAsonts

593 291 758 349 Mota
786 289 937 346 dedit
962 289 1190 344 veniam.
1226 286 1402 344 teneri
1422 295 1781 359 properentur
1805 295 2012 336 amores
2022 294 2048 343 5

487 384 556 434 70

666 365 816 420 Dum
841 374 991 417 vacat
1008 385 1021 425 ;
1041 425 1043 429 ,
1064 364 1095 417 a
1117 375 1273 434 tergo
1299 359 1549 434 grandius
1578 370 1735 430 urget
1762 371 1910 428 opus,

360 505 421 542 70.
449 496 487 529 A
509 501 598 539 tergo
616 489 786 539 grandius
806 497 902 537 urget
929 485 1044 538 φη]
1073 487 1183 524 Haec
1209 485 1350 523 Marius
1400 483 1562 534 junctim
1605 479 1753 519 edidisse
1790 480 1939 518 videtur
1982 476 2094 515 libros
2136 473 2319 515 Amorum
2354 479 2442 522 circa'

308 544 356 584 de
386 543 618 593 sequentibus
652 541 785 589 Elegiis
816 540 912 588 capit
934 567 944 583 ‚
979 550 1074 588 quae
1100 538 1286 586 longiores
1312 538 1351 572 δε
1407 535 1456 571 A.
1479 534 1530 570 U.
1553 532 1596 569 C.
1617 544 1829 569 Dccxxxrx.
1859 542 1935 580 quo
1963 541 2063 566 anno
2098 534 2222 565 autem
2248 528 2340 567 hanc
2364 530 2446 570 Ele-

308 596 543 647 pulchriores.
584 592 765 640 Crispinus
795 590 840 628 de
865 588 1223 637 Metamorphoseon
1246 587 1353 623 libris,

310 656 465 695 uterque
487 655 677 693 perperam
693 671 701 686 ‚
717 654 802 680 nam
822 639 910 679 illud
933 653 1024 689 opus
1043 638 1211 687 grandius
1225 664 1233 678 ‚
1252 634 1356 685 quod

311 710 333 736 a
360 706 465 746 tergo
494 703 620 743 urget,
647 695 806 742 opponit
833 693 1017 729 amoribus
1035 718 1044 731 ,
1071 699 1165 737 quos
1191 686 1277 724 ideo
1299 697 1358 723 ca-

307 748 410 787 lente
427 746 592 784 maxime
607 746 764 793 juventa
790 752 983 792 properare
1012 739 1116 781 vult,
1147 737 1235 775 dum
1264 737 1361 775 Tra-

311 798 471 849 goedia,
499 808 593 846 quae
628 796 741 843 magis
767 803 917 841 gravem
948 791 987 828 ὅς
1014 789 1181 827 severum
1203 789 1363 826 Poetam

312 850 467 899 requirit
486 875 495 890 ‚
535 846 599 894 ipfi
638 843 788 894 aliquod
828 842 946 879 adhue
977 849 1125 889 tempus
1168 838 1364 883 concedit,

315 911 409 937 mox
427 896 470 933 ad
487 897 739 943 Tragoediam
763 889 995 942 aggressurus.
1015 891 1061 929 de
1080 891 1367 938 Metamorpho-

316 949 406 987 seon
426 947 522 983 libris
552 948 646 983 forte
667 944 837 983 nondum
862 943 1066 991 cogitabam
1094 953 1179 980 nam
1196 941 1283 986 ‚nifi
1305 940 1369 978 fal-

1409 585 1509 633 giam
1523 610 1532 625 ‚
1561 594 1655 631 quae
1679 590 1776 619 certe
1796 583 1934 630 primae
1959 579 2115 627 editioni
2139 578 2267 616 inserta
2284 579 2369 624 fuit,
2391 582 2447 620 in.

1413 642 1552 672 certum
1575 640 1689 680 puto:
1718 631 1778 669 sed
1796 633 1937 681 Elegias
1957 631 2127 680 plurimas
2146 626 2310 677 scripsisse
2330 630 2364 667 in
2378 633 2447 679 pri.

1414 696 1476 722 ma
1503 684 1702 733 juventute
1732 692 1880 730 apparet
1908 695 1952 720 ex
1984 693 2074 718 vers.
2098 692 2155 727 59.
2174 680 2281 728 hujus
2301 680 2452 730 Elegiae.

1416 737 1454 773 in
1478 734 1631 772 exilium
1654 744 1744 770 vero
1769 731 1913 776 mifl'us,
1941 745 2017 781 quo
2038 741 2210 778 tempore
2230 730 2378 768 demum
2394 733 2452 771 ab-

1417 786 1574 824 solverat
1607 782 1946 831 Metamorphoses,
1975 782 2144 819 nondum
2175 793 2265 818 vero
2289 783 2454 822 emenda-

1420 845 1522 875 verat
1540 865 1550 880 ‚
1577 847 1676 873 anno
1704 835 1829 872 aetatis
1857 845 1908 871 Lx.
1937 833 1996 869 vel
2028 844 2098 869 ιιι.
2128 832 2176 867 U.
2207 833 2247 867 Cv
2283 844 2453 874 nccxrxx.

1421 887 1658 936 intelligimus
1677 897 1763 935 ergo
1784 884 1897 933 ipsam
1918 882 2189 932 Tragoediam,
2206 893 2299 930 quae
2316 883 2455 924 instabat

1426 940 1464 976 ὃς
1482 939 1631 988 urgebat
1647 966 1657 981 ,
1685 947 1725 976 ut
1754 935 1859 974 simul
1889 947 1931 973 ae
1959 944 2106 973 teneros
2126 931 2343 981 properasset
2357 945 2456 972 amo-

318 1001 361 1041 lit
393 998 549 1035 calculus
580 996 779 1034 doffiffimi
820 993 994 1033 Maffonii
1017 1023 1027 1039 ,
1064 992 1144 1031 libri
1183 997 1372 1029 Amorum
1424 1002 1479 1028 res
1503 1018 1512 1033 ‚
1547 988 1609 1026 fibi
1649 1000 1803 1026 manum
1834 987 2083 1029 admoveret,
2123 993 2323 1032 antequam
2345 986 2461 1032 omnia

307 1047 589 1111 ‘praecesserunt
620 1048 683 1087 diu
711 1055 828 1086 artem
846 1045 1020 1091 amandi,
1038 1046 1076 1083 &
1097 1045 1260 1094 primum
1282 1054 1373 1102 con:-

878 1191 1680 1291 ELEGlA

1428 1041 1505 1091 ejus
1525 1040 1663 1090 spiritus
1681 1039 1956 1078 defervesceret.
1982 1037 2249 1076 Burmannus.

1822 1188 1945 1256 ΙΙ.

770 1338 858 1394 On
881 1355 989 1408 ego
1013 1335 1277 1390 nobilium
1298 1331 1461 1387 sedeo
1485 1331 1744 1387 studiosus
1771 1349 2063 1405 equorum:

843 1411 947 1466 Cui
973 1424 1153 1464 tamen
1178 1408 1283 1482 ipsa
1307 1406 1476 1470 fave3‚
1512 1406 1691 1460 Vincat
1716 1419 1777 1461 ut
1801 1407 1886 1460 ille
1911 1424 2123 1478 precor„

621 1489 701 1542 Ut
730 1488 981 1559 loquerer
1006 1496 1191 1537 tecum
1215 1480 1370 1543 veni,
1410 1492 1699 1553 tecumque
1726 1479 1992 1534 sederem:

696 1561 779 1615 Ne
806 1558 901 1612 tibi
925 1575 1037 1619 non
1063 1569 1252 1619 notuS‚
1290 1570 1455 1626 quem
1478 1552 1633 1616 saciS,
1673 1552 1799 1607 effet
1824 1570 1990 1607 amor.

552 1653 582 1703 ς
623 1632 719 1688 Tu
744 1634 923 1687 cursus
947 1628 1174 1702 spectem,
1209 1645 1313 1699 ego
1340 1639 1411 1680 te.
1449 1624 1745 1697 spectemus
1770 1638 1999 1697 uterque

699 1705 869 1779 Quod
890 1704 1066 1775 juvat,
1103 1715 1265 1774 atque
1295 1700 1481 1753 oculos
1504 1699 1678 1770 pascat
1705 1697 2117 1770 uterque.suoS.‘

629 1779 684 1834 O
698 1819 712 1843 ‚
751 1779 1074 1849 cuicumque
1097 1774 1240 1828 faves
1255 1813 1269 1836 ,
1307 1772 1437 1826 felix
1459 1772 1687 1843 agitator
1710 1788 1977 1845 equorum
1991 1772 2019 1823 l*

706 1851 855 1922 Ergo
882 1850 953 1904 illi
980 1865 1138 1902 curae
1163 1845 1393 1917 contigit
1420 1845 1522 1900 esse
1548 1859 1699 1908 tuae;

632 1922 765 1978 Hoc
792 1923 923 1976 mihi
946 1922 1254 1991 contingat3
1294 1920 1442 1973 sacro
1468 1918 1536 1972 de
1561 1936 1774 1973 carcere
1799 1915 1960 1972 miffis

530 2014 593 2049 10

402 2342 434 2369 1.
474 2335 555 2368 Non
585 2344 637 2380 ego
667 2329 834 2367 nobilium
864 2329 964 2366 venio
988 2328 1155 2378 speti‘ator
1183 2325 1392 2378 equorum]

346 2382 499 2421 Rectius
530 2381 675 2420 fortasse
707 2383 744 2419 in
777 2381 1042 2429 exemplaribus
1081 2381 1245 2429 legitur,
1274 2377 1394 2427 ftdeo,

349 2432 503 2470 affidens
532 2434 629 2471 enim
661 2433 907 2482 loquebatur:
938 2443 1025 2480 ergo
1047 2432 1125 2480 jam
1154 2438 1316 2466 venerat.
1343 2438 1396 2466 ta-

349 2495 439 2520 men
462 2485 501 2520 &
516 2484 615 2532 prior
633 2483 746 2520 lectio
766 2482 916 2520 defendi
935 2481 1063 2530 potest.
1088 2484 1265 2518 Mimos.
1294 2480 1398 2517 Libri

351 2544 492 2572 veteres
506 2562 517 2578 ,
535 2535 628 2582 sedeo
639 2533 817 2584 spesffator.
838 2533 981 2581 sequor.
1005 2533 1222 2569 CioFANUS.
1253 2531 1398 2567 Omnes

351 2584 463 2628 editi,
484 2585 580 2633 sedeo
600 2585 768 2634 speeiator
794 2593 878 2622 ante
901 2582 1117 2626 Heinfiurn,
1143 2583 1208 2632 qui
1227 2581 1325 2619 redte
1346 2590 1401 2618 ta-

352 2646 440 2672 men
470 2648 516 2672 ex
545 2637 733 2673 Pur-caneo
761 2644 944 2684 utroque,
973 2633 1156 2671 Barberin.
1181 2634 1219 2670 &
1241 2641 1402 2682 quatuor

353 2685 430 2722 aliis
450 2686 607 2733 reposuit
620 2715 628 2728 ,
637 2686 819 2734 studiosus.
836 2697 930 2735 quae
953 2697 1026 2721 vox
1046 2685 1190 2733 propria
1212 2684 1249 2721 in
1271 2683 1401 2720 factio-

355 2735 459 2772 nibus
487 2737 524 2773 &
552 2738 673 2775 studiis
704 2737 943 2775 Circensibus.
973 2735 1044 2772 vid.
1073 2735 1119 2772 ad
1152 2747 1181 2772 1.
1210 2736 1289 2771 Art.
1314 2734 1404 2771 Am.

359 2797 440 2832 145.
468 2787 505 2822 ὃς
536 2788 618 2824 infr.
645 2788 691 2826 ad
722 2800 810 2825 vers,
839 2788 897 2832 67.
931 2785 1057 2824 nobiles
1085 2797 1175 2822 vero
1209 2785 1294 2833 equi
1325 2785 1406 2822 sunt

356 2836 440 2875 noti
456 2836 533 2884 jam
556 2839 695 2885 populo
716 2840 754 2876 ὅ(
784 2839 964 2886 spectatae
986 2837 1201 2878 celeritatis;
1237 2836 1301 2884 qui
1332 2835 1408 2883 pal-

361 2896 440 2935 mas
463 2886 542 2934 jam
571 2888 674 2935 saepe
701 2889 907 2926 retulerant.
936 2889 985 2926 ita
1005 2887 1201 2936 Virgilius,
1232 2887 1407 2923 Horatius

359 2938 401 2974 ὅ(
430 2935 491 2973 alii
515 2937 651 2984 passim.
682 2940 719 2974 δε
748 2939 796 2975 ita
825 2938 949 2975 nobiles
967 2938 1207 2986 gladiatores,
1234 2937 1408 2974 Athletae

362 2987 437 3024 &c.
458 2986 627 3035 speclator
648 2988 779 3025 librarii
803 2991 1031 3037 arripuerunt
1051 3000 1095 3025 ex
1114 2989 1172 3025 lib.
1197 3001 1230 3025 x.
1250 2989 1410 3025 Metam.

364 3049 449 3086 575.
473 3037 574 3073 venio
591 3041 758 3086 speffiator
775 3051 818 3074 ex
840 3039 948 3086 Epist.
967 3050 1046 3075 xvr.
1069 3049 1128 3085 33.
1151 3038 1412 3074 BuRMANNus.

420 3101 452 3137 5.
481 3087 634 3136 Cursum
649 3091 792 3137 speeies,
811 3102 866 3136 ego
888 3088 953 3135 tal
983 3090 1114 3136 Spefias
1134 3087 1304 3124 meliores
1327 3099 1411 3124 cum

362 3138 569 3183 Pureaneo,
582 3139 646 3188 qui
666 3140 792 3182 etiam,
806 3138 941 3187 cursim
967 3139 1061 3175 forte
1075 3137 1413 3187 ,spetfz'aszs.H1-31NS.

416 3191 450 3226 6.
478 3189 583 3239 Qud
596 3190 738 3240 juvet.]
771 3189 920 3227 Rectius
943 3191 979 3226 in
1001 3189 1249 3236 manuscriptis
1268 3188 1414 3236 legitur,

366 3240 490 3288 juvat.
516 3241 694 3278 Manius.
731 3240 834 3288 §Quod
856 3241 970 3288 juvat
990 3240 1133 3279 Moreti
1152 3239 1302 3287 tertius,
1330 3239 1420 3280 Edi·

373 3292 428 3332 sio
446 3292 589 3345 prima,
617 3291 760 3343 Gryph.
782 3292 820 3331 ὃς
839 3291 975 3332 Bersm.

704 1995 933 2049 Insistam
958 1994 1087 2047 forti
1111 2007 1294 2046 mente
1320 1990 1596 2046 vehendus
1621 1991 1787 2064 equis,
2065 2050 2073 2058 ,

635 2066 707 2125 Et
731 2068 902 2122 modo
927 2069 1039 2120 lora
1065 2066 1237 2128 dabo;
1279 2064 1451 2118 modo
1474 2063 1698 2117 verbere
1724 2076 1875 2136 terga
1901 2062 2128 2118 notabo:

710 2142 871 2197 Nunc
896 2139 1144 2212 stringam
1172 2151 1340 2192 metas
1364 2137 1620 2191 interiore
1644 2149 1778 2192 rota,

2464 2028 2477 2053 'J

2448 2174 2477 2205 4..ῐὶ

2426 2206 2482 2264 δί

1505 2326 1540 2364 8.
1566 2325 1721 2374 Contigit
1747 2324 1804 2375 eff}
1831 2335 1922 2363 tuae.
1943 2322 1959 2374 ]
1996 2324 2133 2362 Nescio
2161 2336 2207 2362 an
2242 2324 2374 2363 Latine
2394 2351 2404 2369 ‚
2427 2318 2484 2362 alst

1451 2376 1576 2415 saltem
1598 2378 1784 2426 perspicue
1806 2377 1884 2414 satis·
1910 2376 2071 2419 dicatur,
2106 2375 2159 2411 Illi
2185 2377 2323 2425 contigit
2345 2375 2399 2425 esse
2414 2384 2485 2411 tuae

1455 2442 1577 2472 curae,
1605 2428 1642 2465 id
1665 2428 1738 2472 est,
1768 2436 1806 2465 ut
1834 2428 1878 2464 de
1912 2439 1958 2464 eo
1987 2427 2028 2463 fis
2052 2427 2213 2464 sollicita.
2242 2429 2278 2464 in
2303 2424 2487 2463 Moreti&

1454 2488 1614 2528 quatuor
1634 2479 1710 2516 aliis
1735 2480 1772 2515 &
1802 2480 1920 2526 prima
1946 2476 2111 2514 editione
2132 2478 2178 2515 est
2195 2506 2203 2520 ‚
2233 2480 2290 2526 effe
2314 2489 2414 2514 meae.
2437 2483 2488 2512 re*

1457 2529 1569 2572 <stium
1605 2529 1654 2566 illi
1689 2530 1844 2577 contigit
1876 2526 1944 2566 esse
1978 2540 2108 2572 curae,
2138 2529 2279 2566 amicae
2309 2538 2420 2565 meae.
2445 2523 2489 2570 fij}

1456 2581 1586 2618 millies
1606 2593 1682 2616 mea
1701 2592 1768 2628 pro
1788 2580 1903 2617 amica
1920 2607 1930 2624 ‚
1958 2589 2061 2624 tuus,
2074 2579 2178 2625 suus,
2200 2591 2266 2628 pro
2291 2580 2389 2622 viro,
2407 2586 2490 2615 cona·-¹

1452 2632 1542 2681 juge
1569 2660 1579 2675 ‚
1616 2631 1677 2668 vel
1704 2639 1881 2669 amatore.
1921 2630 1992 2668 vid.
2022 2629 2111 2678 supr.
2147 2631 2191 2667 ad
2221 2629 2327 2679 Epist.
2353 2640 2438 2667 xm.
2458 2636 2489 2673 7.

1458 2687 1545 2730 Ergo
1568 2681 1673 2718 illum
1689 2682 1788 2728 Junii
1808 2682 1939 2719 codex.
1958 2681 2222 2718 BURMANNUS.

1512 2745 1548 2781 9.
1577 2739 1646 2769 Hoc
1663 2732 1752 2769 mihi
1773 2731 1988 2780 contingat]
2020 2732 2278 2780 Subintellige‚
2296 2729 2339 2779 fi.
2359 2727 2493 2769 Auzstot

1461 2783 1564 2832 Eleg.
1581 2784 1617 2820 in
1640 2784 1781 2821 obitum
1805 2783 2041 2820 Mecaenatis.
2063 2794 2142 2831 pag.
2166 2794 2224 2829 72.
2245 2781 2358 2819 Catal.
2379 2780 2482 2818 Pith.''

1516 2833 1683 2871 Mollibus
1702 2848 1742 2870 ex
1762 2834 1866 2872 oculis
1883 2833 2010 2884 aliqm's
2031 2833 2093 2868 tibi
2111 2833 2261 2882 procidet
2281 2832 2423 2878 humor,

1567 2890 1659 2922 Cum
1679 2885 1776 2921 dicar
1785 2884 1901 2933 subito
1918 2896 1996 2920 voce
2015 2883 2106 2934 fiuffiae
2126 2884 2202 2921 eibi.

1515 2943 1585 2974 Hoc
1607 2934 1696 2972 mihi
1719 2936 1918 2983 contingat:
1933 2935 2070 2982 jaceam
2093 2934 2213 2971 sellus-e
2226 2933 2293 2982 sub
2311 2938 2440 2985 aequa,'

1573 2993 1646 3023 Nec
1662 2996 1780 3022 tamen
1801 2985 1861 3021 hoc
1882 2985 1979 3021 ultra
2001 2995 2033 3020 te
2052 2984 2186 3034 doluisse
2203 2985 2322 3021 velim.
2391 3001 2393 3003 ¹
2462 3027 2464 3030 .

1470 3039 1524 3074 lta
1552 3037 1638 3085 lego
1668 3036 1756 3079 vel,
1787 3035 1848 3084 sed
1875 3035 2060 3083 meminisse
2088 3038 2220 3079 velim,
2252 3035 2384 3084 vulgo,
2408 3029 2498 3069 ultra

1470 3101 1524 3125 me
1541 3087 1677 3135 potuisse
1696 3085 1815 3122 velim.
1832 3087 2040 3123 Hfimsms.
2072 3087 2185 3124 Recte
2205 3086 2384 3123 Heinsius.
2403 3083 2439 3120 &
2454 3080 2499 3118 ita

1471 3139 1583 3175 etiam
1624 3137 1775 3174 Marius.
1816 3137 1918 3186 quod
1957 3135 2147 3175 offendisse
2184 3137 2343 3176 librarios
2369 3132 2502 3187 videtur

1474 3189 1645 3237 ignaros:
1675 3199 1758 3224 nam
1790 3188 1827 3224 in
1857 3189 1971 3226 altero
2000 3189 2142 3226 Moreti
2171 3197 2268 3230 erat,
2284 3184 2319 3235 fi
2337 3183 2441 3227 mihi,
2464 3187 2504 3219 m

1475 3241 1608 3283 terrm,
1633 3236 1768 3287 haecst.
1797 3239 1870 3276 vid.
1889 3239 1934 3276 ad
1950 3239 2011 3277 lib.
2034 3252 2061 3276 1.
2083 3239 2205 3276 Amor
2246 3248 2296 3274 iv.
2316 3248 2371 3284 29.

1527 3301 1587 3331 12.
1613 3296 1720 3329 Nunc
1730 3289 1903 3340 stringam
1922 3300 2035 3329 metas
2047 3290 2208 3329 interiore
2222 3285 2336 3337 rota.]
2362 3282 2505 3336 Gestum

2396 3342 2511 3381 expnq
