2553 3676
328 238 426 289 ¹94

848 205 910 262 P.
985 196 1403 260 OVIDII
1476 195 2011 253 NASONIS

617 299 703 356 En
728 316 860 372 eg0‚
897 296 1049 372 quod
1073 294 1236 359 viviS‚
1272 309 1480 367 poenae
1507 291 1794 347 crucianda
1818 292 2091 354 reservore

480 392 578 429 120
688 373 840 447 Quid
864 373 957 427 fiet
980 368 1148 433 sonti,
1186 385 1313 424 eum
1336 384 1426 421 rea
1448 365 1617 420 laudis
1643 366 1796 436 agar?

621 446 723 510 Et,
759 443 1181 516 consanguineae
1206 439 1485 515 quondam
1509 438 1796 492 centesima
1822 436 2037 502 turbae,

695 517 913 583 Infelix,
949 535 1060 573 uno
1086 515 1250 570 fratre
1275 523 1554 573 manente,
1592 510 1797 564 cadam.

624 594 702 647 At
729 599 816 657 tu,
854 591 892 645 fi
915 609 1020 666 qua
1042 590 1193 663 piae,
1230 586 1489 657 Lynceu,
1527 582 1626 636 tibi
1652 601 1779 636 cura
1803 584 2026 648 sororiS‚

697 665 963 740 Quaeque
991 663 1088 719 tibi
1111 659 1276 715 tribui
1299 674 1551 720 munera,
1589 655 1781 727 dignus
1806 656 1996 717 habe83

482 756 579 807 125
617 738 724 796 Vel
748 739 829 794 fer
854 755 1044 810 opem:
1085 733 1171 787 vel
1196 730 1339 786 dede
1364 730 1512 784 neci:
1553 727 1913 801 defun&aque
1937 728 2047 782 vita

696 811 946 884 Corpora
970 806 1181 863 furtivis
1204 804 1416 876 insuper
1441 801 1583 856 adde
1608 802 1768 873 rogis.

626 883 701 939 Et
726 884 888 956 sepeli
911 879 1142 938 lacrimis
1166 878 1376 952 perfusa
1398 874 1644 930 fidelibus
1672 874 1778 929 offa
1793 913 1808 938 ‚

701 956 816 1011 Scri
858 970 1019 1029 taque
1043 953 1141 1008 sint
1167 952 1327 1006 titulo
1353 948 1529 1004 nostra
1553 948 1791 1022 sepulcra
1819 946 1985 1002 brevi.

626 1029 793 1085 Exsul

482 1120 505 1156 1
516 1122 539 1169 3
550 1121 584 1156 o

390 1317 472 1362 ιτς.
500 1312 650 1363 Restat.]
680 1313 782 1352 Bene
809 1311 911 1361 restas
938 1311 1204 1354 Gronovianus
1232 1311 1272 1351 δε
1296 1322 1389 1363 qua-

337 1369 424 1402 tuor
445 1364 519 1402 alii.
549 1365 760 1402 Hemsms.

389 1426 472 1459 117.
500 1414 638 1465 Mihi.]
670 1413 889 1453 Tibi‘iidem.
911 1415 1128 1452 HliiNsxus.

411 1472 512 1503 Nam
533 1464 597 1503 tibi
616 1476 698 1518 quot
709 1468 867 1514 fratres,
896 1466 986 1503 mihi
1006 1475 1056 1502 tot
1071 1464 1198 1514 periere
1208 1465 1361 1514 fhrores,

333 1516 485 1555 volebat
505 1517 689 1557 Francius.
726 1524 825 1556 Nam
853 1517 918 1556 tibi
936 1528 1018 1569 quot
1031 1518 1191 1564 fratres,
1218 1516 1388 1564 totidem,

337 1568 618 1607 Gronovianus.

391 1618 473 1658 118.
500 1620 702 1670 Accipiat.]
733 1620 866 1658 Forte:

436 1671 625 1719 Accipiam
644 1671 809 1707 lacrimas
828 1681 979 1719 utraque
996 1669 1102 1706 turba
1110 1669 1208 1718 suas.

332 1717 390 1757 Ut
411 1718 513 1768 supra
530 1721 668 1768 67.sua
684 1720 803 1757 verba.
825 1722 862 1758 ὃς
879 1721 974 1758 alibi.
1003 1721 1219 1758 Hemsms.

390 1781 475 1807 120.
501 1771 602 1819 Qid
623 1771 688 1819 fiet
706 1771 840 1821 sonti]
872 1772 982 1808 fieret
1011 1771 1152 1821 septem
1179 1771 1282 1809 libri:
1313 1772 1392 1809 duo

325 1818 410 1869 fiat.
440 1830 640 1872 utrumque
657 1822 764 1859 bene.
793 1823 1011 1860 HEthxUS.

394 1883 474 1909 121.
512 1876 557 1908 Et
594 1872 886 1923 Consanguineae.
905 1874 922 1924 ]
966 1872 1119 1912 Lubens
1150 1872 1389 1923 rescripserim

336 1925 404 1962 En.
434 1923 645 1962 Hmsxus.

320 2011 323 2013 Α
393 1985 475 2024 123.
503 1980 557 2011 At
578 1985 619 2013 tu
632 1974 667 2026 fi
683 1988 753 2027 qua
767 1974 847 2026 piae
864 1985 1021 2013 remanet
1040 1975 1106 2012 tibi
1125 1988 1207 2012 cura
1223 1974 1388 2025 sbroris.]

335 2023 409 2063 Pro
429 2037 598 2072 remanet,
611 2028 751 2075 primae
771 2027 953 2065 editiones
976 2027 1015 2064 δε
1038 2026 1256 2076 scriptorum
1280 2026 1392 2076 pluri-

336 2077 408 2120 mi,
422 2076 506 2113 Line
527 2077 581 2123 est.
604 2078 646 2115 In
662 2078 851 2116 Puteaneo
872 2087 1028 2115 remanet
1046 2077 1067 2116 a
1086 2090 1198 2116 manu
1218 2077 1392 2122 secunda,

336 2127 443 2165 nullo
474 2128 609 2177 priscae
636 2129 806 2167 iectionis
834 2138 1032 2179 apparente
1062 2129 1229 2177 vestigio.
1268 2128 1390 2165 Scribe

337 2182 488 2226 Lynceu.
525 2179 563 2216 ὅ(
591 2180 639 2216 ita
669 2180 870 2218 Herculan.
898 2180 1052 2222 Codex;
1084 2181 1259 2226 Lynceus
1286 2179 1388 2215 enim

338 2228 654 2276 Hypermnestrae
675 2231 824 2268 maritus
843 2231 1064 2274 di&us,n0n
1079 2229 1208 2266 Linus.
1223 2228 1278 2266 Ita
1301 2241 1389 2267 eum

337 2277 516 2317 Pindarus
535 2280 692 2329 appellat
705 2309 715 2326 ‚
736 2282 774 2318 ὃ(
794 2279 989 2318 Pausanius
1005 2308 1014 2323 ‚
1029 2280 1333 2328 &Apollodorus
1354 2282 1392 2317 ὃς

339 2329 518 2368 Libanius
539 2332 577 2368 in
587 2331 818 2380 Diegematis
836 2331 880 2368 ab
895 2331 1032 2369 All-atio
1051 2330 1393 2376 editis‚&Tzetzes

338 2380 379 2419 in
399 2381 623 2420 Chiliadibus
637 2410 647 2426 ,
669 2384 708 2419 &
736 2382 924 2420 Zenobius
939 2411 951 2427 ‚
980 2380 1103 2430 (apud
1128 2394 1243 2432 quem
1266 2391 1394 2420 tamen

338 2433 517 2478 Λυγγεῦς
532 2444 725 2482 perperam
748 2445 815 2482 pro
838 2436 1009 2479 Λυγκεῦς
1033 2432 1219 2481 scribitur)
1251 2434 1288 2471 &
1308 2434 1395 2483 Hy-

339 2483 468 2534 ginus,
497 2483 644 2522 Servius
666 2486 705 2522 &
729 2484 944 2522 Scholiastes
966 2484 1071 2522 Statii
1093 2496 1171 2521 non
1193 2497 1270 2522 uno
1292 2485 1395 2524 loco.

337 2533 455 2582 Apud
482 2534 720 2573 Scholiastem
749 2536 966 2574 Germanici
995 2543 1121 2572 tamen
1151 2535 1189 2572 &
1221 2536 1394 2581 Horatii,

340 2584 447 2623 Statii
465 2598 619 2635 quoque
639 2598 718 2623 uno
746 2587 784 2624 in
802 2588 890 2624 loco
914 2586 1024 2623 Linus
1040 2585 1218 2624 mendose
1237 2587 1396 2636 appella-

341 2642 412 2672 tur.
434 2636 562 2674 Sidon.
582 2637 749 2686 Apollin.
770 2638 894 2676 Carm.
914 2650 976 2675 xv.

396 2686 491 2723 Solus
511 2688 791 2738 Hypermnestrae
802 2688 968 2738 servatus
983 2702 1125 2726 munere
1144 2693 1307 2738 Lynceus.

344 2734 401 2772 Ex
432 2737 505 2774 hoc
530 2740 707 2789 conjugio
735 2749 840 2778 natus
871 2739 920 2778 est
944 2739 1041 2778 Abas
1065 2769 1075 2784 ‚
1110 2741 1174 2789 qui
1200 2741 1398 2790 Metapen-

343 2785 450 2823 them
470 2788 591 2826 Proeti
610 2791 728 2828 silium
745 2819 754 2834 ,
784 2801 823 2829 ut
845 2800 1009 2830 mortem
1026 2791 1259 2831 ulcisceretur
1278 2802 1398 2842 pater-

346 2847 460 2881 nam,
489 2839 637 2876 occidit.
669 2843 881 2880 Heinsius.

400 2898 485 2936 ¹23·
513 2893 609 2924 Cura
624 2891 709 2939 piae.
724 2892 738 2940 ]
770 2894 858 2931 Vid.
879 2893 925 2932 ad
943 2894 1053 2943 Epist.
1073 2906 1163 2933 vin.
1189 2907 1244 2943 15.

402 2940 484 2995 326.
512 2943 659 2994 Ου’-’μνῆ
671 2943 826 2988 furtivis
843 2945 978 2994 insuper
998 2945 1088 2982 adde
1110 2946 1235 2996 rogis.]
1261 2945 1401 2991 Scribe,

345 2988 526 3038 quicquid
544 2988 745 3030 dissuadent
764 2995 843 3030 libri
868 3004 1010 3032 veteres
1026 3024 1035 3039 ,
1065 2997 1104 3040 i,
1122 2997 1323 3045 superadde.
1351 2997 1400 3034 fic

346 3039 407 3078 lib.
433 3052 485 3077 vx.
520 3052 602 3089 594.
631 3042 818 3080 Fastorum
845 3045 1022 3082 bafienris
1051 3047 1258 3095 legebatur,
1288 3048 1323 3083 si
1340 3047 1401 3083 vir

348 3105 381 3127 ις
396 3118 405 3134 ,
433 3090 583 3129 ἰηᾱίέῖας
601 3093 692 3141 exige
710 3092 798 3129 [lotis
817 3103 905 3142 opes,
936 3106 1021 3131 cum
1036 3123 1045 3137 ‚
1073 3097 1109 3137 i,
1138 3096 1249 3131 difflas
1275 3096 1317 3133 sit
1344 3108 1401 3133 re-

347 3141 591 3192 ponendum,
619 3144 657 3180 &
679 3144 772 3181 libro
797 3158 849 3181 xv.
871 3144 955 3191 778.
978 3146 1039 3182 ubi
1061 3146 1146 3183 vide
1166 3155 1295 3184 notas:

401 3193 470 3230 Dic
486 3203 539 3230 ter
551 3222 561 3238 ,
592 3206 635 3233 ω’
653 3194 688 3238 ι’,
716 3195 803 3231 vivo
814 3195 932 3245 perlue
952 3210 1024 3232 rore
1041 3209 1180 3234 manus.

349 3243 450 3281 Cum
477 3243 515 3281 in
545 3244 631 3282 vivo
657 3259 728 3282 rore
755 3258 854 3284 nunc
881 3247 1032 3296 legatur.
1068 3248 1164 3296 apud
1199 3249 1401 3288 Maronem

348 3292 413 3341 lib.
439 3307 512 3336 vu.
543 3299 628 3346 426.
647 3309 800 3349 quoque
821 3310 888 3349 pro
917 3297 1113 3349 Tyrrhenas
1136 3299 1149 3339 i
1160 3299 1273 3350 sterne
1291 3301 1401 3354 acies2

884 1025 1247 1102 ypermnestra
1261 1065 1277 1090 ‚
1313 1023 1548 1097 pretium
1569 1023 1780 1095 pietatis
1801 1022 2047 1096 iniquum
2060 1058 2078 1087 ‚

696 1103 879 1176 Quam
903 1114 1141 1157 mortem
1163 1099 1315 1156 fratri
1340 1096 1578 1170 depulit,
1615 1097 1723 1171 ipsa
1747 1096 1884 1151 tulit.

2354 1166 2493 1226 Scri·

1443 1309 1551 1348 multi
1571 1311 1732 1355 codices,
1745 1312 1857 1349 etiam
1877 1309 2082 1355 veterrimi,
2095 1305 2251 1356 insterne.
2268 1307 2366 1357 apud
2383 1308 2494 1357 Clauf

1443 1361 1541 1399 dian.
1560 1374 1613 1399 vr.
1635 1363 1745 1400 Cons.
1768 1364 1915 1399 Honor.
1938 1373 2022 1405 227.

1497 1418 1519 1449 I
1532 1412 1645 1461 potius
1659 1413 1754 1462 genti
1777 1413 1930 1462 reliquus
1945 1440 1954 1454 ,
1971 1410 2149 1461 tantisque
2156 1409 2318 1459 superstes

1496 1463 1659 1501 Danubii
1668 1463 1800 1514 populis
1813 1493 1823 1509 ,
1849 1465 1860 1500 i
1879 1463 2031 1510 nostrum
2049 1463 2134 1498 vive
2155 1471 2344 1511 tropaeum.

1443 1514 1522 1553 Ubi
1537 1523 1623 1552 ante
1644 1516 1805 1553 nostram
1833 1514 2039 1552 editionem
2058 1513 2266 1562 legebatur,
2288 1513 2326 1549 in
2345 1512 2495 1562 nostrum

1444 1565 1532 1603 vive
1553 1576 1741 1616 tropaeum.
1768 1566 1923 1603 Peffime
1956 1565 2109 1602 verbum
2135 1564 2172 1602 id
2198 1564 2494 1614 monosyllabum

1443 1616 1610 1666 plurimis
1640 1617 1738 1666 apud
1758 1617 1948 1665 scriptores
1972 1616 2136 1664 optimos
2160 1616 2198 1652 in
2216 1615 2307 1653 locis
2329 1616 2377 1653 est
2397 1616 2496 1656 habi*

1444 1674 1525 1704 tum
1542 1696 1552 1709 ‚
1585 1667 1631 1702 de
1656 1680 1734 1715 quo
1753 1668 1877 1705 multis
1896 1667 1955 1716 egi
1973 1666 2019 1704 ad
2041 1666 2242 1714 Epistolam
2264 1679 2319 1703 iv.
2338 1666 2394 1709 ybs.
2418 1678 2494 1713 127.

1446 1717 1659 1754 Hizmsxus.
1687 1717 1768 1765 Ego
1792 1716 1886 1754 nihil
1902 1716 2018 1754 ausim
2042 1724 2199 1755 murareg
2225 1715 2275 1754 fic
2294 1717 2346 1753 Tb
2368 1716 2499 1767 insuper}

1445 1767 1507 1805 lib.
1534 1779 1590 1805 11.
1611 1767 1721 1805 Trist.
1744 1779 1827 1817 ¹29·

1502 1818 1641 1868 Insuper
1660 1819 1829 1856 accedunt
1842 1847 1852 1863 ,
1881 1828 1914 1855 te
1932 1831 2001 1855 non
2022 1817 2199 1854 adimente
2211 1846 2220 1861 ,
2244 1826 2413 1865 paternae

1551 1871 1777 1919 (Tamquam
1795 1870 1876 1906 vita
1890 1878 2018 1916 parum
2038 1868 2191 1916 muneris
2214 1867 2312 1916 effet)
2340 1877 2423 1916 opes.

1447 1919 1538 1957 Vid.
1571 1920 1697 1957 Gifan.
1730 1920 1810 1957 Ind.
1841 1919 2020 1956 Lucretii.
2059 1917 2202 1954 furtivi
2230 1930 2319 1956 vero
2345 1920 2396 1957 illi
2417 1922 2501 1970 rogi

1446 1982 1525 2008 non
1541 1969 1752 2007 ‘admodum
1774 1970 1930 2019 placent,
1957 1969 2137 2006 finitimis
2159 1977 2234 2007 erat
2254 1970 2292 2006 in
2314 1971 2504 2011 Leidenfi.

1447 2022 1544 2058 forte
1567 2049 1578 2066 ,
1615 2023 1804 2059 Fraternis.
1852 2029 1893 2059 ut
1919 2022 2008 2059 velit
2035 2021 2070 2059 se
2100 2020 2185 2058 addi
2215 2021 2312 2068 rogis
2344 2023 2501 2061 fratrum

1447 2072 1537 2121 ejus.
1582 2071 1753 2111 Francius
1791 2084 1858 2122 pro
1895 2072 1986 2108 adde
2003 2100 2014 2117 ,
2062 2072 2172 2109 vellet
2208 2070 2296 2107 abde
2332 2072 2393 2110 vel
2429 2087 2505 2114 ure.

1448 2122 1718 2161 BURMANNus.

1502 2175 1584 2211 128.
1618 2175 1817 2225 Scriptaque
1838 2173 1914 2224 sint
1944 2173 2059 2211 titulo.
2082 2172 2098 2224 J
2138 2172 2344 2223 Sculptaque
2379 2172 2502 2222 scripti

1445 2225 1556 2263 nostri
1582 2237 1714 2264 omnes
1744 2238 1829 2263 cum
1861 2226 1984 2274 primis
2019 2224 2255 2263 editionibus,
2280 2224 2359 2274 pari
2379 2224 2504 2263 modo·
2532 2234 2551 2262 3.

1449 2276 1617 2314 Avienus
1638 2277 1722 2314 Fab.
1742 2291 1823 2314 xiv.
1845 2277 1890 2314 de
1911 2277 2125 2324 sepulchro:
2166 2304 2172 2309 .

1500 2328 1666 2378 Sculperet
1684 2338 1725 2365 ut
1746 2327 1848 2364 docili
1862 2327 1982 2378 pollice
1995 2327 2088 2376 saxa
2109 2327 2170 2366 leo.

1449 2379 1498 2417 Et
1519 2379 1615 2428 apud
1637 2380 1759 2418 Horat
1788 2380 1849 2417 lib.
1869 2392 1931 2417 111.
1951 2380 2028 2417 Od.
2047 2391 2101 2416 xx.

1505 2437 1524 2467 J
1535 2459 1544 2475 ,
1561 2431 1659 2480 pedes
1680 2444 1745 2481 quo
1766 2440 1798 2467 te
1816 2431 1959 2480 rapiunt
1978 2442 2022 2470 φ’
2040 2443 2149 2467 aurae
2162 2458 2173 2475 ‚

1501 2487 1603 2519 Dum
1612 2484 1722 2529 favet
1740 2495 1809 2518 nox
1830 2494 1874 2521 (ς’
1888 2488 1997 2518 Venus
2009 2498 2020 2526 ;
2050 2481 2064 2518 i
2073 2481 2224 2530 secundo

1555 2534 1680 2571 Omine
1694 2562 1704 2578 ‚
1732 2545 1776 2573 ω’
1796 2532 1902 2581 nostro
1922 2547 2107 2570 memorem
2117 2531 2296 2583 ftpulchro

1911 2584 2027 2633 Sculpe
2044 2585 2233 2633 querelam.
2410 2627 2416 2635 ἱ
2530 2617 2531 2620 ,

1451 2636 1529 2674 Ubi
1565 2637 1687 2674 minus
1726 2636 1826 2674 reete
1870 2636 1906 2673 in
1947 2636 2071 2673 multis
2108 2633 2332 2674 editionibus
2369 2633 2509 2686 legitur
2529 2639 2553 2678 τι

1443 2687 1569 2739 scalpe.
1597 2689 1697 2726 idem
1714 2688 1775 2725 lib.
1799 2701 1844 2726 11.
1865 2687 1935 2724 Sat.
1956 2699 2022 2723 111.
2529 2682 2532 2730 ζ

1685 2745 1870 2776 Summam
1884 2736 2080 2788 patrimoni
2100 2735 2284 2786 insculpere
2292 2735 2382 2785 saxo
2530 2734 2531 2750 ¹

1506 2790 1674 2828 Haeredes
1695 2790 1822 2828 voluit.
2528 2772 2531 2827 l

1455 2841 1569 2891 Apud
1599 2842 1838 2880 Lactantium
1876 2841 2040 2879 carmine
2065 2839 2112 2878 de
2141 2839 2331 2877 Phoenice
2362 2844 2508 2881 veteres
2528 2842 2553 2894 ,i

1456 2895 1568 2931 etiam
1592 2894 1850 2931 membranae:

1507 2945 1671 2981 Protinus
1688 2943 1889 2993 exsculpunt
1898 2944 2038 2993 sacrato
2056 2942 2094 2979 in
2113 2955 2287 2979 marmore
2297 2942 2470 2989 fhrmam.

1456 2995 1608 3044 Vulgari
1629 2995 1834 3044 inscalpunt.
1863 3004 1898 3032 at
1920 2994 2090 3031 Tibullus
2114 3006 2143 3031 1.
2163 2993 2266 3041 Eleg.
2287 3004 2352 3032 111.

1508 3052 1575 3082 Fac
1593 3045 1678 3094 lapis
1693 3045 1863 3094 inscriptis
1871 3045 1937 3092 stet
1947 3045 2050 3095 super
2067 3044 2132 3094 offa
2153 3045 2265 3089 notis.-

1456 3096 1645 3133 Ausonius
1666 3096 1934 3134 Parentalibus:

1506 3146 1672 3182 Gaudent
1691 3145 1855 3196 compofiti
1876 3148 1999 3184 cineres
2012 3146 2080 3197 sua
2100 3146 2244 3184 nemina
2260 3143 2350 3189 dici,

1560 3197 1743 3234 Frontibus
1764 3198 1824 3234 hoc
1835 3198 1974 3248 ficriptis
1994 3211 2038 3238 ω’
2054 3207 2280 3235 monumenta
2291 3195 2433 3245 jubenti

1458 3249 1516 3288 Sic
1525 3247 1697 3298 scriptum
1714 3263 1843 3285 aurum
1865 3250 2036 3297 Juvenali
2057 3262 2111 3287 vr.
2129 3262 2214 3297 205.

1509 3300 1666 3349 Dacius,
1692 3301 1873 3356 &scripte
1892 3301 2014 3341 radiat
2038 3298 2265 3341 Germanicus
2281 3311 2382 3341 auro.

2419 3348 2510 3393 ΞΜ
