2553 3676
683 172 1871 242 P.OV1D11NASONIS‘

478 281 555 334 At
580 279 726 350 prius
752 274 1058 338 arboribus,
1095 284 1213 327 tum
1240 287 1366 326 cum
1408 273 1630 329 meliora
1654 273 1804 329 fuere

555 351 864 423 Tempora,
903 360 1176 403 certamen
1199 345 1485 400 fertilitatis
1511 360 1638 403 erat.

484 425 630 479 Cum
659 422 867 477 domini
890 438 1157 476 memores
1184 417 1333 473 sertis
1361 435 1550 474 ornare
1576 420 1811 475 solebant

557 496 869 568 Agricola3‚
907 494 1083 551 fru&u
1109 490 1495 569 proveniente,
1533 492 1698 546 Deos,

483 571 651 641 Saepe
677 584 791 624 tuas
815 570 1009 641 igitur,
1047 566 1215 620 Liber
1243 605 1259 630 ,
1299 573 1519 615 mlratus
1545 580 1599 615 es
1624 581 1779 618 uvas:

563 642 764 697 Mirata
803 642 876 695 est
903 641 1041 694 oleas
1066 637 1219 707 saepe
1242 631 1496 690 Minerva
1519 633 1648 688 suas,

487 717 764 789 Pomaque
791 710 1042 766 laefiffent
1067 721 1329 768 matrem3
1371 706 1429 760 ni
1450 707 1661 761 subdita
1685 723 1837 762 ramo

557 789 751 857 Longa
776 782 1037 838 laboranti
1061 781 1212 835 furca
1240 777 1435 833 tuliffet
1463 797 1641 851 opem.

378 880 440 934 15
480 863 629 934 Quin
656 859 816 912 etiam
844 856 1093 926 exemplo
1118 852 1356 925 pariebat
1381 851 1582 907 femina
1607 852 1790 907 nostro
1812 875 1827 916 ;

556 932 821 1003 Nullaque
846 946 959 983 non
984 929 1075 981 illo
1101 940 1350 997 tempore
1374 938 1547 980 mater
1572 939 1702 980 erat.

485 1009 571 1069 At,
589 1002 870 1077 postquam
895 999 1143 1074 plataniS‚
1182 997 1413 1052 sterilem
1438 998 1816 1071 praebentibus
1840 997 2114 1072 umbram,

560 1078 794 1132 Uberior
822 1073 1009 1148 quavis
1032 1071 1224 1127 arbore
1248 1069 1395 1126 venit
1433 1073 1639 1135 honos;

486 1153 600 1208 Nos
624 1166 844 1222 quoque
876 1145 1162 1220 frugiferae
1190 1142 1263 1215 (fi
1287 1161 1399 1199 nux
1421 1145 1591 1200 modo
1617 1163 1793 1220 ponor
1818 1147 1875 1202 in
1899 1147 2034 1214 illis)

339 1233 442 1278 ’20
554 1223 849 1295 Coepimus
872 1221 928 1276 in
952 1220 1154 1294 patulas
1179 1217 1448 1274 luxuriare
1472 1237 1669 1276 comaS.

182 197 288 261 830

380 518 443 552 [Ο

2193 1290 2356 1347 Nune

247 1427 282 1464 7.
310 1414 407 1464 Aa]
436 1412 676 1452 Adversativa
694 1410 880 1460 particula.
907 1405 1143 1446 Cromnos?
1303 1407 1334 1445 ti
1363 1412 1508 1444 Damon
1530 1406 1581 1456 fic
1611 1408 1713 1459 coepit
1744 1408 1871 1447 olivae.
1922 1407 1983 1446 Est
2012 1407 2114 1446 enim
2136 1404 2208 1443 olea
2228 1406 2360 1453 arborg

247 1481 285 1512 o.
312 1473 407 1503 Tunc
426 1463 598 1512 domina]
634 1463 774 1501 Iterum
795 1463 832 1499 in
857 1459 965 1498 MSS.
993 1465 1086 1496 Cum
1115 1457 1250 1495 domini

196 1513 373 1558 memores.
398 1530 475 1554 cum
501 1544 512 1561 ,
560 1526 638 1563 quo
674 1522 845 1562 tempore
866 1539 877 1558 ,
911 1522 1049 1560 nempe
1092 1509 1249 1547 vetusto.

197 1571 363 1608 Panare.

251 1633 306 1658 1o.
334 1617 517 1667 Agricolae
538 1617 664 1664 frusta
685 1614 907 1665 proveniente
935 1611 1070 1661 Deos.]
1123 1612 1251 1662 Lege,

200 1669 382 1720 Agricolas
404 1675 493 1706 Deos
508 1697 519 1714 ,
554 1665 732 1717 quicquid
760 1666 843 1704 libri
863 1672 1004 1703 veteres
1028 1661 1253 1702 difi'entiunt.

201 1723 296 1759 Met.
318 1733 406 1759 vm.
428 1722 512 1758 226.

250 1779 394 1821 Coeptus
413 1771 457 1808 ab
477 1769 633 1820 agricolis
646 1769 783 1820 superos
799 1765 959 1819 pervenit
978 1765 1026 1803 ad
1047 1778 1161 1804 omnes

252 1822 468 1872 Ambitiofus
485 1822 599 1859 honos.

201 1875 260 1913 Sic
277 1875 315 1913 δε
338 1875 485 1922 Priapus
506 1870 668 1910 Ruricola
689 1877 784 1908 Deus
804 1871 940 1920 poetis.
967 1867 1254 1918 poffet&Agri-

199 1926 308 1962 colam
333 1930 446 1962 Deum
467 1925 551 1973 legi.
590 1934 869 1973 quemcumque
890 1922 1017 1959 Deum
1039 1921 1252 1969 agricolam.

204 1977 252 2015 sic
275 1976 444 2014 Tibullus
463 1975 555 2013 libro
580 1987 609 2012 Ι.
633 1975 732 2023 Eleg.
758 1974 899 2022 prima:

253 2033 299 2064 Et
322 2027 547 2078 quodcunque
575 2024 664 2062 mihi
680 2034 819 2074 pomum
843 2037 954 2061 novus
969 2023 1094 2060 educat
1114 2035 1230 2059 annus
1243 2050 1254 2068 ,

305 2078 472 2114 blatum
492 2075 659 2125 agricolae
672 2076 816 2126 ponitur
836 2085 919 2112 ante
941 2080 1023 2111 Deo.

201 2130 276 2168 Ubi
308 2129 399 2166 nihil
429 2128 671 2166 mutandum:
708 2138 937 2176 quamquam
965 2124 1148 2174 Agricolas
1174 2134 1258 2162 ante

204 2187 292 2218 Deos
324 2179 496 2217 nonnulli
521 2179 660 2226 legunt.
688 2186 750 2215 aut
777 2177 802 2214 fi
834 2177 925 2226 quid
956 2184 1121 2214 mutetur
1140 2204 1151 2221 ‚
1190 2187 1257 2224 pro

203 2232 354 2268 libatum
376 2231 491 2268 libens
523 2240 727 2278 reponam,
749 2228 946 2266 libandum.
986 2227 1092 2266 Idem
1125 2227 1262 2265 Tibul-

203 2284 256 2321 lus
281 2283 382 2331 Eleg.
404 2293 440 2318 v.

258 2333 325 2370 Illa
350 2338 420 2369 Deo
432 2331 518 2380 sciet
538 2330 705 2380 agricolae
721 2339 782 2380 pro
801 2329 937 2367 viribus
956 2343 1069 2368 uvam
1086 2359 1097 2376 ,

313 2390 379 2420 Pro
390 2383 498 2432 segete
511 2384 621 2432 spicas
634 2411 642 2424 ,
665 2391 728 2431 pro
743 2394 837 2430 grege
847 2383 940 2428 ferre
957 2381 1090 2431 dapem.

205 2436 253 2474 Et
274 2434 369 2472 libro
394 2447 439 2472 11.
460 2434 565 2482 Eleg.
588 2446 619 2471 1.

691 2488 791 2520 Dum
812 2482 965 2519 carmine
983 2482 1090 2532 nostro

259 2536 426 2579 Redclkus
444 2534 600 2584 agricolis
616 2534 734 2583 gratia
753 2533 943 2570 caelicolis.
998 2534 1214 2571 Harusms.

211 2588 394 2636 Agricolas
427 2587 458 2632 f.
482 2587 727 2636 praeveniente
762 2590 851 2621 Deos
872 2601 882 2620 .-
938 2584 1124 2622 dicebatur
1161 2585 1262 2622 enim

213 2639 362 2674 Praeitio
381 2640 417 2675 in
439 2638 552 2675 sacris.
581 2638 740 2674 Douzrr.
770 2636 1018 2673 praeveniente
1032 2637 1142 2673 etiam
1166 2637 1266 2684 lege-

212 2689 272 2725 bat
295 2689 459 2726 Pricaeus
478 2689 523 2726 ad
547 2689 656 2737 Apul.
679 2687 792 2736 Apol.
818 2698 899 2736 pag.
924 2698 1004 2735 132.
1033 2687 1094 2724 ubi
1119 2686 1164 2724 cie
1185 2687 1266 2724 Diis

217 2739 400 2786 Agricolis
420 2740 532 2787 plura.
556 2738 799 2789 proveniente,
826 2738 913 2775 licet
937 2737 1085 2776 codices
1104 2747 1241 2786 negent
1255 2766 1266 2782 ‚

218 2789 473 2838 recipiendum
498 2791 557 2827 est.
585 2791 674 2828 Fast.
698 2803 751 2827 1v.
769 2793 853 2836 617.

266 2846 447 2889 Largaque
460 2842 619 2889 provenit
637 2841 764 2890 ceffatis
785 2839 890 2889 meffis
906 2839 945 2878 in
962 2840 1074 2878 arvis.

216 2892 264 2929 Et
284 2893 335 2930 ita
353 2890 490 2939 paffim.
518 2891 755 2930 Bersmaunus
776 2894 933 2940 explicat
959 2891 1109 2940 praecoci
1126 2893 1266 2936 sruffiu.

1304 1458 1400 1495 oliva
1419 1458 1541 1496 bacca.
1596 1460 1787 1504 Licetrrhic
1813 1461 1852 1498 in
1869 1459 2020 1508 proprio
2041 1469 2193 1507 quoque
2223 1457 2359 1507 fignifi-

1306 1517 1390 1547 catu
1420 1508 1645 1559 pro‘arbore
1674 1510 1816 1548 dietum
1845 1511 2010 1559 accipere
2047 1507 2235 1557 possimus.
2287 1508 2361 1548 Sed

1306 1561 1442 1598 melior
1462 1569 1589 1598 tamen
1610 1561 1709 1610 prior
1728 1561 1918 1599 sententia.
1945 1573 2032 1598 nam
2044 1560 2147 1607 supra
2156 1570 2232 1596 non
2246 1557 2363 1604 vites;

1306 1611 1368 1649 sed
1388 1623 1477 1649 uvas
1500 1611 1603 1649 dixit.
1631 1613 1812 1650 Manius.
1841 1611 1876 1649 Si
1892 1612 2001 1649 liceat
2019 1610 2224 1659 producere
2245 1609 2287 1646 τὸ
2306 1622 2364 1657 es,

1308 1670 1351 1701 ut
1363 1662 1407 1700 ad
1418 1663 1522 1712 Eleg.
1537 1663 1576 1700 in
1598 1662 1706 1700 Drus.
1728 1670 1958 1713 379.notant
1978 1662 2048 1700 viri
2070 1660 2171 1699 doffi
2187 1689 2197 1704 ,
2211 1660 2364 1700 mallem

1307 1713 1370 1751 hic
1392 1725 1570 1763 quoque,
1600 1714 1740 1751 Mirata
1767 1728 1799 1751 es
1826 1713 1914 1751 oleas
1937 1712 2036 1762 ficepe
2067 1711 2237 1749 Minerva
2271 1722 2364 1754 tuas.

1309 1764 1382 1802 Sed
1399 1765 1528 1803 dubito
1557 1765 1812 1803 vehementer.
1864 1765 2134 1803 BURMANNUS.

1364 1827 1421 1865 13.
1450 1815 1649 1866 Matrem]
1679 1823 1817 1854 Matres
1833 1816 1917 1861 alii,
1946 1815 1983 1854 id
2011 1817 2083 1861 est,
2112 1815 2189 1853 suas
2216 1815 2366 1864 pomos}

1309 1867 1470 1910 DouzA.
1499 1867 1573 1906 vid.
1598 1869 1766 1918 Rutgers.
1797 1867 1904 1905 Lest.
1925 1869 2065 1905 Venus.
2087 1879 2163 1915 cap.
2187 1878 2240 1904 xr.

1368 1931 1426 1968 13.
1455 1917 1534 1968 Nzfi
1540 1918 1689 1967 subdita
1709 1918 1844 1969 ramo]
1875 1917 1981 1956 Idem
2000 1918 2081 1956 sunt
2102 1917 2369 1967 fignificatione

1278 1969 1289 1978 ⁸
1309 1968 1375 2019 nist
1392 1973 1430 2008 ὅς
1454 1970 1514 2008 ni:
1542 1969 1603 2008 sed
1625 1982 1701 2008 non
1721 1971 1821 2008 idem
1843 1970 1946 2008 sono.
1973 1970 2058 2018 lego
2079 1968 2199 2005 eMS.
2233 1969 2269 2005 ni
2280 1968 2369 2016 suh-

1311 2021 1411 2065 dita,
1434 2022 1472 2059 ὃς
1493 2029 1585 2070 puto
1616 2022 1658 2059 iis
1677 2021 1844 2070 placere,
1872 2022 1936 2070 qui
1957 2032 2060 2059 aures
2079 2020 2215 2057 habent
2235 2029 2368 2068 purga-

1309 2073 1435 2110 tiores.
1489 2078 1648 2109 Matrem
1668 2073 1825 2121 appellat
1854 2073 2023 2109 arborem
2045 2069 2285 2109 foecundam.
2315 2071 2369 2108 lta

1311 2123 1448 2161 Plinius
1465 2123 1529 2161 lib.
1560 2135 1630 2161 ΧΠ.
1660 2124 1765 2160 Romi
1794 2124 1834 2160 in
1861 2121 2030 2170 excelsum
2058 2122 2208 2159 emicant
2227 2120 2376 2170 sylvosae

1314 2174 1546 2211 multitudine
1578 2174 1674 2222 vasto
1702 2175 1829 2213 matris
1864 2183 2003 2224 corpore.
2049 2173 2216 2211 FAmuc.
2261 2170 2376 2209 ramis

1313 2237 1444 2275 margo
1462 2226 1687 2263 Bersmanni.

1372 2289 1428 2324 17.
1455 2276 1590 2313 Steriles
1607 2276 1788 2327 umbras.]
1816 2276 1974 2314 sterilem
2001 2274 2166 2313 umbram
2195 2272 2370 2311 meliores

1315 2327 1406 2367 libri.
1435 2329 1471 2365 ὅ(
1484 2328 1648 2377 sequenti
1671 2328 1774 2365 versu
1788 2355 1798 2371 ‚
1819 2327 1924 2363 honos
1942 2338 2010 2375 pro
2027 2326 2143 2361 honor.
2171 2324 2318 2362 Hiems.

1374 2391 1429 2426 19.
1457 2385 1528 2415 Nos
1556 2391 1689 2425 quoque
1711 2376 1966 2424 ftubliferae.]
2015 2375 2212 2423 Frugiferae
2251 2375 2372 2423 scripti

1319 2430 1496 2479 plerique.
1520 2441 1590 2466 nec
1608 2427 1864 2476 respuendum.
1891 2424 2139 2472 Jurisconsulti
2166 2433 2263 2462 certe
2294 2433 2372 2463 tam

1313 2481 1503 2529 frugiferas
1520 2481 1663 2517 arbores
1677 2506 1688 2523 ‚
1710 2489 1822 2527 quarn
1835 2475 2038 2524 frubliferas
2055 2475 2268 2524 agnoscunt.
2288 2477 2374 2524 fru-

1315 2532 1510 2580 giferarum
1528 2529 1738 2568 Columella
1765 2540 1843 2566 non
1865 2527 1977 2565 semel
1996 2528 2181 2565 meminit.
2217 2526 2373 2566 Tacitus

1320 2583 1366 2620 de
1394 2583 1619 2625 Germania,
1655 2580 1746 2617 saris
1763 2580 1872 2626 ferax
1891 2607 1901 2623 ‚
1921 2578 2179 2628 frugiferarum
2208 2577 2377 2615 arborum¹

1320 2633 1518 2683 impatiens.
1544 2632 1642 2681 apud
1661 2632 1821 2670 Plinium
1841 2630 1902 2668 lib.
1926 2642 1986 2667 xv.
2009 2630 2134 2667 titulus
2153 2628 2221 2666 est:
2253 2635 2376 2665 Natu-

1322 2698 1362 2721 ra
1373 2685 1631 2733 frugiferarum
1651 2682 1826 2719 arborum.
1854 2681 1962 2718 habes
1985 2682 2023 2717 8<
2034 2680 2210 2729 frugifera.
2231 2679 2372 2727 arbusta

1322 2735 1418 2784 apud
1438 2736 1643 2773 Minutium
1666 2734 1825 2772 Felicem
1848 2733 1883 2769 in
1907 2731 2084 2769 octavio.
2107 2732 2243 2768 Cicero
2265 2731 2325 2768 lib.
2336 2743 2375 2768 v.

1322 2785 1473 2824 Tuscul.
1501 2786 1651 2835 Quaest.
1686 2797 1741 2834 13.
1778 2790 1898 2833 Neque
1913 2782 1956 2830 est
1975 2782 2091 2819 ullum
2124 2782 2285 2830 (arboris
2309 2793 2376 2831 ge-

1320 2850 1388 2875 nus
1403 2867 1412 2881 ,
1442 2839 1456 2884 )
1485 2837 1575 2888 quod
1594 2850 1661 2874 non
1683 2836 1736 2873 ita
1753 2835 1871 2884 vigeat
1890 2833 2049 2871 interiore
2070 2833 2222 2883 quodam
2252 2843 2374 2877 motu,

1323 2901 1366 2928 ω’
1382 2889 1458 2936 sicis
1480 2903 1611 2940 quoque
1618 2886 1810 2938 seminibus
1827 2883 1963 2935 inclufis
1988 2913 1998 2929 ,
2026 2895 2067 2921 ut
2086 2895 2149 2920 aut
2160 2883 2284 2933 flores,
2311 2892 2375 2920 aut

217 2942 277 2981 sed
297 2944 376 2991 quis
395 2943 441 2980 ita
463 2949 631 2979 veterum
654 2942 846 2991 loquitur?
871 2943 1267 2992 provenirenoro-caentus
1313 2942 1435 2987 fruges
1454 2941 1614 2986 smzdat,
1652 2949 1715 2976 ant
1746 2938 1875 2974 baccas.
1930 2934 2150 2974 Cornificius
2174 2935 2270 2983 apud
2296 2934 2377 2971 Ser-

218 2993 350 3031 millies
372 2992 417 3029 de
437 2993 620 3030 fertilitate
641 3001 717 3030 tam
746 2994 945 3030 hominum
967 2996 1005 3030 &
1025 2994 1241 3031 animalium
1257 3022 1266 3036 ,

219 3056 330 3093 quam
354 3055 524 3093 agrorum
547 3043 642 3091 apud
664 3053 804 3081 veteres
822 3044 1267 3082 occurrit.vid.Gronov.

220 3095 266 3133 ad
286 3095 410 3132 Tacit.
433 3107 520 3134 xvi.
543 3096 641 3132 Anu.
661 3107 694 3132 2.
752 3095 935 3131 Burman.

275 3157 331 3183 10.
360 3145 631 3195 mmeramme]
663 3147 912 3183 Praevemcme
942 3145 990 3182 est
1019 3153 1127 3183 vetus
1146 3145 1271 3183 lefflio.

221 3196 439 3235 Cresimus.

278 3259 333 3285 η.
361 3247 500 3297 ζήσαι]
538 3249 610 3285 Pro
642 3247 750 3286 olivis
776 3248 878 3285 dixit.
918 3248 1056 3285 Contra
1088 3248 1199 3284 Maro
1234 3248 1269 3285 in

221 3297 350 3336 Bucol.
375 3299 508 3337 olivam
528 3311 596 3348 pro
619 3299 722 3345 olea,
750 3300 939 3350 inquiens:
964 3298 1164 3336 lncimzbens
1184 3310 1267 3335 scre-

1325 2993 1427 3028 vium
1450 2991 1494 3028 ad
1515 2991 1574 3028 lib.
1600 3004 1630 3028 1.
1653 2991 1791 3037 Georg.
1814 3001 1870 3036 ςς.
1898 2993 1941 3023 Ut
1952 2987 2044 3034 folia
2065 3015 2075 3031 ,
2113 3000 2201 3035 quae
2214 2984 2378 3034 frugibus

1324 3041 1472 3077 arboreis
1490 3042 1640 3090 tegmina
1656 3041 1858 3088 gignuntur.
1896 3040 2088 3087 Quercum
2111 3041 2149 3075 &
2170 3037 2292 3075 ilicem
2320 3036 2378 3073 in-

1325 3100 1380 3128 ter
1400 3093 1585 3141 frug-{feras
1607 3091 1929 3140 ponitl-loratius,
1952 3089 2012 3127 sed
2034 3088 2249 3138 improprie.
2276 3086 2380 3126 lib.1.

1328 3143 1401 3180 Sat.
1422 3155 1500 3180 xvi.
2137 3161 2139 3163 -

1672 3213 1774 3222 ---
1803 3191 1838 3228 Si
1857 3205 1998 3243 quercus
2022 3201 2064 3230 ω’
2082 3190 2152 3227 ilex

1378 3243 1617 3292 Mulrdfrnge
1635 3253 1753 3293 pecus,
1780 3243 1895 3281 multa
1918 3242 2098 3281 dominnm
2112 3243 2218 3292 juvet
2236 3238 2379 3284 umbrrss

1327 3295 1573 3335 Nemeliamus
1595 3296 1723 3344 eclog.
1745 3307 1777 3334 1.

2276 3346 2379 3377 Dant
