2553 3676
700 185 1721 252 HEROIDES.EP.111.

320 287 347 342 8
356 306 383 356 5
421 282 595 341 Vince
616 277 846 340 animm,
882 277 1122 351 iramque
1146 290 1319 342 tuam,
1356 280 1449 353 qui
1472 293 1650 338 cetera
1672 287 1855 342 vincis,

491 349 640 423 Quid
663 350 855 404 lacerat
876 349 1083 424 Danaas
1106 351 1341 423 impiger
1357 351 1571 408 Hector
1595 358 1754 428 opes?

419 428 585 481 Arma
608 440 765 495 cape,
801 422 1066 488 Aeacida,
1104 423 1196 477 sed
1220 442 1308 478 me
1333 435 1512 480 tamen
1534 441 1656 482 ante
1679 442 1921 502 recepta:

488 494 562 550 Et
584 513 769 567 preme
791 494 1056 571 turbatQS,
1092 495 1277 551 Marte
1299 496 1540 561 favente,
1577 501 1733 556 virOS.

416 569 644 654 Propter
666 585 753 622 me
776 580 922 622 mota
945 569 1045 632 est,
1080 581 1301 642 propter
1325 586 1413 623 me
1438 569 1637 625 definat
1659 573 1761 627 ira:

264 662 379 715 ‚90

488 641 705 713 &imque
730 658 833 712 ego
857 640 1094 695 tristitiae
1116 640 1286 696 caussa
1307 642 1609 716 modusque
1635 658 1771 699 tuae.

415 714 532 770 Nec
554 713 650 767 tibi
675 726 831 785 turpe
854 726 980 785 puta
1001 714 1246 786 precibus
1270 714 1616 770 succumbere
1641 717 1852 771 nostris:
1881 714 1884 717 ’

490 784 748 857 Conjugis
772 785 1010 840 Oenides
1034 787 1209 841 versus
1233 788 1289 842 in
1311 806 1453 842 arma
1476 805 1637 859 prece
1662 789 1750 844 est.

414 859 527 916 Res
549 859 727 913 audita
750 858 908 922 mihi,
944 872 1072 913 nota
1095 859 1169 913 est
1191 860 1303 914 tibi.
1341 860 1588 915 fratribus
1614 862 1744 917 orba

485 931 724 986 Devovit
748 932 856 984 nati
879 931 1134 1005 spemque
1159 946 1426 1006 caputque
1449 950 1652 1004 parens.

308 1021 375 1073 95
414 1003 621 1060 Bellum
646 1015 782 1058 erat:
822 1004 908 1057 ille
932 1004 1088 1058 ferox
1109 1005 1288 1076 positis
1313 1004 1519 1060 seceffit
1543 1006 1606 1060 ab
1630 1007 1816 1070 armiS,

488 1076 561 1130 Et
585 1078 783 1148 patriae
808 1076 978 1149 rigida
1000 1090 1181 1132 mente
1206 1079 1420 1149 negavit
1444 1096 1621 1150 opem.

417 1149 537 1205 Sola
560 1151 735 1204 virum
757 1153 956 1221 conjux
979 1149 1147 1204 flexit.
1187 1150 1394 1205 felicior
1420 1151 1528 1205 illa!

487 1224 564 1276 At
589 1239 706 1277 mea
726 1240 825 1296 pro
850 1224 995 1278 nullo
1020 1223 1263 1296 pondere
1288 1223 1448 1279 verba
1471 1223 1685 1279 cadunt.

125 1391 339 1439 ⁵Iuvenalem
373 1390 443 1428 Sat.
469 1401 515 1428 11.
557 1401 637 1439 115.
674 1388 774 1438 Qid
807 1399 926 1426 tamen
959 1391 1162 1441 expectant?

128 1443 224 1480 Vide
244 1450 346 1480 notas
367 1441 411 1479 ad
430 1441 539 1489 Epist.
558 1453 637 1478 xxv.
659 1453 697 1477 v.
714 1441 774 1478 61.
795 1441 1002 1478 Hernsms.

75 1490 77 1492 ¹
174 1493 235 1536 87.
262 1498 379 1530 Arma
405 1500 478 1541 cape
509 1491 670 1528 Aeacide.
689 1490 704 1540 ]
736 1491 892 1527 Aeacida
924 1491 1042 1528 codex
1075 1491 1164 1530 alter

127 1543 263 1594 Regius
278 1571 287 1586 ‚
313 1552 354 1581 ut
373 1543 476 1580 Silius
495 1541 540 1579 de
559 1543 732 1579 Homero
753 1541 799 1579 ad
817 1542 1025 1580 Achillem:

230 1594 326 1630 Felix
344 1592 499 1629 Aeacida
511 1620 521 1635 ‚
550 1593 601 1628 cui
620 1592 686 1628 tali
706 1592 845 1640 contigit
859 1606 914 1630 ore

231 1642 396 1679 Gentibus
413 1641 545 1688 ostendi.

133 1693 264 1734 Noster
284 1693 346 1730 lib.
367 1705 437 1729 vn.
458 1691 553 1728 Met.
573 1703 609 1727 v.
627 1690 713 1727 8oo.

409 1742 533 1787 Juvat
552 1739 568 1775 ὃ
585 1738 768 1787 meminiff}
783 1738 876 1776 beati

231 1791 396 1841 Temporis
414 1790 581 1827 Aeacida.

127 1843 338 1894 Quomodo
358 1842 522 1890 optimae
543 1839 788 1876 membranae.
815 1838 864 1876 fic
882 1839 920 1877 &
941 1838 1002 1878 lib.
1020 1843 1073 1879 xx.¹

230 1892 386 1931 Aeacida
399 1919 409 1935 ‚
437 1890 530 1927 dixit
543 1918 554 1934 ‚
584 1890 674 1926 votis
685 1889 812 1937 potiere
826 1889 945 1938 petitis
957 1917 969 1935 ,

128 1946 273 1986 Notum
294 1942 382 1981 illud
400 1941 555 1980 oraculi:

231 1995 301 2044 Ajo
321 2005 352 2030 te
371 1992 526 2030 Aeacida
546 1997 712 2027 Romanos
729 1988 865 2026 vincere
876 1989 973 2040 posse.

131 2045 187 2085 Ita
202 2046 269 2094 Ep.
290 2057 343 2082 vi.
369 2044 448 2091 169.
469 2041 610 2079 Mobilis
628 2040 803 2090 Aefimia'a
823 2053 853 2079 1.
872 2042 952 2080 Art.
970 2040 1061 2081 Am.
1078 2042 1164 2091 691.

231 2095 329 2144 Qid
344 2095 436 2141 facis
463 2092 631 2130 Aeacida.

130 2159 179 2187 11.
197 2147 285 2184 Fast.
310 2158 390 2184 120.

230 2197 354 2234 Vellem
371 2194 557 2232 Maeonida
572 2195 686 2244 peb‘lus
709 2192 804 2242 inesse
828 2203 942 2233 tuum.
1018 2195 1164 2232 Hrms.

182 2248 240 2297 89.
269 2245 422 2296 Definat.
440 2246 454 2295 ]
495 2243 683 2291 ’Avamopcz
704 2245 918 2282 moranus.
954 2245 1165 2290 Voffianus,

131 2298 317 2336 Leidenfis
332 2325 342 2342 ,
363 2299 401 2335 ὃς
420 2295 623 2334 Bafileenfis
638 2294 752 2342 finiet.
770 2295 867 2332 unde
882 2295 993 2341 finiat
1009 2296 1164 2333 scriben-

130 2349 232 2387 dum.
259 2350 307 2387 ita
329 2361 376 2385 11.
401 2348 558 2384 Metam.
587 2357 668 2394 103.
687 2357 731 2383 ex
752 2346 834 2382 MS.
852 2346 1031 2382 finierant
1052 2346 1163 2383 moni-

129 2408 197 2437 tus.
223 2399 270 2437 fic
285 2398 485 2448 praecipitat
510 2398 612 2446 Virg.
644 2409 675 2434 1.
704 2395 864 2433 Aenerd.
893 2397 984 2444 prin.
1016 2397 1054 2433 ὃς
1078 2397 1164 2435 Stat.

130 2461 222 2488 vm.
247 2449 369 2487 Theb.
399 2462 478 2497 155.
503 2448 603 2496 plura
633 2447 800 2495 exempla
820 2446 994 2495 congeffit
1013 2447 1165 2486 Bernar-

130 2500 200 2542 tius
216 2500 260 2538 ad
280 2501 364 2538 Stat.
381 2512 425 2537 11.
445 2499 567 2536 Theb.
584 2509 644 2546 43.
672 2498 881 2534 Heinsius.

180 2563 238 2598 91.
267 2557 337 2587 Nec
362 2549 425 2586 tibi
452 2558 546 2598 turpe
565 2547 693 2598 pata]
722 2549 996 2596 Argumentum
1015 2559 1036 2587 a
1056 2560 1162 2587 com-

131 2602 317 2648 paratione
331 2629 342 2643 ‚
369 2602 406 2637 ὅ(
423 2612 444 2636 a
466 2600 613 2637 minori.
639 2599 855 2636 Cxoranus.

182 2664 241 2700 94.
267 2657 425 2701 Spemque
444 2659 605 2701 caputque
613 2649 711 2699 sui.]
742 2650 944 2698 Eleganter.
970 2655 1043 2699 Spes
1058 2652 1160 2689 enim

134 2704 276 2750 proprie
301 2702 345 2739 de
371 2701 510 2745 liberis,
538 2703 575 2738 in
599 2700 728 2749 quibus
751 2701 893 2749 egregia
912 2700 1162 2739 indolescon-

137 2752 286 2799 spicitur.
303 2753 406 2800 Virg.
425 2764 477 2788 vi.
497 2750 655 2789 Aenerd.
679 2752 755 2799 364.
773 2752 811 2788 &
829 2763 862 2788 x.
885 2763 964 2799 524.
992 2757 1058 2789 Per
1067 2754 1163 2802 spem

132 2802 296 2850 surgentis
317 2802 393 2838 Iuli.
420 2801 503 2839 vide
521 2801 566 2839 ad
587 2802 734 2839 Petron.
755 2813 831 2850 cap.
853 2814 908 2839 1v.

164 2864 220 2899 95.
233 2851 318 2888 Bello
335 2862 406 2888 erat
423 2852 481 2887 ille
492 2851 621 2900 ferox]
636 2852 748 2890 Recte
760 2852 976 2897 Puteaneus‚
986 2851 1120 2890 Bellum
1133 2867 1166 2890 e-

140 2910 196 2935 rat
207 2917 216 2935 :
227 2901 281 2936 ille
282 2902 621 2947 ferox.Fast.IV.880.
634 2908 769 2939 Turnus
776 2916 824 2938 aa
837 2909 971 2938 Aeneas
983 2903 1104 2939 Latiae
1111 2917 1167 2951 ge-

140 2962 200 2986 mr
209 2950 277 2998 esset
287 2952 584 2996 Amatae,Bellam
593 2953 726 2990 erat.fic
737 2954 774 2990 &
785 2960 862 2989 Pax
873 2953 1167 3002 erat,Fast.1.285.

193 3006 270 3036 Pax
289 3010 380 3044 erat,
406 3014 447 3040 <5⁶
464 3003 584 3050 vestri,
607 3004 828 3047 Germanice,
857 3003 956 3051 causti
973 3003 1142 3054 triumphi

245 3050 444 3086 Tradiderat
452 3053 607 3098 famulas
615 3055 694 3102 jam
713 3053 775 3090 tibi
793 3053 928 3090 Rhenus
943 3067 1063 3103 aquas.

140 3100 284 3139 Auctor
302 3101 444 3148 hlegiae
463 3103 499 3137 in
521 3103 661 3140 obitum
681 3106 927 3142 Maecenatis:

197 3157 273 3186 Pax
291 3160 384 3185 erat:
414 3149 493 3186 haec
509 3151 582 3188 illos
602 3153 771 3192 laxarunt
792 3155 862 3191 otia
883 3153 1004 3193 cultus.

142 3200 284 3238 Lucan.
304 3212 353 3235 iv.
382 3201 461 3247 196.
941 3245 946 3249 ὁ

194 3256 270 3288 Pax
288 3261 382 3287 eran
413 3262 455 3289 &⁴
474 3248 585 3298 castris
604 3250 698 3289 miles
707 3254 898 3302 permixtus
917 3255 1080 3306 utrisque.

2141 1296 2258 1352 Nec

1215 1387 1297 1426 Pari
1321 1388 1439 1428 modo
1468 1394 1549 1426 Nox
1575 1398 1652 1426 erat
1674 1416 1685 1433 ‚
1723 1393 1802 1426 Lux
1817 1397 1892 1426 erat
1910 1417 1921 1433 ,
1957 1388 1996 1427 &
2018 1388 2144 1428 similia
2165 1390 2262 1439 apud

1216 1439 1350 1478 Poe'tas
1381 1440 1504 1478 obvia.
1556 1441 1755 1478 Caeterum
1784 1451 1829 1477 ex
1862 1441 2036 1478 Homero
2061 1440 2261 1480 Historiam

1218 1490 1312 1527 hanc
1342 1490 1390 1528 est
1418 1498 1605 1528 mutuatus
1635 1490 1680 1528 de
1710 1490 1899 1539 Meleagro
1922 1518 1931 1534 ‚
1972 1503 2083 1540 quam
2110 1491 2209 1529 Iliad.
2233 1491 2265 1530 I.

1217 1540 1386 1579 Phoenix
1406 1541 1541 1579 Achilli
1561 1550 1691 1579 narrat.
1715 1542 1825 1580 Extat
1853 1543 1891 1580 &
1910 1541 2006 1590 apud
2023 1542 2259 1580 Antoninum

1220 1591 1429 1629 Liberalem
1460 1593 1713 1641 Metamorph.
1748 1592 1832 1630 Fab.
1863 1605 1908 1630 11.
1946 1591 2078 1630 Codex
2108 1593 2265 1632 Gottor-

1218 1642 1370 1688 phianus
1385 1670 1396 1686 ‚
1425 1648 1544 1678 Marte
1561 1652 1638 1678 erat
1657 1642 1716 1679 ille
1722 1643 1836 1688 ferox.
1865 1643 2076 1681 Hnmsxus.

1271 1703 1332 1739 95.
1359 1691 1523 1741 Seceffit.]
1553 1692 1663 1730 Forte
1685 1720 1695 1736 ,
1726 1690 1842 1741 positis
1859 1691 2031 1740 seceffierat
2055 1692 2175 1728 armis.
2202 1693 2263 1732 vel

1221 1739 1265 1776 ab
1277 1741 1386 1778 armis
1399 1770 1408 1786 ‚
1428 1742 1465 1779 id
1477 1743 1525 1779 est
1537 1770 1546 1786 ,
1560 1743 1638 1790 post
1651 1754 1748 1779 arma
1762 1742 1876 1790 posita
1889 1741 2084 1780 secesserat.
2098 1751 2139 1780 ut
2152 1743 2264 1792 Epist.

1219 1791 1387 1837 praeced.
1407 1804 1444 1829 v.
1468 1791 1526 1839 85.
1542 1792 1802 1828 BURMANNUS.

1271 1850 1332 1888 97.
1358 1840 1436 1877 Sola
1453 1841 1574 1878 viram
1593 1842 1744 1890 conjunx
1754 1839 1888 1890 flexit]
1913 1840 2085 1891 Alcyone
2104 1842 2261 1892 Hygino

1218 1888 1306 1928 Fab.
1339 1903 1495 1929 ctxxtv.
1524 1904 1618 1941 quae
1642 1893 1680 1929 &
1708 1892 1903 1940 Cleopatra
1926 1892 2124 1930 Antonino
2149 1894 2262 1931 Libe-

1220 1940 1283 1978 rali
1303 1970 1313 1986 ,
1355 1943 1394 1980 &
1423 1943 1597 1981 Homero
1621 1971 1632 1987 ‚
1675 1943 1774 1992 cujus
1804 1942 2021 1980 Scholiastae
2048 1943 2142 1980 hanc
2176 1944 2261 1982 Idae

1217 1991 1382 2039 Apharei
1409 1993 1449 2030 &
1482 1992 1675 2042 Marpifi'ae
1703 1993 1822 2030 uveni
1849 1992 1943 2031 filiae
1960 2001 2083 2031 natam
2102 1995 2263 2039 faciunt,

1218 2049 1259 2078 ut
1286 2043 1324 2079 ὃς
1349 2043 1600 2091 Apollodorus
1627 2045 1665 2081 in
1685 2043 1924 2082 Bibliotheca.
1952 2056 2029 2093 quo
2049 2044 2159 2090 teste,
2183 2045 2261 2094 post

1219 2091 1399 2142 Meleagri
1418 2103 1580 2132 mortem
1600 2093 1670 2131 sese
1691 2094 1764 2142 ipsa
1784 2095 1983 2132 interemit.
2011 2095 2227 2134 Hzmsxus.

1270 2143 1330 2191 98.
1349 2147 1405 2179 At
1424 2157 1501 2181 mea
1512 2153 1574 2194 pro
1594 2143 1688 2181 nullo
1700 2144 1845 2194 pondere
1861 2144 1969 2181 verba
1988 2144 2148 2195 cadum]
2168 2146 2259 2183 Sane

1216 2203 1287 2230 nec
1310 2194 1487 2232 Latinum
1508 2195 1557 2233 est
1577 2222 1586 2239 ‚
1622 2206 1693 2232 nec
1718 2194 1857 2233 sensum
1878 2195 2010 2245 explet.
2036 2195 2136 2234 Bene
2158 2197 2196 2233 in
2215 2196 2258 2235 li-

1218 2242 1272 2281 bri
1290 2243 1342 2282 sui
1362 2246 1526 2294 margine
1544 2246 1742 2283 Gruterus:

1270 2299 1327 2331 At
1345 2308 1420 2332 mea
1431 2296 1518 2345 proh
1538 2295 1632 2333 nullo
1642 2295 1792 2346 {pondere
1811 2295 1918 2333 verba
1937 2296 2090 2334 cadunt.⁴

1219 2344 1324 2383 DAN.
1345 2346 1555 2385 Hmnsms.
1583 2347 1760 2385 Gruterus
1774 2374 1784 2391 ,
1807 2346 1892 2396 proh
1914 2347 2007 2384 nullo
2018 2346 2190 2396 pondere!
2218 2355 2259 2385 ut

1220 2396 1259 2433 &
1287 2397 1498 2436 Gebhardus
1526 2399 1565 2435 in
1594 2396 1823 2447 CrepundiiS.
1847 2397 1907 2435 sed
1932 2397 2065 2435 frustra.
2092 2405 2132 2434 ut
2160 2398 2259 2435 recte

1218 2446 1311 2484 vidit
1339 2448 1656 2497 perspicaciffimus
1686 2449 1900 2485 Gronovius
1931 2447 1977 2485 ad
2007 2447 2105 2484 Livii
2136 2446 2196 2484 lib.
2226 2459 2257 2486 1.

1218 2508 1295 2546 cap.
1326 2510 1401 2535 xxt.
1423 2508 1484 2547 pro
1514 2498 1609 2536 nullo
1631 2498 1798 2548 pondere,
1826 2498 1864 2536 id
1888 2497 1960 2542 est,
1987 2505 2163 2546 tanquam
2183 2495 2259 2538 fine

1214 2547 1390 2596 pondere.
1409 2549 1499 2587 Fast.
1518 2562 1574 2587 1v.

1520 2606 1586 2637 Pro
1606 2611 1734 2648 magna
1755 2597 1830 2647 teste
1851 2596 2002 2644 vetustas

1318 2650 1492 2689 Creditur.

1217 2699 1256 2738 id
1284 2700 1332 2738 est
1349 2729 1360 2746 ‚
1404 2709 1595 2751 tamquam
1626 2711 1758 2749 magna
1789 2698 1884 2737 testis
1906 2725 1917 2742 ,
1961 2698 2059 2737 male
2094 2698 2225 2750 legitur
2247 2725 2260 2744 ‚

1217 2764 1341 2799 magno
1363 2752 1452 2799 teste.
1477 2752 1608 2789 Noster
1625 2751 1734 2787 Trist.
1751 2750 1813 2787 lib.
1835 2762 1865 2786 1.
1887 2749 2030 2787 E1.v11.
2056 2751 2110 2787 16.

1272 2801 1367 2838 Illud
1382 2803 1558 2839 amicitiae
1567 2800 1731 2850 fimaam
1750 2812 1794 2840 <⁷9⁴
1809 2799 2005 2836 venerabile
2026 2814 2149 2838 nomen

1322 2859 1368 2889 Re
1387 2852 1451 2888 tibi
1464 2862 1524 2901 pro
1544 2852 1611 2888 vili
1622 2850 1687 2899 sab
1696 2850 1904 2901 pedibusque
1914 2852 2020 2899 jacet.

1219 2903 1425 2950 Propertius
1438 2931 1447 2947 ‚
1475 2903 1535 2940 lib.
1560 2915 1589 2939 1.
1605 2902 1660 2940 El.
1680 2914 1715 2939 x.

1274 2960 1352 2989 Nea
1360 2951 1393 3002 fi
1408 2953 1494 3003 quid
1508 2953 1609 3002 petiit
1624 2981 1634 2996 ‚
1661 2953 1800 3000 ingrata
1807 2953 1926 3000 fronte
1943 2951 2096 3000 negaris,

1326 3010 1404 3040 Neu
1421 3002 1483 3040 tibi
1499 3013 1560 3052 pro
1577 3017 1669 3039 vano
1690 3002 1797 3040 verba
1815 3002 1959 3051 benigna
1976 3003 2115 3040 cadant.

1221 3054 1365 3093 Plautus
1382 3054 1659 3091 Menaechmis:

1273 3112 1338 3141 Pro
1348 3105 1435 3153 sano
1452 3103 1616 3154 loqueris,
1644 3104 1704 3153 qai
1723 3117 1794 3141 meo
1813 3117 1866 3141 me
1882 3103 2025 3153 appellas
2041 3100 2188 3140 nomine.

1222 3155 1365 3193 Ibidem
1381 3183 1391 3199 ,

1278 3213 1358 3242 Non
1369 3214 1430 3255 pro
1450 3205 1568 3254 infimo
1586 3204 1645 3241 hoc
1661 3204 1808 3242 verbum
1829 3203 2005 3254 respondit.

1225 3256 1298 3296 Sed
1318 3256 1450 3296 modus
1471 3256 1728 3306 exemplorum
1744 3268 1831 3344 l{on
1859 3253 1956 3292 effct.
1975 3262 2037 3302 pro
2061 3251 2156 3291 nullo
2176 3260 2261 3338 Zon-

1802 3317 1823 3343 2·
2204 3315 2269 3341 87¹6·
