2553 3676
636 194 1280 260 HEROIDES
1355 218 1450 253 ει».

1524 219 1688 258 XVII„

291 316 324 366 ς’
361 294 574 351 Scilicet
595 287 802 342 idcirco
825 286 1042 339 ventosa
1064 301 1160 356 per
1183 302 1416 360 aequora
1440 285 1653 343 Vedium

429 358 657 430 Excepit
680 371 841 429 portu
865 358 1124 412 Taenaris
1150 376 1241 411 ora
1265 360 1389 412 mo?

358 438 473 494 Nec
496 431 619 494 tibi,
652 430 861 485 diversa
887 431 1127 505 quamvis
1151 429 1181 483 e
1206 444 1367 501 gente
1393 433 1628 497 venireS‚

428 503 707 577 Oppositas
730 502 912 558 habuit
938 503 1082 575 regia
1107 504 1279 557 nostra
1303 502 1475 566 fores;

354 576 498 634 Effer
521 588 582 630 ut
607 573 778 635 officii
799 594 1004 631 merces
1028 575 1214 646 injuria
1240 578 1425 648 tanti?-

249 672 314 710 ω
422 648 535 722 Qui
557 648 625 704 fic
648 648 905 713 intrabas,
942 649 1160 721 hospe5‚
1198 668 1261 704 an
1291 650 1450 705 hostis
1477 651 1618 705 eras?

354 722 473 780 Nec
498 721 717 785 dubim,
752 723 883 794 quin
904 722 1063 785 haec,
1101 740 1226 776 cum
1251 723 1310 777 fir
1342 736 1449 778 tam
1469 723 1627 794 justa,
1666 734 1886 779 vocetur

422 794 669 859 Rustica,
698 794 932 867 judici0‚
969 793 1141 849 nostra
1167 797 1409 868 querela,
1445 808 1556 850 tuo,

351 867 570 923 Rustica
593 867 688 921 sim
708 868 857 930 sane;
899 867 1031 922 dum
1055 885 1164 922 non
1189 868 1351 922 oblita
1375 869 1624 941 pudoris?

426 941 683 1014 Dumque
707 952 864 995 tenor
887 941 1028 994 vitae
1052 940 1112 994 fit
1141 940 1246 994 sine
1271 942 1385 995 labe
1409 959 1574 995 meae.

248 1030 311 1083 15
348 1012 536 1069 Sinon
559 1012 637 1068 est
658 1012 784 1067 ficto
808 1013 982 1068 vultus
1006 1012 1137 1067 mihi
1161 1012 1316 1068 tristis
1338 1014 1394 1068 in
1419 1031 1544 1075 ore3

413 1086 533 1142 Nec
555 1085 717 1141 sedeo
742 1086 889 1141 duris
914 1098 1066 1141 torva
1092 1085 1413 1157 superciliis;

342 1158 502 1215 Fama
525 1171 706 1214 tamen
729 1160 864 1215 clar-a
890 1159 988 1214 est:
1030 1159 1087 1213 &
1110 1158 1283 1213 adhuc
1310 1160 1417 1214 fine
1443 1159 1668 1214 crimine
1692 1159 1829 1215 vixi:

428 1230 502 1287 Et
525 1232 737 1289 laudem
760 1232 830 1287 de
853 1250 941 1287 me
963 1232 1133 1288 nullus
1158 1231 1366 1288 adulter
1389 1232 1564 1288 habet.

57 1458 121 1498 Est
143 1465 267 1498 autem
283 1456 501 1508 sollicitare}
534 1464 578 1496 ut
606 1468 651 1495 ex
673 1456 780 1496 Festo
799 1456 943 1495 Paullus
965 1457 1096 1500 refert,

49 1522 101 1548 <nx
118 1507 180 1558 suo
214 1509 280 1546 loco
307 1522 452 1546 movere.
488 1508 602 1546 Unde
629 1507 792 1557 apposite
816 1509 1027 1546 transfertur
1054 1508 1099 1545 ad

59 1560 210 1599 chordas
223 1589 234 1606 ,
251 1560 340 1598 dum
357 1558 606 1608 impelluntur.
624 1560 844 1596 Cmrmus.
865 1559 1000 1596 Nescio
1021 1558 1098 1608 quo

57 1612 237 1661 pertineat
264 1611 356 1648 haec
379 1609 582 1648 observatio
611 1608 657 1646 de
686 1610 839 1647 chordis.
865 1609 989 1646 saltem
1002 1608 1101 1657 stalli-

60 1661 168 1698 citare
186 1660 318 1708 fidem,
345 1661 408 1698 vix
436 1659 582 1697 videtur
604 1659 783 1697 Ciofanus
804 1660 849 1696 de
870 1659 1013 1696 chordis
1032 1671 1100 1707 po-

59 1710 164 1749 tuisse
185 1723 324 1760 capere.
351 1712 447 1749 forte
475 1711 512 1748 in
539 1710 666 1748 animo
684 1710 808 1748 habuit
825 1710 952 1748 locum
970 1722 1017 1748 ex
1038 1710 1101 1748 lib.

0 1766 1 1813 ξ
58 1772 111 1800 xx.
143 1762 299 1799 Metam.
332 1762 413 1810 169.
450 1767 537 1798 Tum
556 1760 714 1808 stamina
738 1761 831 1796 decre
860 1760 983 1797 Pollice
1001 1760 1100 1810 stalli-

0 1818 1 1834 *
54 1810 157 1849 citat.
185 1811 257 1849 Sed
273 1819 313 1849 ut
332 1812 407 1849 hoc
427 1812 515 1849 loco
528 1838 540 1855 ,
567 1812 697 1849 millies
725 1811 883 1849 occurrit
897 1839 908 1855 ‚
928 1823 996 1860 pro
1017 1820 1100 1849 ten-

53 1869 133 1900 -tare
149 1861 331 1910 puellam,
356 1861 403 1900 ad
424 1862 628 1909 nequitiam
649 1861 831 1899 deducere
859 1863 996 1899 conari.
1023 1862 1099 1900 vid.

56 1923 117 1950 w.
138 1912 295 1951 Metam.
320 1913 406 1960 462.
433 1911 523 1949 Fast.
547 1923 629 1949 111.
650 1911 736 1961 483.
760 1914 797 1949 ὃς
818 1912 966 1950 Petron.
987 1924 1019 1950 c.
1039 1911 1098 1961 83.

53 1961 317 2002 Bunmmuus.

108 2014 143 2051 6.
171 2013 382 2064 Taenaris.]
420 2013 592 2063 Tyndaris
622 2012 887 2063 Gottorphian.
924 2012 1100 2051 Trinacris

52 2061 255 2103 Bernenfis.

107 2127 144 2162 7.
172 2122 209 2152 A
225 2115 361 2167 genta]
390 2121 420 2153 E
436 2125 536 2166 gente
552 2114 735 2153 meliores.
761 2116 972 2153 Hmsms.

2 2196 4 2213 ἶ
106 2165 142 2204 8.
170 2166 347 2217 Oppofitas.
368 2166 385 2218 ]
428 2166 527 2204 Male
566 2166 701 2204 Vlitius
740 2168 898 2216 oppansas
935 2166 1098 2205 volebat.

2 2222 4 2226 ⁴
55 2212 191 2256 Horat.
217 2230 297 2256 111.
323 2217 398 2255 Od.
418 2218 475 2256 26.
498 2213 657 2266 Oppofitis
667 2217 803 2264 foribus
822 2218 982 2255 minaces.
1009 2217 1097 2256 vide

59 2267 98 2304 &
124 2268 248 2306 Senec.
285 2281 339 2307 xv.
362 2268 447 2306 Nat.
478 2268 625 2316 Quaest.
651 2268 766 2305 Praef.
786 2268 883 2306 reste
903 2276 1027 2307 autem
1050 2280 1097 2306 ex

56 2316 280 2369 Thucydide
309 2321 454 2358 notavit
480 2319 637 2363 Douza,
665 2319 791 2368 respici
811 2321 933 2369 legem
956 2319 1098 2369 Sparta-

54 2378 141 2407 nam
163 2398 172 2414 ,
207 2382 280 2420 qua
305 2371 522 2409 vetabantur
555 2370 737 2419 peregrini
773 2370 813 2408 in
848 2371 935 2409 urbe
972 2371 1097 2420 recipi.

54 2417 319 2460 Buammws.

109 2483 164 2509 10.
195 2475 311 2522 Hospes
330 2486 379 2510 an
399 2471 527 2523 hostis]
548 2472 912 2522 Agnominationem
925 2472 1096 2514 eamdem

6 2532 8 2557 ς
54 2519 163 2560 habet
186 2523 292 2572 Epist.
310 2536 395 2561 xiv.
416 2539 474 2570 44·

6 2587 9 2623 i
110 2579 194 2610 Tam
204 2571 253 2623 sis
272 2573 372 2620 hostis
391 2574 481 2611 iners
493 2600 503 2619 ‚
520 2587 628 2625 quam
647 2574 763 2613 malus
781 2575 890 2625 hospes
907 2586 996 2615 eras.

52 2617 106 2662 Et
125 2635 180 2661 11.
199 2623 287 2662 Fast.
307 2625 391 2672 787.

8 2674 9 2707 i
109 2674 247 2724 Hospes,
268 2684 308 2711 ut
327 2676 426 2724 hostis
438 2704 447 2720 ,
466 2678 534 2715 init
545 2676 739 2726 penetralia
758 2675 941 2714 Collatini.

53 2717 103 2760 Et
118 2725 260 2763 videtur
279 2725 441 2765 adlufiffe
461 2728 507 2766 ad
526 2727 736 2778 ambiguam
754 2729 857 2765 vocis
871 2726 972 2776 hostis
988 2727 1095 2777 figni-

53 2771 264 2829 ficationem
289 2805 299 2820 ‚
336 2790 431 2827 quae
458 2781 550 2817 olim
586 2780 816 2828 peregrinum
845 2779 884 2816 &
911 2779 1092 2828 hospitem

55 2822 250 2878 indicabat.
269 2826 316 2863 fic
335 2830 373 2866 ὃς
391 2828 567 2880 usurpasse
587 2830 784 2879 Virgilium
806 2829 985 2878 quosdam
1008 2841 1095 2867 cen-

56 2870 182 2918 suisse,
209 2883 311 2913 notat
332 2878 475 2918 Servius
492 2881 539 2918 ad
554 2881 701 2929 Virgilii
723 2892 776 2918 xv.
799 2879 958 2917 Aeneid.
980 2892 1062 2927 424.

111 2926 235 2971 Jfi'rm‘
248 2952 258 2969 ι
276 2935 378 2976 atque
397 2929 518 2976 hostem
534 2931 674 2981 ficpplex
694 2931 816 2978 adfare
829 2929 1026 2979 superbum.

57 2971 163 3012 Plaut
198 2975 363 3031 Bacchid.
384 2980 466 3016 Act.
489 2993 545 3018 11.
565 2994 646 3019 111.
668 2994 721 3030 19.
747 2981 833 3018 Tun'
861 2981 1022 3030 hospitem
1048 2980 1096 3017 il-

56 3020 134 3061 ium
161 3038 320 3062 nommas
345 3025 467 3074 hostem
495 3039 596 3067 tuum
616 3041 631 3069 3
665 3031 855 3070 temerasse
882 3043 973 3069 vero
998 3031 1092 3071 sacra

58 3072 205 3123 hospitii
242 3077 354 3113 etiam
390 3077 566 3128 Aeschyl.'
594 3083 819 3131 Agamemn.
848 3082 935 3129 408·
969 3081 1092 3121 docet.

62 3121 327 3164 Bunmuuus.
712 3155 721 3162 .

118 3179 172 3215 16.
197 3184 269 3214 Nec
279 3176 414 3227 sedeo]
444 3177 562 3215 Videor
579 3179 783 3222 Puteaneus
801 3196 868 3233 pro
887 3184 1023 3228 diversa
1040 3185 1095 3223 le-

62 3223 187 3266 &ione
210 3230 248 3267 &
274 3229 333 3266 sex
359 3227 430 3266 alii.
456 3228 558 3277 quod
585 3233 697 3278 magis
716 3234 852 3281 placet:
879 3247 966 3272 nam
980 3234 1097 3283 fidere

65 3287 177 3328 quem
199 3279 262 3321 hic
289 3280 417 3320 locum
442 3279 575 3320 habeat
603 3292 682 3320 non
708 3283 833 3323 video.
858 3285 927 3332 rufi
952 3284 1096 3327 fortaffe

2066 1307 2198 1388 Quo

1152 1455 1327 1506 scrIpscrit
1355 1456 1454 1496 Naso
1477 1485 1488 1501 ,
1524 1469 1582 1494 nec
1615 1458 1701 1506 rigeo
1734 1456 1832 1495 duris
1867 1466 1971 1494 torva
1997 1456 2201 1506 superciliix.

1154 1507 1266 1556 idque
1287 1508 1419 1556 opinor
1439 1520 1570 1546 verum
1595 1508 1678 1546 effe.
1708 1508 1810 1546 Rideo
1827 1520 1894 1556 pro
1913 1508 1998 1557 rigeo
2018 1507 2200 1556 scripserat

1153 1558 1284 1595 librarii
1305 1570 1433 1596 manus
1453 1559 1629 1597 aberrans.
1656 1560 1744 1597 hinc
1765 1558 1861 1608 ftdeo
1887 1559 1931 1596 ab
1950 1559 2026 1596 aliis
2044 1559 2199 1604 criticis2

1156 1607 1199 1645 ab
1218 1608 1294 1646 aliis
1312 1609 1432 1646 videor
1451 1610 1601 1648 factum.
1627 1610 1755 1648 Senec.
1776 1610 1888 1646 Herc.
1909 1609 1998 1646 Oet.
2023 1610 2104 1648 166.

1207 1659 1296 1707 Qis
1313 1659 1431 1706 vastus
1451 1660 1610 1697 Briareus
1623 1687 1635 1707 ,
1660 1661 1737 1710 quis
1754 1659 1912 1697 tumidus
1932 1665 2040 1708 Gyges

1204 1716 1276 1746 Hoc
1295 1710 1402 1747 vultu
1420 1710 1550 1759 riguit?

1156 1759 1198 1797 Id
1222 1761 1270 1798 est
1289 1761 1395 1799 vultu
1415 1769 1492 1798 tam
1515 1762 1635 1810 rigido
1659 1762 1740 1800 fuit.
1761 1761 1860 1799 idem
1882 1759 2198 1804 Puteaneus‚vixi

1154 1822 1221 1859 pro
1240 1809 1306 1859 tufi
1316 1812 1472 1854 ,diversa
1496 1812 1625 1850 itidem
1644 1812 1808 1849 lectione
1827 1812 1994 1860 sequenti
2014 1811 2130 1849 versu.
2160 1818 2201 1848 ut

1156 1863 1195 1899 ὃς
1225 1863 1285 1900 alii
1313 1863 1430 1900 multi.
1463 1863 1525 1900 sed
1553 1861 1618 1912 lust
1639 1862 1802 1911 praestat.
1837 1861 1942 1911 quod
1968 1861 2121 1899 verbum
2151 1860 2201 1899 est

1154 1914 1400 1959 amatorium,
1426 1922 1468 1951 ut
1490 1914 1656 1951 dicemus
1683 1913 1776 1950 alibi.
1805 1913 1855 1950 ita
1875 1913 2007 1951 Graeci
2027 1912 2095 1950 suis
2115 1912 2201 1948 :rai-

1156 1962 1230 2011 ζειν
1248 1964 1289 2002 &
1306 1963 1572 2012 ἀφροδισιάζειν
1589 1971 1752 2003 utuntur.
1782 1963 1859 2013 Ipsa
1880 1965 2027 2003 Helene
2048 1974 2159 2001 mox:

1208 2015 1303 2051 Lude
1319 2015 1384 2064 sed
1403 2014 1539 2053 occulte.

1157 2063 1201 2102 In
1219 2065 1441 2105 Amorlbus:

1209 2117 1355 2153 Ludunt
1365 2119 1555 2168 fhrmofize:
1583 2117 1673 2166 casta
1694 2116 1738 2166 est
1757 2129 1865 2168 quam
1885 2126 1982 2153 nemo
2003 2116 2154 2165 rogam}⁰

1157 2167 1238 2205 Art.
1259 2167 1348 2205 Am.
1371 2180 1400 2205 1.
1421 2181 1480 2216 91.

1153 2267 1186 2306 E
1207 2216 1282 2255 Illic
1299 2218 1455 2256 invenies
1475 2219 1566 2270 quod
1584 2233 1700 2266 ames,
1721 2218 1812 2270 quod
1833 2217 1948 2255 ludere
1957 2214 2066 2268 poffi's.

1188 2277 1202 2306 t
1230 2281 1286 2306 Π.
1369 2282 1396 2308 1.

1204 2281 1360 2365 Ludit?
1370 2320 1434 2370 sed
1445 2322 1547 2368 furto
1567 2320 1693 2359 celetur
1713 2320 1810 2372 culpa
1827 2318 1982 2371 modesto-

1150 2370 1360 2420 Propertius
1378 2371 1423 2409 de
1444 2372 1617 2410 Thaide:

1206 2428 1246 2458 In
1264 2435 1334 2473 qua
1344 2422 1488 2472 populus
1508 2420 1588 2472 lusit
1605 2422 1837 2460 Erichtonius.

1151 2473 1330 2510 Ceterum
1359 2485 1425 2522 pro
1445 2474 1552 2521 fama
1583 2484 1703 2510 tamen
1722 2473 1816 2510 clara
1837 2472 1882 2518 est
1895 2501 1904 2517 ‚
1923 2470 2068 2509 videtur
2087 2481 2195 2520 repo·-

1151 2523 1316 2561 nendum
1331 2552 1341 2567 ‚
1374 2536 1453 2560 cara
1483 2524 1536 2570 est.
1583 2535 1703 2560 caram
1737 2524 1847 2560 habui
1885 2522 2194 2559 existimationem

1152 2585 1290 2611 meam.
1309 2575 1430 2612 famae
1449 2573 1633 2611 celebritas
1653 2574 1728 2610 hoc
1748 2573 1835 2610 loco
1853 2573 1974 2610 minus
1992 2572 2196 2610 commode

1153 2625 1363 2663 ostentatur.
1411 2632 1537 2662 contra
1578 2623 1680 2662 Dido
1721 2622 1781 2660 illa
1825 2622 1920 2672 apud
1961 2622 2090 2672 Virgil.
2137 2634 2197 2662 Π.

1151 2674 1311 2714 Aeneid.
1337 2687 1407 2723 170

1202 2732 1324 2779 Neque
1341 2727 1432 2764 enim
1445 2726 1552 2777 specie
1559 2726 1712 2773 famave
1733 2734 1904 2762 movetur.
1932 2725 2142 2763 Hnmsxus.

1149 2777 1255 2816 Nulli
1269 2781 1398 2816 harum
1416 2776 1720 2815 emendationum
1741 2776 1917 2814 calculum
1937 2775 2094 2826 adjicere
2113 2775 2196 2826 pos⁶

1149 2829 1242 2866 sum.
1279 2829 1376 2867 Nam
1410 2828 1573 2866 constans
1598 2828 1774 2865 librorum
1803 2827 2045 2875 plurimorum
2070 2829 2108 2865 ὃς
2126 2839 2192 2875 ορκ

1149 2880 1331 2917 timorum
1349 2879 1463 2917 leerio
1478 2880 1538 2923 ,ὅτ
1560 2877 1664 2915 simul
1683 2879 1775 2915 ratio
1799 2879 1842 2914 τὶ
1852 2877 1949 2926 ftdeo
1965 2886 2109 2916 tuetur:
2129 2890 2191 2925 ap*

1150 2930 1325 2967 tiffimum
1347 2941 1448 2968 emm
1471 2929 1668 2967 castitatem
1683 2928 1836 2978 jactanti
1851 2956 1861 2972 ,
1875 2929 1912 2965 ὅ(
1933 2929 2106 2966 matronis
2123 2939 2189 2975 pun

1149 2979 1238 3018 dicis
1256 2980 1291 3018 se
1311 2980 1537 3025 accensenti,
1559 2980 1727 3018 Helenae
1756 2980 1804 3017 cst
1833 2978 1999 3017 verbum.
2028 2979 2190 3025 Propere.

1149 3042 1209 3069 11.
1236 3032 1338 3081 Eleg.
1357 3044 1419 3069 xx.
1448 3043 1502 3081 13.

1197 3088 1271 3120 Nec
1286 3082 1376 3120 mihi
1388 3083 1467 3132 jam
1478 3081 1591 3130 fastus
1606 3090 1760 3131 opponere
1802 3081 1913 3119 uaerit
1930 3079 2062 3127 iniquos
2073 3104 2085 3121 ,

1252 3139 1326 3171 Nec
1342 3133 1431 3171 mihi
1445 3133 1600 3183 ploranti
1618 3133 1714 3170 lenta
1726 3132 1765 3182 se
1791 3130 1964 3182 erepotest.

1149 3183 1250 3234 Eleg.
1272 3196 1349 3222 xxv.
1369 3196 1427 3234 35.

1201 3241 1273 3271 Nec
1292 3235 1398 3272 nimis
1415 3245 1540 3272 ornata
1549 3235 1669 3282 fronte
1676 3234 1792 3282 sedere
1808 3231 1905 3268 velis.

1150 3285 1229 3325 Ubi
1246 3285 1423 3328 videndus
1440 3284 1773 3372 Bmkhusff'hml‘
1794 3293 1857 3320 ¹11·
1879 3279 1978 3328 Elssg·
1998 3292 2033 3316 Χ·
2054 3288 2191 3365 EUM&
