2553 3676
744 196 1106 256 PARts
1182 195 1714 255 oENoNAE.
2189 210 2282 277 363

425 294 584 350 Nune
607 293 755 348 locus
780 291 1043 344 Oenonae
1068 288 1168 352 est,
1208 307 1351 344 nune
1374 290 1516 344 illam
1542 290 1790 347 ostende:
1831 295 2036 367 parabis

494 367 617 421 bive
654 381 774 420 tuos
810 363 961 432 ignes
1000 363 1230 432 pellere,
1269 363 1374 417 five
1408 381 1575 420 meos,

129 496 236 537 Silius
268 495 330 535 lib.
361 509 450 534 viu.
491 507 573 542 104.
606 493 667 531 ubi
703 487 936 539 congressum
966 488 1101 526 Annae
1139 488 1178 526 ὅ(

132 549 284 588 Aeneae
309 547 495 585 describit:

180 604 270 636 Tum
281 597 329 648 fic
350 603 485 635 Aeneas
500 594 594 632 dulci
612 593 770 645 repetitus
786 604 923 636 amore,

179 650 348 687 Tellurem
366 650 456 686 hanc
468 646 561 696 juro.
937 695 940 698 Δ
1039 693 1046 700 ·
1151 694 1158 701 ἡ

125 699 184 740 ita
206 701 355 738 ridicule
375 697 627 736 circumfertur
650 697 688 734 ὃ(
707 695 809 733 nullo
829 693 942 731 sensu.
969 699 1104 731 Retttus
1121 705 1178 731 ni-

129 752 264 790 mirum
286 749 498 798 expresserat
515 748 675 785 librarius
695 758 760 795 pro
782 744 876 781 dulci
897 745 1064 781 irretitas.
1090 745 1178 782 hinc

127 803 287 851 repetitus
308 800 432 837 insulse
456 799 606 837 faffituin.
635 797 682 834 fic
704 795 799 832 nullo
813 800 916 843 frons
928 797 1067 832 irretita
1087 796 1176 844 capi-

121 853 191 901 stro
213 851 306 900 apud
329 851 566 899 Calpurnium
582 848 720 897 Ecloga
730 859 784 884 vi.
811 846 954 883 obretire
973 850 1009 884 &
1030 847 1178 882 circum-

130 904 231 940 retire
249 903 342 950 apud
364 902 579 938 Lucretium
602 908 810 936 occurrunt.
838 898 880 934 In
905 898 1062 945 Priapeis
1082 909 1178 946 quo-

125 964 200 1001 que
223 954 298 1001 pari
318 952 435 990 modo
455 963 532 989 non
550 951 662 989 semel
682 958 890 1000 peccatum.
918 957 958 987 ut
986 948 1178 998 Epigram-

124 1013 226 1047 mate
245 1017 295 1041 xi.

177 1055 363 1102 Qcaedam
377 1054 483 1104 serior
509 1056 661 1092 Hefforis
673 1063 839 1104 parente,

176 1111 350 1143 Cumaeae
360 1108 477 1156 seror,
507 1117 642 1157 utputo
656 1134 666 1151 ,
694 1105 855 1154 Sibyllae.

127 1157 184 1195 Ita
210 1157 355 1196 refinxit
393 1158 582 1206 Scaliger,
619 1169 706 1196 cum
729 1158 842 1205 senior
874 1163 959 1194 ante
995 1155 1177 1205 legeretur

130 1217 255 1246 contra
274 1210 394 1258 legem
415 1210 620 1246 metricam.
672 1208 743 1246 Sed
772 1208 874 1245 istam
901 1206 1176 1255 castigationem

129 1260 253 1297 Latini
282 1261 458 1297 sermonis
482 1259 560 1298 usus
587 1261 652 1297 vix
683 1256 855 1297 admittit.
910 1258 1085 1295 Putabam
1115 1256 1180 1294 ali-

130 1310 280 1360 quando
297 1339 305 1354 ,
334 1311 521 1359 §Quaedam
549 1308 714 1359 annofior.
742 1318 777 1346 at
795 1320 880 1346 cum
904 1309 938 1345 in
961 1309 1126 1357 quinque
1137 1307 1180 1345 li-

128 1360 197 1399 bris
221 1361 378 1410 scriptis,
407 1373 566 1410 quorum
597 1373 690 1399 unus
717 1359 794 1398 satis
820 1361 989 1408 antiquus
1005 1387 1013 1402 ‚
1039 1359 1180 1406 legatur

130 1412 316 1460 {Qaedam
334 1411 476 1461 junior3
518 1424 595 1450 non
625 1411 755 1449 dubito
789 1411 957 1448 carminis
987 1409 1178 1447 aridiorem

129 1461 297 1510 scripsisse
318 1490 329 1507 ,
365 1463 552 1511 §Maeciam
583 1462 681 1498 haud
701 1461 822 1511 junior
850 1461 1000 1498 Heeloris
1028 1470 1182 1510 parente.

128 1524 202 1561 qua
223 1513 506 1552 voc-&Horatius
516 1522 571 1551 ter
587 1521 790 1562 quaterque
808 1513 856 1550 est
869 1513 960 1550 usus.
988 1512 1179 1561 Epigram-

129 1572 229 1600 mate
251 1576 389 1602 vam.
429 1564 532 1602 locus
558 1563 607 1601 est
633 1563 818 1612 depositus
838 1575 881 1602 ac
904 1564 1182 1609 conclamatus,

128 1625 243 1663 quem
263 1626 340 1652 non
363 1615 557 1653 infeliciter
571 1642 582 1659 ,
600 1622 650 1652 ut
668 1623 790 1663 puto,
815 1613 1047 1652 restituimus:

182 1664 246 1701 Sed
263 1665 359 1702 radis
380 1665 435 1703 hic
454 1666 634 1703 dominum
656 1664 752 1700 toties
768 1664 890 1700 audire
908 1663 1075 1713 legentem

231 1716 466 1766 Constituique
486 1729 596 1753 meras
615 1714 806 1765 edidicique
826 1725 936 1754 notas.

127 1764 184 1804 Ita
197 1765 296 1805 editi.
324 1779 416 1805 unus
438 1767 634 1815 exscriptis
655 1765 796 1804 duobus
810 1767 897 1815 ,qui
919 1779 1030 1815 penes
1042 1778 1104 1805 me
1116 1778 1182 1805 ex·-

125 1816 217 1855 fiant
231 1817 412 1862 ,secundo
434 1818 536 1855 versu
551 1845 561 1862 ,
581 1816 715 1854 Chorus
735 1830 897 1854 meracas.
926 1819 1015 1855 alter
1028 1847 1038 1863 ,
1061 1817 1184 1868 Carpsi

127 1879 292 1906 meracas.
319 1881 412 1906 unus
431 1868 624 1906 Mediceus
640 1896 650 1913 ,
672 1868 796 1904 Choris
812 1870 1181 1908 meracas.Romai]us

127 1927 255 2006 cetleris
277 1919 751 1967 vetustior‚Corismeracas.
787 1920 945 1969 Repoue
968 1932 1057 1959 meo
1084 1922 1182 1971 peri-

127 1979 173 2007 cu
191 1982 238 2007 o:

175 2020 241 2057 Sed
260 2021 358 2058 radis
376 2021 432 2058 hic
449 2021 630 2058 dominum
648 2021 746 2058 toties
763 2022 887 2059 andire
910 2022 1076 2072 legentem

227 2077 354 2120 Cogor,
384 2074 606 2110 Home-riaetis
627 2072 815 2123 edidicique
835 2084 945 2114 notas.

121 2119 195 2158 ‘Pro
220 2133 267 2158 eo
290 2123 394 2171 quod
413 2124 596 2171 sequitur:

175 2173 315 2220 Psoleon
333 2174 391 2210 ille
410 2186 513 2210 vocat
526 2203 535 2218 ,
565 2175 656 2224 quod
676 2188 733 2211 nos
751 2173 926 2223 psole'enta
944 2186 1136 2211 vocamus:

231 2223 272 2258 Id
289 2224 381 2272 quod
399 2238 457 2261 nos
476 2225 593 2261 culum
606 2254 617 2271 ‚
645 2225 761 2262 cuseon
778 2225 837 2260 ille
857 2234 972 2260 vocat.

123 2271 231 2310 'Alter
262 2284 365 2311 meus
393 2287 460 2323 pro
488 2277 633 2325 vulgata
661 2276 824 2314 lec‘tione
846 2275 933 2317 stat,
962 2274 1051 2313 alter
1078 2287 1181 2324 prae-

126 2323 304 2361 stantioris
328 2331 465 2366 notae,
499 2327 591 2370 quod
628 2327 777 2373 fhloe'nta
805 2326 1017 2366 cheraanon.
1058 2327 1182 2365 Medi-

127 2385 229 2418 ceus,
252 2373 403 2421 soloenta
416 2384 595 2409 ceraunon.
623 2374 626 2375 ⁷
647 2377 1180 2415 omanus‚ceranon.nimirum

128 2421 306 2472 &poetae
330 2436 443 2461 manu
459 2433 547 2466 erat,
573 2424 754 2464 ψολὸεντει
773 2427 946 2468 κεραυνὸν.
958 2427 1182 2474 quil-lome-

127 2475 158 2512 ri
176 2474 235 2512 illa
257 2474 441 2523 Odysseae
461 2488 496 2512 ω.
513 2475 690 2525 respexit:

179 2527 254 2561 Καὶ
273 2527 353 2561 τὸὂε
377 2526 419 2566 δή
438 2527 596 2569 Κιονὶἑης
621 2528 721 2575 adita
743 2526 925 2567 ψολόεντα
943 2529 1118 2571 uersuum.

128 2575 199 2613 Sed
222 2577 390 2614 nondum
424 2579 563 2627 integer
591 2579 640 2616 est
669 2578 802 2616 versus.
855 2578 956 2625 Quid
984 2580 1083 2616 enim
1118 2578 1183 2617 sibi

127 2627 260 2664 volunt
288 2628 345 2666 illa
369 2656 380 2672 ‚
418 2629 551 2671 sponsor
577 2629 636 2666 ille
666 2641 780 2666 vocat.
807 2640 892 2666 nam
925 2631 965 2664 τὸ
982 2627 1116 2670 ψωλέον
1144 2632 1179 2668 in

128 2676 306 2715 Homero
349 2680 527 2729 nusquam
581 2683 751 2718 occurrit.
808 2679 905 2717 Cum
954 2680 1151 2718 aestuarem
1169 2710 1179 2726 ,

130 2738 315 2776 oportune
340 2742 400 2766 me
428 2732 624 2769 admonuit
644 2731 868 2769 felicissimus
888 2732 1022 2769 horum
1042 2732 1179 2771 studio-

129 2790 210 2818 rum
228 2780 445 2817 Gronovius
466 2783 724 2830 corrigendum
746 2782 808 2819 sibi
832 2781 967 2819 videri:

183 2831 244 2868 Ille
259 2842 362 2867 vocat
375 2859 384 2874 ‚
414 2832 503 2881 quod
525 2846 582 2868 nos
598 2832 732 2880 psolon,
751 2832 929 2875 ψολόεντα
949 2834 1123 2877 κεραυνόν.

127 2881 244 2924 spaza:
262 2883 362 2918 enim
384 2895 517 2930 verpus.
544 2884 602 2919 cui
625 2884 858 2931 conjecturae
881 2884 1030 2921 accedo.
1060 2882 1178 2932 posset

130 2935 167 2971 ὃς
177 2931 290 2982 psolen
308 2932 391 2981 legi.
421 2933 595 2970 Ceterum
607 2933 731 2971 allusio
743 2945 881 2970 vocum
895 2934 964 2971 culi
977 2935 1015 2971 δε
1027 2936 1176 2971 neuma&

129 2985 242 3033 (nam
276 2986 419 3018 κουλὲον
448 2983 699 3030 scribendum,
738 2986 790 3022 uti
823 2985 860 3021 ὃς
889 2984 1070 3033 Scaligero
1095 2986 1175 3033 jam

129 3036 318 3081 monitum
351 3034 422 3077 est}
452 3034 593 3082 respicit
622 3034 681 3071 illa
718 3035 851 3078 iliados
885 3036 930 3072 A.
979 3035 1051 3078 Α”ῲ
1079 3034 1111 3072 δ’
1142 3036 1176 3079 ἐς

131 3088 274 3123 κουλεὸν
300 3081 366 3121 (ὅτε
386 3086 484 3131 μέγα,
503 3087 618 3132 ξίφος.
647 3084 692 3122 de
719 3084 863 3122 Achille
893 3086 1176 3135 Agamemnoni

131 3147 261 3174 manus
290 3137 516 3182 intentante,
555 3144 615 3172 aut
644 3135 754 3172 etiam
781 3135 839 3173 illa
868 3135 913 3174 de
932 3138 1108 3179 Menelao
1138 3138 1181 3175 ὃς

131 3185 257 3231 Paride
276 3186 499 3225 dimicaturis
527 3186 661 3223 iliados
683 3190 719 3222 Γ.

183 3233 377 3284 ,Na-9653&
387 3233 422 3273 δ’
435 3237 671 3284 ve'fuefesspceiaeog
681 3236 838 3284 χεῖρεσσι
857 3234 1047 3285 μα’χκιρκυ
1058 3266 1072 3285 ,

1286 486 1330 546 Is
1343 489 1382 524 οἱ
1403 493 1473 535 πὰρ
1497 492 1621 541 ξίφεος
1640 496 1739 541 μέγα
1758 497 1905 533 κουλεῦν
1923 495 2001 534 ιιῖἒν
2019 497 2133 543 &eps-0.

1236 539 1315 596 Qui
1336 540 1456 578 versus
1470 541 1568 597 *libro
1597 546 1636 583 T
1680 548 1805 586 denuo
1826 558 2035 588 occurrunt.
2062 550 2164 600 quod
2192 563 2287 593 vero

1234 589 1442 640 subjungit,
1468 601 1516 629 ita
1537 592 1785 636 scribendum:
2267 598 2282 612 '⁷

1287 642 1512 687 Σμερδοιλέον
1534 656 1618 681 certe
1638 647 1702 695 nisi
1721 664 1770 686 res
1791 664 1859 688 non
1877 652 2012 689 munda
2033 662 2190 691 vocatur.

1235 692 1333 730 Nam
1356 693 1437 730 libri
1459 694 1605 743 scripti,
1626 699 1838 740 Merdaleon.
1867 715 1907 739 ea
1938 716 2013 740 vox
2035 704 2210 742 Homero
2241 704 2290 744 est

1233 743 1433 781 familiaris.
1459 745 1547 783 illud
1568 755 1695 785 tamen
1715 763 1765 785 res
1784 763 1851 787 non
1877 754 2011 790 manda
2033 756 2095 792 vix
2115 755 2194 793 satis
2223 767 2286 792 ex=

1233 794 1341 851 plicat
1370 796 1489 843 Priapi
1507 807 1687 837 mentem.
1715 812 1827 850 quare
1847 805 2048 842 minimum
2059 806 2178 851 abest,
2195 807 2289 856 quin.

1235 856 1365 894 opiner
1387 845 1520 884 debere
1538 851 1689 896 reponi:

1286 896 1510 942 Σμερδαιλέον
1528 909 1614 935 certe
1635 901 1755 938 merda
1777 901 1858 940 huic
1871 905 2047 943 inmunda
2067 917 2226 946 vocatur.

1234 948 1290 985 Ut
1319 950 1356 984 ἀ
1380 948 1560 986 hocloco
1582 961 1627 987 ex
1661 951 1811 990 elifione
1840 959 2142 998 concurrentium
2173 963 2289 997 voca}

1233 998 1326 1037 lium
1348 998 1390 1036 fit
1413 1008 1630 1048 peccatum,
1666 1002 1756 1040 dum
1787 1018 1838 1041 res
1867 1019 1935 1043 non
1952 1009 2086 1046 munda
2109 1009 2290 1048 substitui-

1234 1059 1293 1088 tur
1320 1061 1387 1098 pro
1419 1050 1541 1087 merda
1568 1051 1768 1092 immunda.
1805 1054 1853 1092 fic
1872 1057 2018 1106 Priapus
2047 1061 2145 1108 apud
2162 1051 2291 1099 Hora-¹

1233 1101 1330 1139 tium
1349 1102 1387 1138 in
1408 1101 1566 1151 Satyris,
1609 1104 1737 1141 merdis
1753 1114 1853 1154 caput
1880 1107 2042 1158 inquiner
2062 1111 2162 1149 albis.
2215 1112 2288 1151 Sed
2310 1103 2311 1106 Ἴ

1233 1163 1300 1201 age
1322 1180 1332 1197 ‚
1369 1153 1550 1202 quoniam
1577 1166 1731 1192 manum
1760 1157 1962 1196 admovere
1993 1162 2185 1209 coepimus
2212 1163 2291 1207 ele-2

1235 1203 1448 1252 gantiffimis
1470 1203 1628 1243 versibus
1642 1233 1653 1250 ,
1681 1218 1894 1256 quanquam
1912 1209 1960 1247 fic
1976 1210 2055 1248 satis
2075 1212 2290 1259 obscoenis,

1237 1266 1302 1292 eos
1323 1267 1433 1303 porro
1454 1266 1712 1306 expurgemus.
1739 1259 1901 1308 Sequens
1915 1261 2022 1309 igitur
2035 1263 2288 1311 epigramma,

1239 1306 1340 1354 cujus
1367 1306 1515 1343 initium
1540 1333 1551 1351 ,
1580 1307 1681 1356 Qid
1710 1307 1776 1358 nist
1806 1311 1972 1347 Taenario
1991 1339 2002 1356 ,
2028 1312 2116 1350 huic
2134 1313 2224 1361 ipsi,
2252 1316 2292 1353 in.

1238 1368 1316 1405 quo
1340 1356 1545 1406 castigando
1565 1358 1774 1397 sudavimus
1790 1387 1800 1405 ‚
1828 1361 1877 1398 est
1906 1362 2180 1401 annectendum
2204 1392 2215 1409 ,
2250 1373 2292 1403 ut

1236 1420 1355 1445 unum
1375 1420 1421 1446 ex
1447 1407 1589 1447 duobus
1617 1409 1702 1455 fiat,
1730 1410 2066 1461 scribendumque:
2096 1416 2193 1462 Qi,
2221 1414 2289 1464 nisi

1237 1459 1416 1497 Taenario.
1469 1460 1565 1509 Qui,
1602 1461 1817 1500 Homerum
1842 1462 2069 1513 subintellige
2092 1492 2102 1508 ,
2132 1465 2177 1502 de
2208 1478 2288 1514 quo

1235 1510 1495 1560 praecedentes
1523 1511 1643 1550 versus
1675 1523 1834 1562 egerant.
1872 1525 1962 1552 mox
1983 1526 2051 1563 pro
2079 1515 2290 1553 Tantalidae

1237 1561 1319 1599 hene
1332 1560 1364 1611 si
1380 1575 1447 1598 non
1475 1572 1557 1599 nota
1570 1562 1710 1611 fuisset,
1739 1566 2022 1613 reponendum,
2059 1565 2140 1603 bene
2159 1566 2195 1615 fi
2221 1581 2291 1604 non

1237 1623 1336 1651 tenta
1346 1613 1476 1662 faiſjet.
1505 1615 1546 1649 τὸ
1563 1624 1661 1650 tenta
1681 1616 1718 1652 in
1740 1614 1847 1653 fimili
1868 1615 2132 1664 significatione
2161 1618 2289 1666 paffim

1237 1663 1335 1712 apud
1355 1664 1547 1702 auc'torem
1570 1665 1823 1713 Priapeiorum
1845 1668 2015 1704 occurrit.
2043 1667 2245 1716 Vulgatum
2266 1667 2289 1706 a.

1236 1714 1354 1763 Priapi
1383 1723 1509 1753 mente
1537 1716 1576 1753 δε
1603 1715 1832 1764 simplicitate
1862 1717 2002 1767 prorsus
2035 1718 2196 1756 alienum
2227 1720 2290 1757 est.

1236 1766 1349 1814 paulo
1365 1767 1443 1814 post
1463 1778 1530 1815 pro
1540 1766 1702 1813 fallentis
1727 1767 1846 1816 Ulyffei
1866 1769 1965 1806 malo
1982 1796 1992 1814 ‚
2001 1768 2147 1816 fallacis
2175 1768 2289 1817 Ulyffi'.

1239 1818 1277 1854 ὅ(
1299 1828 1367 1865 pro
1386 1817 1478 1853 Hinc
1497 1817 1620 1865 legitur
1641 1819 1679 1855 &
1702 1819 1793 1855 Hinc
1819 1817 1983 1868 legimus,
2020 1829 2178 1869 utroque
2199 1821 2289 1859 loco

1238 1867 1328 1913 Hic,
1355 1869 1393 1905 in
1415 1867 1578 1918 Odyfl'ea
1599 1869 1782 1907 videlicet.
1810 1879 1920 1919 atque
1941 1871 1989 1907 ita
2013 1871 2286 1919 praestantiores

1237 1918 1369 1968 scripti.
1398 1931 1465 1968 pro
1486 1919 1647 1956 Grandia
1669 1919 1928 1970 Dulzchiijuffa
1947 1920 2055 1971 tuliſje
2073 1922 2168 1966 viri,
2209 1921 2288 1961 duo

1239 1981 1284 2007 ex
1314 1970 1625 2008 emendatioribus
1659 1971 1867 2015 codicibus,
1897 1971 1985 2021 vasa
2019 1972 2143 2021 petiffe.
2182 1974 2288 2022 quod

1237 2023 1353 2069 magis
1375 2021 1654 2071 arridet,quam
1677 2023 1763 2070 vasa
1781 2022 1901 2071 tals'ffe.
1928 2024 2031 2071 quod
2048 2034 2086 2060 211
2105 2024 2179 2062 aliis
2190 2035 2289 2071 non==⁴
2313 2037 2316 2039 ’

1235 2073 1342 2110 nullis
1371 2073 1520 2116 inveni,
1548 2073 1726 2121 quodque
1750 2073 1877 2120 Lipfio
1897 2073 2172 2124 Schioppioque
2198 2087 2288 2123 pro-

1235 2120 1397 2160 babatur.
1422 2135 1486 2171 per
1508 2128 1595 2170 vasa
1615 2123 1706 2173 quid
1726 2124 1901 2173 intelligat
1915 2152 1926 2168 ,
1967 2136 2046 2161 non
2065 2125 2114 2161 est
2134 2133 2174 2163 ut
2201 2137 2288 2164 mo-

1235 2183 1344 2210 neam
1387 2186 1453 2221 pro
1473 2174 1638 2210 convivia
1663 2176 1776 2222 visas,
1806 2175 1923 2212 codex
1946 2175 2137 2213 Romanus
2166 2184 2289 2214 veter-

1235 2223 1350 2262 rimus
1380 2225 1570 2262 Vincentii
1604 2225 1800 2269 Ubaldini,
1840 2225 2006 2262 convivia
2038 2238 2194 2275 quaeras.
2222 2227 2289 2265 ali-

1236 2284 1378 2323 quanto
1405 2274 1548 2314 reditis.
1575 2277 1634 2314 vel
1659 2289 1763 2312 cures,
1788 2288 1854 2324 pro
1879 2277 1940 2323 seu
1960 2276 2038 2323 fuit
2065 2276 2154 2313 artis
2183 2286 2286 2326 opus,

1236 2325 1337 2364 idem
1360 2338 1445 2364 cum
1469 2326 1648 2365 Mediceo
1669 2327 1748 2364 satis
1778 2326 1913 2374 probae
1940 2334 2075 2371 notae,
2104 2326 2182 2375 five
2210 2338 2287 2366 erat
2314 2333 2316 2335 ’

1235 2379 1324 2414 artis
1342 2388 1429 2428 opus.
1484 2377 1601 2422 Puto,
1631 2377 1710 2413 Sive
1730 2376 1820 2412 illud
1841 2376 1990 2415 laterum
2005 2406 2015 2422 ,
2035 2375 2112 2427 sive
2131 2389 2206 2414 erat
2224 2392 2287 2416 ar-

1236 2429 1282 2465 tis
1302 2438 1390 2478 opas.
1411 2440 1477 2476 pro
1496 2428 1593 2464 modo
1614 2441 1675 2463 vos
1687 2427 1856 2464 intendite
1869 2457 1879 2472 ,
1909 2428 2175 2466 Ubaldinianus
2189 2457 2199 2473 ,
2227 2443 2290 2466 vos

1236 2491 1330 2514 nunc
1352 2479 1534 2515 attendite.
1562 2486 1634 2516 tres
1659 2478 1740 2522 alii,
1766 2492 1827 2514 vos
1845 2493 1938 2517 nunc
1963 2479 2144 2517 intendite.
2181 2479 2288 2519 bene.

1238 2530 1414 2566 attendere
1450 2542 1572 2566 arcum
1603 2529 1714 2566 etiam
1742 2528 1834 2567 dixit
1872 2531 2016 2579 Apulej.
2049 2543 2094 2568 11.
2125 2531 2285 2569 Metam.

1237 2584 1377 2617 Arcum
1406 2593 1539 2616 meum‘
1567 2594 1608 2617 en
1653 2581 1720 2629 ipse.
1748 2580 1846 2628 vigor
1877 2582 2042 2619 attendit.
2106 2582 2286 2619 Intendere

1237 2640 1363 2669 tamen
1385 2643 1453 2670 nec
1478 2631 1573 2669 male
1592 2633 1625 2669 se
1653 2631 1771 2667 habet.
1828 2634 1953 2669 Libuit
1982 2631 2132 2681 paulum
2159 2632 2284 2680 exspa=
2307 2644 2310 2646 ’

1236 2683 1317 2720 tiari
1354 2711 1364 2727 ,
1421 2691 1460 2720 ut
1500 2682 1644 2720 erudito
1676 2681 1829 2719 Leecort
1867 2682 2116 2731 castigationes
2147 2683 2282 2720 nostras

1233 2733 1272 2770 in
1313 2733 1501 2771 Nasonem
1538 2733 1564 2770 fi
1599 2733 1722 2770 minus
1757 2734 1983 2782 quandoque
2017 2732 2281 2780 probavimus,

1236 2796 1362 2822 earum
1386 2785 1520 2822 locoin
1543 2784 1617 2821 aliis
1639 2784 1866 2831 scriptoribus
1885 2782 2036 2833 ‚quaea
2059 2782 2163 2820 nobis
2182 2784 2283 2822 resti-

1232 2843 1309 2873 tuta
1331 2836 1433 2879 sunt,
1473 2835 1683 2883 probemus.
1743 2837 1865 2883 Atque
1902 2835 1993 2872 haec
2019 2833 2129 2878 sunt,
2183 2846 2279 2883 quae

1233 2886 1417 2924 medelam
1440 2886 1738 2935 qualemcunque
1763 2885 1857 2922 hisce
1884 2887 1931 2922 A.
1951 2882 2072 2921 Sabini
2101 2884 2281 2933 epistolis,

1231 2947 1327 2984 quae
1359 2944 1428 2974 tres
1457 2948 1503 2975 ex
1530 2937 1687 2984 pluribus
1712 2935 1918 2984 supersunt,
1957 2934 2103 2972 allatura
2132 2935 2283 2974 credidi.

1233 2987 1269 3024 Si
1295 2989 1375 3036 quis
1400 2987 1478 3035 post
1510 2998 1572 3024 me
1600 2998 1752 3024 manum
1780 2986 1976 3025 secundam
2007 2985 2049 3022 iis
2070 2985 2280 3034 castigandis

1231 3039 1305 3085 pari
1324 3037 1513 3075 sedulitate
1534 3037 1719 3082 admont,
1747 3038 1828 3076 fore
1859 3046 2040 3084 auguror,
2068 3044 2108 3072 ut
2130 3036 2279 3083 pristino
2308 3045 2312 3049 ’

1229 3089 1342 3125 nitori
1364 3087 1526 3125 maxima
1543 3088 1594 3126 sui
1617 3098 1660 3125 ex
1678 3096 1780 3136 parte
1795 3088 1977 3126 restitutae
1989 3097 2081 3123 mox
2100 3085 2278 3135 legantur.

1233 3138 1450 3175 Heiusms.

1230 3238 1251 3274 b
1283 3187 1559 3276 92.BParabit.]
1589 3186 1832 3228 Paravitlibri
1850 3195 1943 3236 tres,
1981 3188 2019 3228 &
2039 3199 2155 3234 unus,
2167 3195 2309 3239 parag*

1253 3252 1292 3276 ›¹5-
1378 3251 1494 3278 ERSM.

964 3349 1020 3407 F.
1082 3350 1133 3407 Ι-
1177 3349 1323 3406 Nl
1396 3349 1481 3417 S..-
