2553 3676
318 208 688 270 'ARTis
759 159 1514 262 AMATORIAE
1588 206 1756 266 ιη.
1828 211 1866 269 ῖ,

354 305 469 360 Aut
493 304 583 360 ubi
605 295 910 356 muneribus
933 294 1043 349 nati
1066 294 1153 348 sua
1176 311 1396 351 munera
1408 305 1588 355 ''mater

244 393 313 443 70

99 1020 166 1066 ²¹71.
200 1021 286 1055 Nee·
305 1015 370 1054 sibi
398 1017 533 1055 vitetur
566 1029 654 1068 quae
674 1015 792 1066 priscis
810 1016 930 1066 sparfiz
958 1014 1095 1053 tabellis

10 1066 12 1105 ³1
47 1068 210 1110 Porticus
230 1096 242 1114 ,
276 1068 423 1105 auetoris
449 1068 555 1105 Livia
585 1081 710 1105 nomen
737 1066 888 1117 habet.]
929 1067 1094 1104 Porticus

10 1109 12 1147 l
59 1120 192 1164 Livia,
218 1119 306 1157 teste
335 1120 374 1156 P.
403 1119 582 1162 vidore,
611 1127 687 1156 erat
708 1119 743 1155 in
767 1130 830 1155 111.
849 1118 955 1155 Urbis
975 1118 1096 1166 regio-

55 1182 128 1216 ne,
154 1182 268 1219 prope
291 1170 495 1208 Suburram.
524 1169 740 1207 CIOFANUS.
769 1168 901 1206 Similis
926 1168 1097 1206 Poecilae

10 1223 12 1252 l
55 1221 152 1270 apud
174 1220 412 1258 Athenienses
432 1220 610 1268 porticui;
636 1228 738 1257 erant
760 1220 809 1256 ibi
830 1219 1097 1256 ambulationes

8 1253 13 1313 l
58 1272 344 1310 amoenissimae.
378 1271 462 1308 vide
481 1271 658 1308 Pancirol.
678 1269 801 1306 Descr.
821 1269 929 1306 Urbis
951 1270 1097 1305 Romae

9 1316 13 1357 l
56 1323 207 1370 regione
229 1335 290 1359 111.
314 1323 352 1358 &
374 1322 567 1370 praecipue
588 1320 723 1358 Meurs.
746 1320 885 1357 Athen.
903 1319 1017 1357 Attic.
1037 1319 1097 1356 lib.

4 1379 6 1382 ’
60 1377 92 1411 1.
109 1383 185 1420 cap.
208 1385 240 1420 ς.
261 1372 322 1409 ubi
344 1373 456 1409 etiam
477 1372 589 1409 docet
605 1371 690 1408 inde
714 1370 844 1408 multas
864 1369 999 1407 tabulas
1017 1370 1098 1406 Ro-

12 1439 13 1460 ÷
58 1433 158 1461 mam
188 1423 380 1460 translatas.
409 1434 496 1471 qaae
517 1421 618 1472 pistis
643 1421 732 1460 duo.
760 1433 848 1472 quae
870 1418 981 1470 preffis
1002 1420 1098 1458 Vos-

11 1471 13 1512 l
32 1504 35 1506 -
58 1472 183 1512 flantis.
211 1473 476 1510 BURMANNUS.

12 1525 13 1558 ἒ
64 1549 67 1552 <
111 1535 168 1573 73.
195 1526 345 1573 Qtaqae
368 1532 494 1573 parare
522 1522 675 1573 necem]
705 1523 891 1561 Porticum
916 1522 1099 1571 Apollinis

11 1567 14 1612 l
57 1573 208 1621 Palatini
227 1575 400 1622 intellige.
426 1574 768 1612 Scholiastesrerfii
788 1574 957 1622 antiquus
977 1573 1021 1611 ad
1041 1574 1099 1611 iiia

11 1624 14 1646 9
55 1624 206 1674 Satyrae
227 1624 403 1662 secundae
417 1652 426 1668 ‚
444 1626 577 1671 fratres
599 1625 689 1661 inter
708 1625 851 1661 ahenos:
882 1630 1002 1660 Acron
1024 1634 1100 1660 tra-

11 1671 14 1713 Ϊ
57 1674 112 1711 dit
126 1703 138 1719 ‚
164 1675 254 1724 qaod
276 1675 318 1711 -in
340 1675 473 1724 porticu
495 1674 669 1723 Apollinis
686 1675 844 1711 Palatini
855 1677 1003 1720 fuerunt
1023 1680 1102 1710 Da-

9 1731 15 1764 l
59 1724 206 1762 naidnm
226 1724 343 1773 effigies
356 1753 365 1767 ‚
388 1738 430 1764 ω’
449 1736 569 1762 contra
586 1738 641 1761 eas
652 1725 719 1773 sub
738 1726 821 1761 divo
838 1725 981 1761 totidem
1003 1738 1102 1774 eque-

11 1774 15 1809 l
55 1775 137 1825 flres
148 1775 304 1822 filiorum
327 1776 491 1824 Aegisthi.
520 1777 622 1824 <lege
648 1776 819 1824 Aegypti)
850 1780 904 1811 Ex
923 1775 966 1811 iis
983 1786 1102 1811 autem

53 1824 179 1874 statuis
195 1826 366 1876 quaedam
384 1826 588 1863 dicebantur
600 1825 850 1874 postulantibus
861 1834 922 1875 per
935 1825 1100 1874 somnum

61 1875 143 1912 dare
170 1876 320 1913 oracula.
365 1877 498 1914 Noster
533 1876 710 1914 Tristium
745 1877 838 1914 libro
874 1889 937 1914 111.
975 1876 1103 1925 Elegia

88 1938 200 1965 rima:

49 1937 85 1976 J,
112 1979 196 2015 Inde
215 1988 326 2017 tenore
342 1978 420 2028 pari
435 1978 601 2027 gradibus
610 1978 780 2027 sublimia
800 1974 888 2028 celsis

162 2035 279 2066 Ducor
296 2030 342 2065 ad
361 2029 487 2077 intonfi
505 2029 654 2065 candida
672 2029 798 2078 templa
818 2029 894 2066 Dei.

110 2079 214 2128 Signa
231 2080 412 2128 peregrinis
432 2080 585 2128 ubisunt
604 2080 741 2116 alterna
760 2078 927 2116 columnis

164 2130 293 2166 Belides
307 2159 317 2174 ‚
341 2143 383 2169 ω’
397 2131 513 2176 βνίέῖο
532 2129 699 2166 barbarus
714 2131 792 2178 ’erist’
808 2140 916 2179 pater.

13 2174 18 2219 l
54 2179 118 2216 'Ut
133 2180 210 2228 jam
228 2181 363 2230 liqueat
383 2182 428 2218 de
454 2181 632 2229 Apollinis
654 2181 804 2218 Palatini
823 2181 968 2230 porticu
987 2180 1100 2218 etiam

14 2221 17 2269 ‘i
56 2228 120 2267 illa
141 2229 210 2268 effe
230 2231 460 2280 intelligenda
482 2233 613 2269 Amor.
633 2242 676 2268 11.
698 2232 800 2280 Eleg.
822 2245 867 2269 11.

16 2278 18 2314 't
60 2301 64 2303 Δ
111 2280 273 2328 Hesterna
294 2282 373 2325 vidi
385 2282 598 2331 spatiantem
618 2282 689 2318 luce
702 2282 856 2332 puellam

17 2329 19 2373 ἔ
60 2358 62 2361 s
166 2331 253 2376 Illd,
283 2346 369 2383 quae
388 2332 509 2368 Danai
524 2333 674 2382 porticus
690 2347 812 2381 agmen
829 2332 943 2371 habet.

54 2380 269 2420 ‘Celebravit
296 2384 389 2420 hanc
421 2384 601 2431 Apollinis
626 2384 776 2421 Palatini
809 2386 992 2432 porticum
1011 2383 1103 2421 Pro-

63 2434 198 2480 pertius
228 2434 381 2481 eleganti
410 2434 533 2481 Elegia
555 2461 565 2477 ‚
601 2446 696 2483 quae
719 2435 766 2471 est
785 2435 965 2473 tricesima
987 2435 1103 2484 prima

17 2484 21 2524 ἱ,
58 2482 144 2520 iibri
159 2482 309 2520 *secundi
331 2484 572 2532 apud-illum,
600 2485 701 2532 cujus
725 2485 892 2522 initium:

114 2534 262 2581 Queris
276 2562 284 2576 ,
315 2546 374 2569 cur
396 2534 537 2569 veniam
555 2533 619 2569 tibi
637 2534 769 2570 tardior
781 2544 795 2571 ,Ρ
823 2548 928 2571 aurea
946 2534 1069 2572 Phoebi

156 2584 320 2620 «Porticus
338 2597 359 2620 a
380 2597 501 2632 magno
522 2587 666 2633 Caesare
683 2593 799 2631 aperta
811 2586 900 2631 fuit.

115 2638 198 2670 Tota
217 2644 291 2670 erat
310 2635 350 2670 in
361 2635 515 2683 spatium
534 2636 652 2670 Poenis
673 2635 795 2685 digesta
815 2636 991 2674 columnis.

167 2691 258 2721 Inter
278 2698 362 2732 quas
381 2686 500 2721 Danai
510 2686 668 2731 foemina
689 2686 791 2722 turba
801 2686 904 2733 finis.

21 2736 23 2768 l
53 2731 119 2772 -Ita
149 2736 246 2772 enim
275 2736 500 2773 scribendum
532 2735 624 2780 effe,
650 2748 727 2773 non
761 2741 844 2772 Tota
871 2748 946 2774 erat
971 2737 1010 2774 in
1027 2739 1103 2787 spe-

22 2783 23 2813 3
59 2785 149 2821 ciem
165 2813 174 2827 ,
203 2786 357 2832 pluribus
387 2787 432 2824 ad
458 2787 575 2824 Fallos
598 2788 728 2824 monui
750 2787 843 2824 libro
865 2800 925 2824 11-1.
944 2788 998 2832 ybs.
1021 2801 1102 2837 529.

22 2843 23 2847 ’
65 2846 110 2872 ex
132 2835 325 2883 depravato
346 2837 431 2873 loco
454 2838 488 2875 in
509 2849 669 2875 errorem
689 2838 829 2875 industi
850 2850 1001 2886 magnus
1020 2841 1103 2876 Sca-

66 2885 156 2934 liger
183 2887 220 2922 &
248 2884 451 2924 Passeratius
480 2887 560 2924 sunt
588 2890 728 2935 opinati
755 2889 934 2936 pieturam
964 2890 1103 2927 Danai=

67 2935 153 2973 dum
189 2937 224 2972 in
257 2937 398 2981 porticu
427 2936 528 2974 fuisse
551 2938 764 2987 suspensam.
805 2939 956 2976 Illustrat
977 2949 1101 2978 autem

60 2984 94 3022 is
126 2986 301 3033 Propertii
326 2986 426 3022 locus
455 2989 561 3024 unice
587 2989 836 3026 Nasonianum
861 3002 904 3026 ex
926 2991 1101 3028 Tristibus

24 3043 25 3049 ¹
58 3036 184 3073 ,modo
208 3035 393 3083 prolatum
416 3048 424 3072 :
463 3047 547 3072 cum
567 3039 815 3082 hincconstet
845 3040 1040 3084 columnas,
1063 3042 1102 3078 δε

24 3092 26 3101 1
67 3086 267 3123 alternatim
284 3113 293 3128 ‚
316 3086 409 3122 inter
434 3097 730 3135 unamquamque
749 3091 1003 3129 columnarum
1021 3120 1030 3134 ‚
1058 3091 1102 3128 fi-

61 3147 180 3184 gnum
203 3135 352 3184 aliquod
375 3135 581 3173 Danaidum
609 3137 710 3174 fuisse
740 3141 972 3180 collocatum.
1002 3141 1100 3180 Nam

71 3187 243 3236 Scaliger,
277 3193 367 3222 mter
388 3199 474 3235 quas
500 3187 677 3224 referebat
702 3198 888 3236 perperam
908 3192 952 3229 ad
972 3192 1104 3240 species.

62 3236 180 3284 species
212 3237 309 3274 enirn
343 3237 474 3285 corrigi
505 3236 635 3273 debere
658 3238 881 3285 opinabatur.
904 3244 1104 3290 Quinqua-

62 3286 168 3333 :ginta
187 3288 295 3337 igitur
313 3288 352 3326 in
376 3287 446 3326 hac
468 3288 616 3337 porticu
637 3288 856 3333 columnae„
881 3293 946 3338 qui
965 3292 1104 3341 Danai-5

421 373 680 434 Addidit,
720 382 945 424 externo
972 384 1238 421 marmore
1262 368 1408 422 dives
1433 388 1579 441 opus.

351 450 467 505 Nec
493 444 588 498 tibi
611 443 840 504 vitetur,
878 457 1043 513 quae,
1078 438 1257 512 priscis
1281 439 1444 511 sparsa
1469 443 1695 509 tabelliS,

419 516 665 570 Porticus
691 512 917 567 auffltoris
942 512 1098 566 Livia
1122 528 1322 566 nomen
1344 510 1515 565 habet.

348 589 578 662 Quaque
603 600 785 658 parare
810 603 1001 639 necem
1018 584 1221 639 ‘miseris
1246 584 1566 657 patruelibus
1590 589 1734 642 ausae

423 659 663 722 Belides,
699 659 754 711 &
778 657 956 712 strido
985 656 1078 712 stat
1104 658 1246 712 ferus
1270 657 1390 710 ense
1413 670 1580 729 pater.

242 751 304 802 75
342 733 459 789 Nec
486 745 539 784 te
564 744 863 803 praetereat
888 731 1093 786 Veneri
1120 732 1356 801 ploratus
1383 729 1624 795 Adonis&

423 804 690 876 Cultaque
710 803 918 873 Judaeo
940 803 1162 876 septima
1183 802 1323 856 saera
1348 802 1498 873 Syro,

2074 882 2196 940 Neu

1149 1013 1240 1052 dum
1269 1024 1454 1053 numerus.
1490 1013 1543 1052 At
1571 1025 1686 1060 vero,
1710 1015 1735 1054 fi
1762 1015 1978 1054 Scholiastae
1997 1017 2105 1056 Persii
2133 1025 2197 1058 aut

1150 1066 1272 1113 potius
1295 1067 1435 1104 Acroni
1458 1066 1639 1103 credimus
1652 1081 1662 1109 3
1694 1068 1803 1105 etiam
1827 1069 1962 1106 maritis
1984 1069 2196 1109 Danaidum

1150 1115 1301 1153 tandem
1323 1116 1425 1154 locus
1453 1117 1500 1154 ibi
1523 1118 1641 1154 fuerit.
1670 1124 1758 1167 quas
1786 1130 1857 1167 ego
1879 1119 2007 1156 statuas
2028 1120 2149 1168 postea
2175 1133 2197 1160 a

1153 1167 1307 1204 Nerone
1323 1176 1385 1205 aut
1402 1168 1473 1205 alio
1495 1179 1737 1218 quocumque
1759 1169 1895 1207 additas
1918 1168 2019 1207 fuisse
2038 1172 2171 1219 opinor
2185 1200 2198 1217 ,

1153 1228 1195 1253 ac
1221 1218 1376 1265 proinde
1401 1230 1598 1256 numerum
1622 1231 1773 1268 quoque
1796 1220 2050 1258 columnarum
2079 1222 2199 1269 dupli-

1153 1275 1275 1305 catum
1302 1296 1313 1313 ,
1349 1280 1434 1306 cuni
1467 1269 1565 1306 Naso
1595 1271 1633 1306 &
1657 1271 1862 1318 Propertius
1881 1271 2035 1308 solarum
2060 1272 2199 1309 Danai-

1152 1316 1240 1355 dum
1271 1320 1308 1356 in
1339 1319 1580 1368 descriptione
1615 1320 1723 1369 hujus
1756 1323 1915 1369 porticus
1948 1323 2199 1361 meminerint.

1152 1370 1280 1416 Quare
1297 1370 1335 1406 ὅ(
1354 1369 1570 1418 persuadeor
1589 1378 1629 1408 ut
1646 1371 1790 1409 credam
1805 1400 1814 1417 ‚
1843 1372 1916 1410 huc
1932 1373 2107 1411 trahenda
2128 1372 2199 1422 effe

1154 1419 1330 1457 Martialis
1351 1421 1407 1458 illa
1423 1420 1515 1458 libro
1539 1433 1582 1458 11.
1608 1422 1823 1471 Epigr.·x1v.

1208 1471 1292 1508 Inde
1305 1471 1391 1519 petit
1411 1482 1545 1508 centum
1561 1472 1746 1521 pendentia
1767 1476 1856 1510 testa
1877 1473 2044 1512 columnis
2057 1491 2069 1511 ε

1257 1521 1359 1558 Illinc
1381 1524 1528 1571 Pompeji
1546 1526 1635 1559 dona
1651 1552 1660 1567 ,
1679 1537 1865 1574 nemusque
1882 1525 2019 1574 duplex.

1154 1572 1272 1620 Quod
1302 1573 1347 1611 de
1376 1574 1518 1621 porticu
1546 1574 1703 1612 Ostavia
1731 1584 1793 1613 aut
1818 1576 1987 1624 Vipsania
2007 1588 2199 1625 perperam

1154 1623 1446 1671 interpretantur.
1466 1632 1507 1661 ut
1529 1625 1567 1661 ὃς
1587 1624 1645 1662 illa
1665 1625 1744 1663 libri
1765 1638 1827 1663 111.
1851 1627 1971 1675 Epigr.
1993 1639 2092 1665 xvir.

1208 1674 1374 1711 Proxima
1397 1674 1543 1711 centenis
1555 1676 1741 1724 pendentia
1761 1679 1849 1713 tecta
1870 1677 2047 1716 columnis.

1156 1723 1210 1762 Ita
1248 1725 1347 1762 idem
1388 1726 1563 1763 Martialis
1594 1727 1631 1763 in
1665 1728 1843 1776 Pompeja
1881 1729 2026 1776 porticu
2063 1728 2200 1779 dupleie

1156 1775 1316 1824 agnoscit
1336 1787 1490 1820 nemus,
1517 1785 1557 1813 ut
1581 1777 1660 1826 jam
1690 1777 1873 1823 vidimus,
1904 1791 1988 1816 cum
2011 1779 2202 1828 scriptores

1157 1827 1320 1874 priorum
1351 1834 1564 1874 temporum
1595 1840 1671 1865 non
1702 1828 1768 1866 nisi
1796 1829 1921 1866 silvam
1955 1831 2102 1867 unicam
2126 1831 2202 1870 illic

1157 1877 1362 1925 agnoscant.
1409 1879 1584 1915 nimirum
1618 1879 1769 1916 alteram
1806 1880 1932 1917 silvam
1960 1881 2202 1920 Domitianus

1157 1927 1347 1965 instaurata
1375 1929 1520 1976 porticu
1555 1928 1698 1977 adjecit.
1735 1930 1932 1979 quomodo
1974 1932 2011 1968 δε
2049 1932 2203 1972 Palatini

1154 1977 1252 2015 hanc
1282 1978 1464 2027 Apollinis
1494 1981 1677 2027 porticum
1699 1982 1776 2029 post
1804 1979 1986 2018 excelsum
2009 1982 2101 2020 Divi
2118 1983 2203 2021 Au-

1154 2029 1247 2077 gusti
1269 2028 1371 2067 fuiffe
1392 2030 1536 2067 audiam
1560 2030 1599 2067 fit
1619 2032 1827 2070 verifimsse.
1856 2032 1955 2070 unde
1977 2031 2202 2081 hecatostylon

1154 2079 1252 2117 dieta
1282 2108 1292 2124 ,
1347 2093 1366 2117 a
1397 2089 1546 2118 centum
1580 2082 1773 2120 columnis.
1810 2084 1920 2120 Certe
1942 2083 1982 2120 Β.
2007 2084 2199 2133 Hierony-

1154 2141 1238 2167 mus
1266 2131 1303 2168 in
1346 2131 1535 2168 Chronico
1572 2132 1778 2170 Eusebiano
1816 2134 1861 2171 ad
1891 2146 1975 2171 ann.
2003 2147 2200 2172 mmcctxr..

1156 2181 1347 2218 Theatrum
1375 2182 1523 2231 Pompeji
1551 2182 1726 2231 incensum
1753 2196 1796 2224 (φ’
1814 2183 2047 2233 hecatostylon.
2076 2186 2201 2222 Solere

1156 2240 1280 2269 autem
1302 2233 1514 2282 porticibus,
1527 2233 1586 2270 seu
1606 2234 1724 2283 Xystis
1742 2235 2069 2285 stadiisque,1ylvas
2090 2235 2199 2283 adjici

1152 2283 1196 2319 ·&
1225 2283 1370 2321 ordines
1399 2283 1567 2321 arborum
1593 2296 1638 2321 ex
1668 2285 1842 2323 Vitruvio
1870 2287 2015 2335 colligas
2044 2286 2134 2323 libro
2159 2297 2200 2323 v.

1086 2341 1089 2344 '
1155 2340 1234 2381 Cap.
1256 2347 1306 2371 xi.
1331 2334 1502 2370 Facienda
1525 2345 1642 2371 autem
1665 2336 1769 2384 Xysta
1786 2335 1836 2386 fic
1857 2337 2043 2379 videntur,
2071 2345 2111 2390 at
2121 2333 2199 2383 fine

1157 2383 1249 2420 inter
1268 2385 1356 2421 duas
1370 2385 1517 2434 porticus
1528 2384 1644 2434 silvae
1657 2414 1667 2430 ,
1695 2398 1759 2423 aut
1772 2387 1995 2436 platanones,
2024 2398 2067 2425 (9¹
2085 2399 2122 2420 m
2141 2385 2197 2421 his

1152 2434 1378 2483 perficiantur
1396 2436 1488 2472 inter
1504 2436 1637 2473 arbores
1653 2437 1914 2474 ambulationes.
1942 2437 2038 2474 unde
2065 2435 2203 2485 intelli:

1157 2485 1253 2533 gitur
1270 2487 1358 2524 illud
1376 2486 1552 2524 Martialis
1573 2487 1667 2523 libro
1688 2500 1751 2524 111.
1773 2488 1955 2535 Epigram.
1975 2498 2052 2524 xix.
2100 2496 2107 2500 ”

1208 2537 1375 2573 Proxima
1395 2537 1541 2572 centenis
1561 2536 1746 2582 ostenditur
1765 2537 1844 2585 ursa
1866 2537 2056 2582 columnis,

1261 2592 1444 2623 Exornant
1454 2586 1559 2633 fic'i‘ae
1575 2599 1645 2636 qua
1658 2587 1849 2635 platanona
1864 2589 1968 2631 ferae.

1158 2637 1212 2674 Ut
1232 2637 1278 2674 de
1295 2637 1454 2674 Palatina
1477 2637 1619 2684 porticu
1638 2645 1763 2675 contra
1785 2637 2001 2675 sententiam
2023 2639 2202 2687 interpres?

1155 2695 1235 2725 tum
1256 2688 1409 2737 intelligi
1429 2695 1601 2736 oportere
1618 2687 2089 2738 contenda1n‚facit,quod
2108 2690 2199 2727 Pro-2

1157 2739 1292 2786 pertius
1321 2738 1408 2775 loco
1434 2739 1511 2788 jam
1542 2737 1727 2787 designato
1753 2746 1912 2787 quatuor
1943 2740 2113 2788 Myronis
2130 2740 2198 2778 bu·m

1159 2789 1254 2826 cuias
1287 2800 1416 2826 aeneas
1453 2790 1597 2825 ornatui
1625 2790 1785 2837 porticus
1819 2789 1927 2838 hujus
1957 2789 2000 2827 ab
2028 2790 2197 2840 Auguste>

1159 2838 1262 2877 fuiffe
1284 2840 1382 2877 datas
1404 2837 1600 2876 asseverat:

1210 2894 1331 2940 Atque
1349 2903 1451 2925 aram
1473 2890 1601 2925 circum
1615 2889 1782 2937 steterant
1801 2899 1963 2927 armenta
1982 2891 2163 2940 Myronis,

1261 2944 1443 2988 Qattuor
1456 2939 1600 2987 artificis
1616 2941 1746 2977 vivida
1759 2940 1861 2989 signa
1877 2941 1987 2978 boves.

1159 2990 1303 3039 Quibus
1324 2992 1392 3028 alia
1414 2992 1571 3028 ferarum
1589 2990 1775 3029 simulacra
1790 2992 2025 3040 postmodum
2046 2987 2199 3028 accesseo‘

1158 3043 1240 3078 rint.
1273 3041 1343 3078 Sed
1364 3052 1449 3077 cum
1472 3041 1642 3079 Eusebius
1666 3054 1737 3080 una
1761 3054 1845 3079 cum
1867 3044 2008 3079 theatro
2028 3039 2197 3087 Pompeji

1157 3091 1195 3128 id
1217 3089 1447 3140 conflagrasse
1465 3092 1613 3137 innuat,
1632 3092 1718 3130 vide
1739 3105 1785 3130 ne
1803 3094 1961 3141 porticus
1980 3091 2197 3137 intelligatur

1157 3141 1336 3190 Pompeja
1351 3170 1361 3185 ,
1389 3144 1532 3180 theatro
1556 3145 1685 3180 vicina.
1714 3143 1799 3180 vide
1821 3143 2035 3195 Scaligeruni
2054 3140 2198 3194 *Chrom

1158 3192 1303 3228 Eusebii
1323 3192 1367 3228 ad
1385 3204 1469 3230 ann.
1487 3206 1684 3231 mucci-xx.
1703 3194 1765 3242 qui
1784 3205 1861 3230 non
1881 3191 1990 3228 semel
2010 3189 2083 3225 illic
2102 3199 2197 3227 erra-

1159 3243 1224 3279 vit.
1254 3242 1466 3280 HEt'Nsms.
1991 3289 1993 3291 q

1211 3303 1268 3339 ,742
1290 3296 1342 3332 :Et
1355 3292 1472 3341 strifflo
1493 3291 1660 3331 barbaras
1678 3293 1750 3377 episc
1765 3290 1898 3339 pann]
1922 3290 1978 3329 Sic
1997 3288 2195 3340 legendum

1737 3353 1756 3377 z
1775 3351 1795 3378 z
2148 3352 2198 3378 ex
