2553 3676
781 384 1555 459 EPISTOLA

696 225 756 279 P.
833 213 1247 278 OVIDII
1318 204 1848 267 NASONIS

1699 381 1792 447 11.

477 544 2077 642 PHYLLisDEMOPHooNTL

647 728 859 800 Ospita‚
896 724 1294 796 Demophoon,
1331 737 1419 778 tua
1445 737 1525 788 te,
1562 723 1893 795 Rhodopeia
1913 725 2140 797 Phyllis,

728 800 877 854 Ultra
899 796 1212 868 promiss'um
1236 809 1446 868 tempus
1472 796 1640 851 abesse
1665 814 1879 871 queror.

505 878 726 930 Cornua
749 889 874 926 eum
899 873 1088 922 Lunae
1117 870 1279 941 pleno
1305 882 1491 942 quater
1517 869 1646 923 orbe
1671 867 1923 933 coissent,

583 944 861 1001 Litoribus
883 939 1071 995 nostris
1095 942 1324 996 anchora
1346 940 1495 1013 pacta
1518 956 1607 996 tua
1631 941 1719 996 est.

442 1040 471 1088 ς
510 1021 669 1076 Luna
697 1030 885 1091 quater
909 1014 1090 1076 latuit3
1132 1016 1293 1086 pleno
1317 1029 1504 1087 quater
1529 1015 1660 1070 orbe
1687 1016 1948 1078 recrevit;

586 1093 705 1147 Nec
735 1089 882 1143 vehit
914 1084 1137 1141 Attaeas
1161 1087 1396 1141 Sithonis
1418 1088 1561 1141 unda
1587 1100 1738 1142 rates

516 1165 797 1235 Tempora
822 1161 858 1215 si
881 1177 1156 1222 numere3‚
1194 1159 1332 1214 bene
1356 1178 1491 1232 quae
1517 1178 1856 1214 numeramus
1880 1173 2138 1225 amante3‚

593 1236 721 1290 Non
743 1234 891 1288 venit
915 1244 1037 1286 ante
1059 1234 1212 1288 suum
1234 1231 1409 1286 nostra
1433 1234 1648 1306 querela
1674 1233 1834 1287 diem.

521 1309 650 1381 Spes
674 1324 893 1380 quoque
914 1306 1057 1359 lenta
1077 1305 1192 1361 fuit.
1230 1306 1409 1369 tarde,
1444 1325 1580 1378 quae
1604 1306 1808 1360 credita
1831 1307 2078 1371 laedunt,

422 1401 485 1437 Io

597 1379 912 1434 Credimus:
951 1378 1116 1432 invita
1140 1396 1282 1432 nunc
1311 1378 1367 1432 δε
1390 1392 1598 1432 amante
1621 1392 1837 1433 nocent.

529 1454 696 1524 Saepe
719 1452 796 1506 fui
818 1451 1053 1505 mendax
1074 1469 1174 1523 pro
1198 1464 1251 1505 te
1273 1451 1433 1513 mihi3
1477 1452 1628 1523 saepe
1651 1452 1832 1525 putavi

606 1525 743 1580 Alba
764 1522 1088 1597 procellosos
1110 1524 1226 1579 vela
1249 1523 1450 1580 referre
1474 1537 1649 1580 notos,

295 1719 344 1756 1:
356 1714 528 1766 Hospita]
557 1716 668 1764 Quae
687 1721 724 1752 te
742 1714 905 1763 hospitio
937 1714 1092 1763 excepit.
1122 1713 1291 1751 CIOfAN.

297 1782 327 1807 1.
357 1766 604 1816 Demophoon]
633 1766 693 1802 De
714 1766 1035 1813 Demophoonte‚
1065 1766 1103 1801 &
1125 1764 1292 1812 Phyllide

245 1818 294 1856 sic
324 1817 497 1866 vainus
526 1828 602 1863 cap.
635 1827 711 1851 Lxx.
749 1814 965 1864 Demophoon
991 1813 1105 1862 Thesei
1126 1813 1226 1860 filius
1255 1814 1292 1849 in

247 1857 397 1906 Thracia
419 1866 466 1902 ad
486 1865 684 1914 Phyllidem
705 1864 742 1900 in
751 1863 933 1913 hospitium
944 1864 1074 1899 dicitur
1091 1862 1215 1912 veniffe
1230 1875 1293 1906 ,ω’

247 1918 292 1955 ab
313 1931 351 1954 ea
372 1916 428 1965 effe
447 1927 602 1954 amatus.
657 1915 731 1963 Qi
752 1915 830 1951 cum
850 1915 888 1951 in
900 1915 1058 1963 patriam
1079 1913 1185 1949 vellet
1203 1913 1294 1949 redi-

249 1983 307 2012 re,
328 1967 437 2015 fidem
456 1968 484 2004 ei
501 1967 595 2003 dedit
608 1965 647 2015 se
665 1965 712 2001 ad
729 1979 805 2001 eam
824 1965 1044 2008 rediturum,
1072 1964 1132 2013 qui
1146 1964 1199 1999 die
1218 1977 1293 1999 con-

243 2019 372 2067 stituta
393 2018 472 2053 cum
492 2030 560 2053 non
577 2015 718 2065 venisset
731 2044 740 2059 ,
767 2015 882 2052 illa'eo
900 2015 953 2051 die
966 2015 1096 2050 dicitur
1114 2014 1230 2050 novies
1247 2013 1295 2049 ad

251 2069 354 2104 littus
376 2066 549 2116 cucurrisse
564 2095 573 2110 ,
611 2066 700 2116 quod
724 2079 765 2102 ex
784 2079 822 2101 ea
841 2065 1021 2101 Enncados
1039 2065 1164 2100 Graece
1177 2063 1298 2113 'appel-

253 2119 363 2156 latur.
391 2117 524 2166 Phyllis
540 2127 657 2153 autem
677 2115 714 2152 ob
732 2114 934 2165 desiderium
954 2114 1217 2163 Demophoontis
1228 2114 1300 2163 spi-

255 2169 367 2206 ritum
384 2166 503 2218 emifit.
534 2168 587 2204 cui
600 2177 757 2216 parentes
776 2167 856 2202 cum
866 2165 1088 2215 sepulchrum
1110 2164 1297 2213 constituis-

251 2219 332 2268 sent
347 2249 354 2263 ,
366 2218 500 2254 arbores
515 2217 563 2254 ibi
582 2227 685 2253 natae
694 2217 781 2265 sunt
795 2245 803 2259 ‚
817 2230 905 2266 quae
926 2226 1012 2252 certo
1030 2223 1172 2263 tempore
1189 2214 1297 2263 Phyl-

260 2269 342 2306 lidis
360 2278 504 2305 mortem
523 2267 649 2318 deflent
664 2295 673 2309 ,
691 2280 755 2317 quo
767 2267 858 2312 solia
876 2265 1033 2312 arescunt
1050 2276 1093 2303 (φ’
1110 2265 1273 2314 diffluunt
1286 2281 1296 2301 .-

263 2321 360 2367 cujus
383 2332 423 2354 ex
444 2319 581 2355 nomine
590 2317 681 2364 folia
700 2318 826 2353 Graece
853 2314 982 2364 Phylla
1001 2314 1091 2364 sunt
1115 2315 1296 2364 appellata.

264 2371 482 2408 ciofmus.

317 2432 352 2456 2.
379 2419 479 2456 Ultra
489 2417 688 2469 promiffum
705 2416 865 2467 tempus]
880 2416 962 2455 Post
983 2429 1100 2455 unum
1121 2417 1283 2453 mensem
1299 2444 1309 2460 ,

266 2482 344 2519 quo
365 2469 410 2507 ad
432 2481 492 2506 me
509 2469 625 2507 redire
643 2469 826 2517 pollicitus
844 2480 900 2513 es,
928 2468 1125 2516 quitamen
1134 2467 1211 2516 post
1222 2479 1311 2517 qua-

268 2531 356 2559 tuor
375 2520 515 2558 menses
533 2520 713 2568 nusquam
737 2531 895 2568 appares.
925 2518 1092 2555 CIOFAN.

325 2583 358 2608 2.
387 2571 491 2608 Pleno
510 2569 646 2621 semel]
677 2570 767 2607 Non
786 2568 931 2606 videtur
951 2576 1096 2616 tempus
1120 2569 1213 2606 mihi
1232 2568 1310 2606 satis

267 2621 428 2670 longum
442 2650 452 2665 ‚
478 2631 519 2658 ut
537 2621 700 2657 Athenas
721 2620 793 2664 ire,
832 2620 956 2668 ibique
977 2631 1030 2656 res
1050 2619 1125 2656 suas
1152 2631 1311 2667 compo-

273 2684 361 2710 nere
375 2700 385 2716 ‚
412 2673 450 2709 &
471 2671 585 2708 rursus
603 2672 640 2707 in
659 2670 860 2707 Thraciam
880 2669 995 2706 redire
1014 2670 1185 2717 potuerit.
1215 2670 1314 2706 Gro-

275 2722 459 2759 novianus
482 2723 519 2758 &
536 2720 729 2758 Mediceus
747 2719 845 2769 pleno
863 2729 985 2770 quater
1002 2719 1098 2763 orbe,
1127 2719 1230 2768 quod
1249 2731 1315 2756 vc-

280 2783 363 2810 rum
379 2781 471 2820 puto
484 2800 493 2814 ,
507 2772 544 2808 &
562 2771 748 2819 sequentia
766 2770 995 2808 confirmant.
1023 2770 1084 2807 ubi
1097 2771 1208 2806 etiam
1222 2770 1318 2807 Haf—

282 2822 414 2860 niensis
427 2821 525 2871 pleno
542 2831 665 2871 quater
682 2820 755 2857 orbe
779 2821 925 2858 recrevit
939 2849 949 2865 ‚
977 2820 1081 2870 quod
1102 2820 1317 2869 recepimus.

286 2873 339 2910 lta
359 2886 428 2909 vn.
451 2874 544 2909 Met.
567 2883 649 2920 530.
778 2870 786 2874 “

336 2928 501 2972 Dumque
517 2932 639 2972 quater
649 2920 781 2970 junffis
797 2921 956 2971 implevit
975 2921 1130 2958 cornibus
1146 2920 1259 2957 orbem

338 2978 439 3008 Luna
452 3001 461 3016 ‚
490 2982 613 3022 quater
625 2972 768 3021 plenum
787 2982 932 3008 tenuata
951 2972 1101 3008 retexuit
1119 2970 1241 3008 orbem.

288 3023 480 3059 Convenit
500 3023 610 3059 etiam
623 3023 752 3059 melius
771 3023 912 3070 puellae
933 3023 1182 3070 impatientius
1194 3033 1321 3059 aman-

289 3074 317 3110 ti
336 3101 344 3116 ‚
372 3081 411 3110 ut
431 3072 477 3109 ad
497 3072 611 3120 ipsum
630 3081 774 3120 tempus
797 3072 942 3121 paetum
955 3070 1125 3120 promissa
1136 3072 1296 3119 exigeret
1310 3099 1320 3115 ,

293 3135 370 3160 non
392 3130 432 3160 ut
448 3130 518 3159 tres
538 3122 677 3158 menses
696 3123 786 3159 ultra
810 3123 1045 3160 constitutum
1071 3119 1238 3165 cess'aret,
1263 3134 1327 3159 an-

292 3183 446 3222 tequam
467 3172 642 3209 scriberet.
673 3173 717 3209 ht
735 3173 808 3209 hoe
825 3173 872 3210 est
895 3172 997 3222 quod
1017 3172 1136 3209 addit:

349 3231 427 3259 Non
448 3222 546 3259 venit
562 3221 756 3269 ante-suum
786 3223 895 3270 nostra
916 3222 1050 3274 querela
1071 3222 1173 3258 diem.
1201 3221 1327 3259 BuRM.

345 3276 379 3312 6.
407 3273 558 3311 Sithonis
581 3271 707 3321 unda]
739 3274 863 3319 Marc,
892 3273 995 3323 quod
1006 3274 1042 3312 T
1046 3274 1206 3313 lii-aciani
1219 3273 1330 3313 alluit.

2233 1596 2383 1654 The-=

1349 1710 1499 1750 Sithonis
1510 1720 1634 1750 autem
1645 1713 1996 1762 Patronymicorum
2010 1725 2116 1752 more
2127 1713 2263 1753 dicftum
2271 1714 2386 1752 Cari-

1350 1763 1417 1799 sius
1436 1764 1496 1800 lib.
1519 1777 1545 1799 1.
1566 1765 1604 1799 &
1626 1775 1697 1811 ego
1717 1765 1799 1800 alibi
1810 1766 1910 1812 plura
1927 1765 2095 1811 exempla
2115 1766 2255 1813 collegi.
2271 1766 2383 1803 Cxoe.

1401 1825 1434 1859 9.
1463 1819 1536 1861 Spes
1557 1826 1688 1863 quoque
1706 1812 1830 1863 lenm]
1863 1815 2070 1852 Intricatior
2085 1814 2200 1852 sensus
2214 1815 2385 1863 ,quijilm

1349 1862 1543 1899 sollicitum
1561 1861 1720 1900 habuisse
1744 1864 1886 1901 videtur
1907 1864 2156 1910 Alexandrum
2178 1866 2360 1902 Paninum
2375 1891 2388 1909 ,

1349 1913 1413 1960 qui
1436 1913 1605 1951 Caelium
1628 1914 1894 1962 Calcagninum
1914 1915 1958 1952 de
1979 1916 2052 1952 hoe
2070 1916 2176 1952 versu
2196 1916 2387 1953 consuluit.

1353 1963 1498 2001 Caelius
1519 1976 1610 2000 vero
1631 1964 1692 2001 lib.
1719 1979 1749 2013 ς.
1773 1965 1920 2012 Epistol.
1941 1977 2019 2014 pag.
2051 1967 2108 2011 64.
2136 1966 2229 2015 spem
2248 1967 2310 2003 hic
2330 1978 2390 2003 ca-

1352 2014 1405 2062 pit
1423 2026 1489 2062 pro
1508 2015 1665 2058 timore,
1693 2024 1733 2052 ut
1752 2012 1858 2052 amor
1875 2016 1937 2052 diu
1960 2017 2087 2052 fucum
2108 2017 2234 2054 fecerit
2256 2016 2394 2066 Phylli-

1355 2063 1414 2107 di,
1452 2064 1541 2101 dum
1573 2076 1718 2102 moram
1740 2065 2047 2114 Demophoontis
2066 2068 2168 2104 vario
2190 2065 2392 2105 caulsamm

1354 2123 1544 2163 praetextu
1566 2115 1742 2152 defendit.
1781 2116 1823 2153 Id
1851 2117 1963 2161 fecit,
1992 2124 2031 2154 ut
2055 2117 2132 2165 jam
2152 2117 2231 2155 sero
2251 2117 2396 2163 credat,

1357 2177 1450 2213 quae
1471 2167 1557 2203 citra
1578 2165 1755 2203 offensam
1777 2166 1873 2205 credi
1901 2179 1979 2204 non
1998 2165 2165 2215 possunt,
2196 2169 2234 2205 ὃ(
2263 2168 2396 2217 quibus

1356 2216 1562 2254 etiamnum
1591 2227 1697 2253 amor
1727 2226 1913 2266 repugnat.
1943 2218 2169 2256 Hubeitinus
2193 2230 2278 2256 cum
2302 2220 2397 2256 Cae-

1353 2265 1405 2303 lio
1424 2267 1508 2304 facit
1524 2267 1604 2311 ,sed
1620 2268 1808 2304 Antonius
1818 2268 1971 2305 Volscus
1983 2270 2135 2316 exponit
2145 2271 2239 2318 spem
2250 2269 2398 2315 lentam,

1364 2329 1458 2365 quae
1477 2318 1587 2366 longa
1606 2318 1875 2367 exspeecatione
1896 2318 1969 2356 fine
1986 2317 2142 2356 successu
2164 2332 2286 2357 rerum
2308 2332 2400 2357 con-

1365 2368 1530 2411 sumitun
1547 2368 1566 2405 a
1578 2380 1650 2417 qua
1666 2370 1950 2417 interpretaione
1963 2382 2039 2407 non
2050 2369 2161 2418 longe
2171 2371 2243 2407 abit
2253 2370 2402 2408 Doffis·

1367 2417 1476 2455 simus
1500 2419 1682 2469 Bentlejus
1699 2419 1744 2457 ad
1765 2420 1897 2457 Horat.
1920 2421 1997 2457 Art.
2016 2421 2122 2457 Po'e't.
2150 2433 2226 2466 ¹72·
2252 2422 2315 2470 qui
2338 2433 2402 2459 ex-

1368 2470 1475 2516 ponit
1489 2498 1499 2514 ,
1527 2482 1622 2519 quae
1642 2470 1751 2519 longa
1772 2482 1875 2508 mora
1896 2471 2103 2508 extrahitur.
2147 2472 2228 2520 Ego
2249 2483 2335 2509 cum
2361 2472 2405 2510 il-

1366 2519 1407 2556 lis
1429 2520 1614 2564 facerem,
1652 2521 1718 2570 qui
1744 2520 1789 2558 de
1820 2532 1924 2558 metu
1951 2522 1989 2558 ὃς
2018 2521 2218 2570 suspicione
2246 2523 2406 2571 capiunt.

1367 2570 1458 2607 Non
1486 2571 1603 2608 statim
1633 2579 1670 2608 te
1695 2571 1876 2619 perfidum
1905 2571 2062 2616 credidi,
2099 2572 2158 2610 sed
2177 2573 2299 2616 lente3
2337 2585 2408 2610 nec

1370 2621 1445 2657 cito
1470 2621 1643 2658 inducere
1665 2622 1833 2659 animum
1855 2634 1984 2660 meum
2004 2623 2112 2670 potui
2137 2632 2275 2660 tantam
2302 2624 2341 2660 in
2368 2632 2406 2660 te

1371 2668 1442 2706 effe
1456 2671 1643 2719 perfidiam
1661 2699 1670 2715 ,
1684 2673 1767 2720 quia
1779 2671 1878 2709 tarde
1893 2672 2050 2710 solemus
2065 2673 2210 2710 credere
2232 2685 2274 2710 ea
2286 2701 2296 2717 ,
2308 2685 2405 2721 quae

1372 2720 1544 2765 laedunt,
1573 2722 1610 2758 &
1632 2733 1730 2759 nunc
1761 2723 1872 2759 etiam
1895 2749 1904 2764 ‚
1942 2723 2027 2760 licet
2053 2724 2166 2760 invita
2186 2725 2224 2760 ὃ(
2254 2724 2404 2761 mallem

1374 2782 1453 2807 non
1481 2771 1625 2808 credere
1647 2800 1657 2816 ,
1697 2784 1811 2820 cogor
1835 2772 1980 2810 credere
2011 2781 2047 2810 te
2074 2785 2150 2810 non
2179 2773 2407 2819 rediturum,

1375 2820 1478 2870 quod
1497 2822 1658 2858 maxime
1687 2823 1778 2859 mihi
1808 2832 1921 2860 nocet
1948 2826 1985 2860 ὃς
2008 2823 2118 2861 dolet.
2147 2824 2405 2862 BuRMANNus.

1427 2884 1460 2916 c).
1490 2871 1600 2920 Fuit]
1629 2872 1735 2909 MSS.
1755 2873 1904 2921 quidam
1929 2874 2039 2909 venit.
2067 2873 2113 2910 fic
2133 2875 2170 2911 &
2194 2875 2409 2923 Epist.xvu.

1379 2921 1458 2959 108.
1479 2921 1551 2970 spes
1565 2932 1627 2958 tua
1646 2923 1739 2958 lenta
1761 2924 1859 2959 venit
1878 2936 1922 2961 ex
1942 2925 2047 2961 MSS.
2067 2925 2135 2961 hae
2157 2925 2315 2973 Epill.ji'.
2328 2926 2388 2963 62.

1426 2974 1672 3022 Qmecumque
1688 2986 1729 3009 ex
1745 2974 1865 3010 merito
1874 2974 1947 3022 spes
1964 2975 2063 3010 venit
2075 3001 2085 3018 ‚
2113 2988 2222 3024 aequa
2240 2977 2350 3014 venit.

1377 3022 1462 3059 Stat.
1475 3023 1595 3060 Theb.
1611 3036 1653 3060 11.
1666 3035 1745 3071 322.

1434 3077 1480 3108 Et
1493 3101 1502 3116 ,
1531 3087 1600 3122 qua
1621 3087 1688 3110 non
1699 3073 1843 3121 gravior
1860 3073 2066 3112 mortalibus
2082 3075 2206 3113 addita
2227 3090 2308 3114 cura
2319 3105 2329 3123 ‚

1435 3128 1508 3171 Spes
1528 3123 1585 3158 ubi
1603 3123 1701 3172 longa
1721 3124 1831 3160 venit.

1384 3172 1444 3209 ubi
1468 3173 1548 3221 lege
1570 3174 1668 3211 curis.
1692 3185 1757 3221 pro
1780 3175 1878 3210 tarde
1896 3189 1980 3225 quae
1994 3205 2003 3221 ,
2020 3176 2282 3215 Lincolnienfis
2302 3179 2339 3215 ὃς
2357 3178 2417 3217 sex

1386 3224 1444 3260 alii
1466 3224 1599 3260 habent
1621 3238 1707 3272 quae
1725 3225 1832 3261 tarde.
1861 3227 1978 3266 Vossii
2006 3228 2123 3267 codex
2153 3227 2251 3265 tarde
2278 3243 2420 3279 quoque.

1385 3273 1488 3314 locus
1507 3285 1706 3324 corruptus,
1724 3276 1817 3315 forte
1832 3290 1839 3315 ;

2354 3334 2427 3379 Spes
