2553 3676
221 207 282 261 1‘3
714 194 1264 255 P.OVID'II

1337 194 1869 254 NASONIS

508 293 663 363 Jura‚
700 290 863 353 fides,
901 288 992 343 ubi
1017 307 1190 353 nune,
1229 287 1611 362 commissaque
1637 289 1862 348 dextera
1886 290 2139 349 dextrae?

587 365 808 438 Quique
834 375 945 417 erat
970 362 1027 416 in
1051 360 1178 416 falso
1200 362 1459 435 plurimus
1483 380 1579 416 ore
1601 362 1785 417 Deus?

512 436 800 493 Promissus
824 435 995 490 socios
1019 434 1109 489 ubi
1135 454 1278 490 nune
1303 434 1654 508 Hymenaeus
1678 436 1734 490 in
1757 455 1952 506 annOS,

591 510 705 583 Qui
731 508 862 563 mihi
887 507 1124 580 conjugii
1149 507 1368 580 sponsor
1394 507 1450 561 δε
1475 508 1626 562 obses
1652 522 1781 566 erat.

411 601 472 651 35
511 583 617 638 Per
643 599 815 646 mare,
854 582 1006 656 quod
1033 594 1213 636 totum
1237 582 1409 635 ventis
1435 581 1667 653 agitatur
1691 581 1747 636 δε
1771 585 1960 648 undis;

593 656 699 710 Per
723 655 874 729 quod
900 654 1053 727 saepe
1078 656 1211 709 ieras
1227 694 1241 717 ,
1279 671 1377 726 per
1402 654 1553 727 quod
1578 655 1747 709 iturus
1769 659 1914 713 eras?

525 730 742 802 Perque
769 742 925 782 tuum
948 727 1079 782 mihi
1099 726 1305 798 jurasti,
1348 731 1370 798 ζ
1382 727 1478 781 nili
1503 725 1654 782 fietus
1681 727 1736 781 δε
1759 730 1846 785 ille
1871 730 1979 800 est)

596 801 830 856 Concita
856 802 949 873 qui
975 801 1149 855 ventis
1173 817 1407 873 aequora
1432 801 1663 864 mulcet,
1701 819 1888 858 avum:

520 875 626 931 Per
652 874 958 937 Venerem,
984 873 1322 948 nimiumque
1345 872 1477 927 mihi
1501 873 1751 928 facientia
1776 877 1910 942 tela,

415 965 486 1017 4o
600 949 787 1002 Altera
812 949 916 1002 tela
940 965 1119 1012 arem,
1158 948 1322 1002 altera
1347 947 1452 1001 tela
1474 945 1643 1002 faces:

521 1020 935 1095 junonemque,
974 1022 1105 1075 toris
1129 1038 1265 1094 quae
1289 1019 1553 1093 praefidet
1578 1021 1712 1075 alma
1737 1018 1969 1085 maritiS,

601 1094 675 1150 Et
697 1113 794 1169 per
817 1094 1110 1151 taediferae
1134 1094 1356 1167 mystica
1377 1094 1521 1150 sacra
1540 1094 1711 1151 Deae.

233 1290 423 1348 'inirarisfi
430 1290 558 1343 aliquis
569 1305 636 1329 non
640 1291 813 1342 sapienter
824 1303 938 1337 amat3
946 1307 1023 1332 cum
1033 1294 1176 1351 incipere
1186 1306 1289 1334 ama-

239 1359 277 1381 re
287 1343 406 1393 nonsit
414 1343 590 1393 sapientis.
603 1345 698 1382 forte
711 1345 821 1382 etiam
831 1344 1005 1394 patienter
1017 1346 1133 1396 postet
1143 1348 1214 1398 legi
1227 1376 1239 1393 ‚
1249 1353 1291 1385 ut

238 1408 283 1434 ex
300 1397 395 1432 Mb&
422 1395 774 1444 Remed.Am.745.
793 1395 867 1433 vid.
890 1409 933 1434 11.
958 1397 1040 1435 Art.
1064 1411 1144 1446 511.
1169 1401 1208 1437 ὃς
1227 1409 1291 1435 111.

238 1447 322 1496 565.
343 1447 377 1483 8<
407 1446 514 1494 Epist.
542 1459 623 1484 x1x.
653 1459 687 1494 4.
716 1448 930 1485 Hmusxus.
958 1460 1029 1498 ego
1061 1450 1153 1487 nihil
1182 1457 1291 1488 muto

239 1507 368 1536 contra
407 1497 554 1546 scriptos
593 1499 630 1535 δε
668 1497 786 1536 editos
822 1499 980 1537 codices.
1016 1508 1160 1539 veteres
1190 1501 1291 1538 enim

240 1548 330 1600 quid
355 1548 420 1598 nist
442 1547 590 1594 dxiffe,
614 1560 681 1597 pro
696 1558 967 1600 praeterquam,
995 1550 1122 1601 absque
1142 1550 1201 1588 hoc
1224 1551 1294 1589 do-

242 1607 302 1638 cet
325 1599 457 1636 Festus.
487 1599 577 1649 quid
603 1601 700 1644 feci,
721 1610 977 1650 praeterquam
1002 1602 1106 1651 quod
1135 1614 1215 1639 non
1242 1602 1295 1640 sa-

241 1650 386 1699 pienter
409 1650 557 1687 amavi?
588 1651 708 1689 Cicer.
735 1663 767 1688 1.
799 1651 889 1689 vers.
914 1663 975 1701 30.
1013 1652 1074 1702 qui
1101 1653 1139 1689 in
1167 1652 1232 1689 illa
1261 1666 1296 1688 re

243 1700 331 1753 quid
339 1701 457 1748 facere
467 1701 620 1750 potuerit
639 1714 708 1737 non
731 1700 902 1744 habebam
942 1700 1007 1752 nisi
1022 1704 1118 1750 forte
1143 1702 1182 1740 id
1206 1701 1298 1752 quod

244 1762 458 1839 omnes6tum
477 1749 740 1802 desiderabant,
768 1752 901 1791 eadem
918 1752 1096 1792 sententia
1116 1752 1207 1791 dixit
1227 1753 1305 1801 Ep.-

244 1814 319 1842 vn.
343 1815 357 1840 1
389 1815 424 1848 4.

300 1853 408 1902 Quod
419 1853 547 1890 crimen
558 1852 643 1891 dicis
654 1882 663 1897 ‚
671 1861 807 1904 praeter
824 1854 950 1904 amasse
961 1881 971 1898 ,
995 1867 1111 1892 meum
1123 1863 1137 1892 ,²
1165 1853 1301 1891 Eum.
1345 1860 1351 1865 ”

300 1915 360 1954 31.
378 1903 586 1952 Jura‚fides
603 1904 662 1942 ubi
685 1918 778 1942 nunc
789 1904 823 1955 ἓ]
840 1904 1017 1944 Heinsius
1035 1903 1301 1954 malebat‚jura

241 1952 399 2005 fidesque
418 1955 477 1992 ubi
489 1955 590 2006 sunt.
611 1965 652 1994 ut
674 1969 725 1994 111
754 1957 840 1995 Am.
860 1969 934 1994 vix.
948 1957 1149 2008 pondusque
1167 1969 1210 1997 ω*
1226 1956 1309 1994 inu-

250 2007 314 2044 tile
327 2004 480 2056 fignum.
508 2007 546 2045 in
571 2006 871 2045 Francofurtenfi
899 2015 975 2046 erat
1001 2008 1125 2054 Jura,
1146 2007 1233 2053 fides
1250 2005 1315 2043 ubi·

244 2057 361 2107 sunt?
389 2057 449 2096 sed
470 2056 530 2095 ubi
551 2071 644 2096 nunc
665 2059 879 2107 elegantius.
899 2070 936 2097 v.
955 2057 1002 2097 ad
1019 2058 1129 2109 Epist.
1148 2071 1203 2098 iv.
1230 2069 1312 2107 150.

252 2107 523 2148 Bummusus.

309 2171 371 2210 31.
398 2159 654 2211 Commissaque
681 2159 824 2198 dextera
852 2159 1044 2211 dextrae.]
1094 2160 1190 2199 Scite
1215 2173 1225 2198 ι
1263 2158 1313 2198 est

256 2212 360 2251 enim
383 2210 532 2250 dextera
553 2211 640 2249 fidei
660 2211 884 2261 symbolum.
907 2212 1130 2250 Cromnos.

314 2273 374 2313 35.
400 2266 448 2299 Et
476 2261 620 2313 undis]
647 2262 795 2301 Decem
821 2262 904 2301 libri
931 2262 1075 2314 iniquis.
1100 2263 1150 2303 ita
1178 2263 1314 2302 Amor.

260 2325 310 2354 n.
330 2325 385 2351 Χῖ.
402 2324 467 2361 25.

317 2363 462 2402 Navita
471 2362 643 2415 fhllicitus
663 2376 734 2416 qua
752 2374 875 2402 ventos
893 2364 1010 2402 horret
1026 2363 1174 2417 iniquos.

265 2414 336 2467 Ep.
360 2427 435 2454 vxi.
460 2427 543 2454 121.

266 2517 302 2558 E
319 2473 392 2504 Hoc
410 2466 494 2504 duce
505 2495 516 2512 ‚
535 2475 652 2519 nempe
669 2470 743 2505 Deo
758 2494 769 2513 ,
787 2466 906 2505 ventis
922 2466 1068 2518 agitaris
1088 2468 1232 2520 iniquis.

330 2547 338 2556 .
357 2530 412 2556 vi.
438 2530 451 2556 1
512 2545 521 2556 .

303 2531 392 2658 Ρξὶε
410 2529 541 2657 ξῖιὲἓῖβ
558 2566 680 2606 ventis
698 2567 765 2618 (ut
783 2568 953 2620 oportuit)
974 2571 1074 2607 astus
1093 2569 1237 2622 iniquis.

275 2631 309 2659 ι.
370 2621 411 2658 ris
432 2649 437 2656 .
462 2632 512 2657 ix.
534 2633 582 2658 11.

324 2676 455 2721 Perque
474 2681 524 2708 tot
543 2680 689 2709 eventus
709 2682 753 2711 ω’
773 2670 905 2721 iniquis
922 2671 1052 2709 concita
1072 2672 1190 2710 ventis

330 2725 509 2772 Aequora.

277 2784 509 2834 Quindecim
538 2794 664 2825 tamen
691 2787 774 2826 libri
800 2787 937 2826 habent
960 2790 999 2827 δε
1020 2788 1129 2826 auris.
1158 2788 1254 2826 forte
1272 2788 1328 2826 le·

279 2835 444 2886 gendum
466 2848 509 2876 ω’
529 2838 642 2875 Euris.
665 2839 879 2878 Hfimsms.
928 2840 1011 2889 Ego
1033 2853 1124 2878 vero
1141 2839 1330 2888 vulgatam

279 2896 358 2926 tam
377 2888 438 2926 hie
459 2888 626 2932 retineo,
654 2902 767 2939 quam
792 2904 855 2927 111.
880 2887 990 2929 Tr'ist.
1013 2905 1057 2928 Π.
1084 2904 1139 2940 15-

336 2943 436 2975 Dum
452 2948 572 2977 tamen
588 2952 630 2980 (γ
651 2941 766 2977 ventis
786 2940 911 2978 dubius
924 2942 1090 2991 jmffabar
1106 2954 1150 2983 <J
1165 2943 1280 2981 undis.

285 2989 388 3027 Nam
402 2990 532 3038 jaffari
553 2991 656 3028 terris
669 3019 678 3035 ,
706 2991 776 3029 diei
795 2991 894 3030 rcere
915 3005 994 3030 non
1014 3002 1105 3042 puto
1119 3022 1130 3040 ‚
1149 2994 1210 3034 sed
1232 2992 1332 3033 reete

287 3039 405 3077 ventis
424 3052 467 3080 ey
484 3041 610 3085 andiu
635 3051 675 3080 ut
697 3043 806 3091 Epist.
826 3053 973 3089 xx1.41.

342 3089 418 3141 Ipsa
434 3090 534 3127 velut
554 3094 658 3129 navis
671 3094 804 3143 jaftom
834 3107 941 3144 quam
961 3103 1071 3131 certus
1091 3094 1130 3132 in
1147 3095 1266 3134 altum

341 3141 504 3192 Propellit
521 3147 642 3180 Boreas
656 3172 665 3187 ,
693 3144 800 3192 aestus
817 3156 862 3185 (φ’
877 3144 974 3183 unda
996 3147 1112 3194 refert.

291 3193 342 3232 ita
364 3193 402 3231 &
426 3207 472 3231 11.
490 3194 622 3231 Amor.
645 3207 723 3232 xvi.
745 3197 804 3242 46.

351 3243 456 3281 Irrita
468 3273 478 3289 ,
506 3258 571 3294 quo
589 3245 706 3294 visum
723 3246 766 3294 est
777 3275 786 3289 ‚
815 3258 944 3286 ventus
961 3258 1006 3288 (5⁸
1023 3249 1119 3286 unda
1129 3249 1266 3297 serunt.

2346 1165 2402 1223 Si

1346 1294 1542 1340 confusae,
1563 1305 1602 1332 V.
1621 1294 1660 1332 in
1680 1292 1774 1333 Ibid.
1800 1292 1882 1332 106.
1902 1292 2013 1343 Epist.
2033 1305 2107 1332 vn.
2124 1303 2182 1341 44.
2204 1292 2269 1332 ubi
2289 1294 2403 1332 etiam

1346 1357 1476 1384 ventus
1493 1358 1538 1387 (ς’
1557 1358 1647 1382 aura
1667 1346 1706 1383 in
1728 1344 1955 1395 quibusdam.
1978 1345 2248 1384 BURMANNus.

1400 1409 1459 1447 37.
1488 1404 1622 1448 Perque
1641 1406 1744 1434 tuum
1761 1395 1852 1434 mihi
1870 1395 2021 1445 jurasti,
2048 1396 2150 1447 effa]
2182 1398 2404 1454 Neptunum
2434 1408 2445 1421 “

1349 1449 1526 1498 intellige.
1581 1448 1659 1485 Hic
1689 1448 1790 1486 enim
1832 1447 1971 1485 Thesei
2001 1456 2103 1496 pater
2134 1447 2290 1486 creditus
2322 1448 2405 1486 fuit.

1347 1500 1447 1538 unde
1470 1501 1509 1538 δε
1531 1499 1678 1537 Isocrat.
1706 1499 1744 1536 in
1773 1499 1962 1547 Encomio
1991 1499 2162 1537 Helenae
2183 1527 2194 1544 ‚
2231 1500 2295 1535 καὶ
2314 1499 2410 1544 πρῶ-

1351 1564 1411 1588 τον
1429 1553 1493 1597 μὲν
1522 1553 1683 1595 Θησεῦς,
1710 1550 1832 1600 inquit
1853 1577 1864 1594 ‚
1893 1549 1909 1586 ὁ
1934 1550 2126 1594 λεγόμενος
2153 1552 2221 1596 μὲν
2244 1547 2409 1595 Αἰγέως,

1352 1602 1538 1648 γενόμενος
1563 1601 1605 1637 δὲ
1634 1600 1677 1637 ἐκ
1697 1600 1908 1643 Ποσειδῶνας
1926 1628 1936 1643 ,
1975 1601 2048 1638 &c.
2076 1601 2125 1637 Et
2143 1599 2242 1649 apud
2261 1601 2410 1650 Euripi-

1352 1652 1440 1689 dem
1470 1653 1508 1689 in
1538 1651 1754 1699 Hippolyto
1778 1679 1788 1695 ,
1824 1651 1897 1699 ipse
1928 1651 2096 1689 Theseus
2125 1650 2175 1688 ita
2203 1652 2410 1697 exclamat,

1354 1699 1378 1738 ὦ
1398 1701 1461 1737 θεοὶ
1473 1730 1483 1746 ,
1504 1699 1670 1738 Πόσειδον
1683 1728 1693 1744 ,
1712 1701 1757 1743 ὡς
1771 1696 1813 1746 εἳρ
1833 1697 1879 1744 {35³
1896 1701 1980 1746 ἐμὸς
1999 1703 2118 1746 πατὴρ
2138 1701 2236 1746 ὀρθῶς
2252 1701 2410 1743 ἂκοῦσεις

1358 1754 1426 1788 τῶν
1458 1751 1549 1797 ἐμῶν
1574 1753 1860 1795 κατευγμάτων.
1887 1753 1937 1791 Et
1953 1752 2093 1790 rursum
2113 1753 2343 1802 Hippolytus
2357 1779 2368 1796 ‚
2386 1747 2412 1787 ὖ

1357 1800 1449 1848 δῶρα
1470 1802 1607 1845 πατρὶς
1622 1803 1684 1836 σοῦ
1702 1801 1910 1845 Ποσειδῶνος
1928 1804 2052 1846 πικραὶ.
2082 1804 2258 1840 Μῐςγιῐ..

1411 1863 1470 1902 37.
1499 1850 1577 1902 Nisi
1584 1851 1691 1900 fitius
1707 1862 1751 1892 ω’
1769 1852 1829 1889 ille
1845 1851 1928 1902 est.]
1951 1852 2072 1901 Falsus
2090 1853 2272 1902 plurimae
2291 1864 2418 1891 mem-

1356 1904 1490 1942 branae
1511 1915 1596 1942 cum
1619 1903 1738 1952 priscis
1757 1903 1994 1942 editionibus.
2048 1903 2142 1941 Falli
2171 1912 2236 1944 aut
2260 1903 2337 1943 ludi
2358 1903 2418 1945 Di

1365 1953 1620 1994 dicebantur-31
1636 1955 1799 2004 perjuris.
1828 1954 1940 2003 Epist.
1963 1967 2024 1992 xx.

1417 2005 1592 2052 Jurabis,
1608 2005 1680 2054 scit
1697 2015 1730 2042 te
1740 2005 1868 2054 fallere
1880 2005 1966 2056 poſje
1985 2011 2087 2044 Deos.

1366 2056 1502 2096 Fastor.
1522 2069 1559 2096 v.
1580 2057 1667 2106 685.
2278 2103 2282 2109 .

1420 2109 1501 2146 Sive
1517 2114 1635 2145 Deum
1645 2107 1798 2158 prudens
1816 2105 1932 2145 alium
1948 2105 2144 2162 divamque
2152 2107 2298 2158 fefellit.

1368 2172 1435 2200 111.
1461 2161 1596 2197 Amor.
1618 2171 1670 2197 x1.
1688 2161 1749 2206 46.

1422 2210 1498 2260 Qi
1514 2210 1598 2248 dent
1605 2209 1784 2258 fallendos
1793 2209 1831 2259 se
1850 2208 1916 2247 tibi
1925 2209 2025 2262 saepe
2038 2239 2048 2256 ,
2075 2217 2178 2250 Deos.

1369 2262 1430 2302 Sic
1450 2262 1579 2310 fallere
1615 2267 1707 2301 Deos
1749 2261 1921 2301 dicuntur
1959 2264 2026 2314 qui
2056 2263 2330 2313 pejeraverunt.
2358 2266 2425 2313 11¹}

1370 2314 1508 2353 Amor.
1526 2327 1590 2353 111.
1617 2325 1673 2364 15.

1423 2365 1542 2403 Dicite
1557 2363 1611 2402 Di
1624 2393 1634 2410 ‚
1653 2362 1690 2416 si
1707 2378 1769 2401 vos
1785 2363 1924 2415 impune
1930 2363 2098 2413 fefellerit
2118 2365 2194 2415 ista.

1376 2416 1464 2456 Liv.
1498 2429 1584 2456 xxx.
1608 2428 1667 2464 42.
1700 2421 1766 2453 Per
1794 2429 1876 2468 quos
1902 2422 1992 2453 Deos
2014 2416 2139 2463 foedus
2164 2416 2270 2455 ι’ἑῖιινὶ
2302 2417 2426 2468 effluit,

1379 2481 1490 2518 quum
1520 2483 1570 2506 eos
1589 2497 1599 2514 ,
1629 2477 1691 2518 per
1715 2480 1798 2518 quos
1822 2478 1906 2504 ante
1932 2467 2042 2505 ifft'um
2062 2467 2137 2518 effet
2159 2497 2169 2512 ‚
2203 2468 2429 2519 fhfhlliffint?

1377 2519 1483 2557 falsus
1510 2531 1598 2569 ergo
1629 2520 1825 2568 Neptunus
1844 2526 1944 2564 erat,
1972 2520 2059 2569 quia
2081 2520 2243 2569 perjurio
2264 2522 2431 2563 euinfe-

1380 2570 1521 2609 fellerat
1543 2571 1829 2619 Demophoon:
1858 2570 1906 2608 fic
1918 2570 2035 2621 falsus
2054 2583 2121 2621 pro
2146 2583 2193 2610 eo
2207 2598 2220 2617 ,
2246 2572 2312 2622 qui
2337 2571 2434 2617 falli<

1380 2628 1462 2668 tur,
1489 2622 1633 2661 Auson.
1655 2621 1822 2660 Mosella.
1844 2621 1925 2667 184.

1620 2679 1721 2710 Dum
1739 2671 1872 2709 lubrica
1881 2670 1972 2722 falsi

1485 2723 1649 2761 Membra
1666 2733 1801 2773 petunt.

1382 2773 1592 2813 Diomedes
1612 2775 1706 2813 libro
1727 2776 1849 2823 primo
1869 2773 1983 2814 Instit.
2006 2775 2134 2814 Gram.
2161 2773 2280 2812 Fallor
2295 2773 2436 2826 salfits3

1377 2825 1516 2875 falfimi
1527 2826 1644 2874 facit,
1672 2838 1713 2864 ut
1736 2825 1854 2874 Virgil.

1609 2890 1707 2942 falsi
1720 2891 1881 2941 implevit
1897 2892 2060 2941 genitoris
2078 2904 2231 2930 amorem
2245 2908 2256 2929 .-

1388 2941 1566 2992 Sigm'ficat
1583 2943 1676 2980 enim
1695 2944 1754 2993 qui
1766 2942 1977 2990 fallebatur.
2016 2944 2228 2982 Hemsxus.

1442 3005 1501 3044 39.
1529 2994 1761 3045 Nimiumque
1780 2993 1871 3031 mihi
1878 2994 2051 3040 facientia
2071 2994 2182 3046 tela.]
2210 2994 2341 3032 Otiosa
2359 2998 2439 3031 cer-⁴

1388 3044 1427 3083 te
1455 3047 1494 3082 ὃς
1525 3044 1745 3095 supervacua
1776 3045 1947 3093 repetitio
1979 3046 2043 3081 τοῦ
2073 3045 2142 3082 tela
2172 3045 2280 3095 poffit
2307 3043 2439 3083 videri.

1392 3096 1519 3144 Scripti
1540 3096 1709 3134 nonnulli
1732 3095 1828 3133 tella.
1856 3094 1944 3132 bella
1972 3096 2092 3134 codex
2115 3096 2439 3135 Franciscanorum

1389 3147 1598 3185 Patavinus.
1625 3146 1739 3185 Unde
1760 3146 1926 3197 legebam
1943 3176 1952 3191 ,
1969 3147 2188 3199 nimiumque
2208 3145 2443 3193 mihifacien-

1392 3197 1443 3234 tia
1464 3197 1554 3235 belli.
1593 3199 1705 3236 Nunc
1723 3210 1814 3236 vero
1836 3198 2047 3237 recordatus
2067 3200 2118 3234 Tb
2127 3199 2244 3246 facere
2261 3208 2348 3234 cum
2367 3204 2444 3235 ter·

1393 3249 1448 3286 tio
1481 3249 1561 3286 casu
1591 3250 1802 3299 frequenter
1833 3249 1878 3288 ab
1909 3249 2054 3289 Ovidio
2075 3249 2213 3300 jungi,
2251 3247 2303 3285 nil
2321 3256 2443 3287 muto.

2374 2864 2398 2878 N

295 3295 374 3340 ‚Ubi
390 3295 544 3347 quidam
565 3297 678 3338 etiam
701 3297 845 3339 codices
865 3313 977 3348 aura,
996 3311 1091 3352 quae
1111 3312 1224 3341 voces
1235 3300 1341 3352 saepe
1394 3306 1517 3342 Facere
1535 3299 1642 3340 alicui
1660 3312 1727 3353 pro
1738 3302 1855 3351 facere
1869 3300 1918 3342 ad
1937 3301 2102 3353 aliquem.
2118 3299 2208 3340 Fast.
2227 3311 2284 3339 ιν.
2304 3298 2389 3347 807.

2378 3349 2449 3403 ose
