2553 3676
313 196 688 255 ARTIS
763 186 1528 249 AMATORIAE
1602 213 1774 254 L1n.
1848 199 1884 254 Ι,

2109 217 2202 267 543

349 284 663 357 Aucupibus
690 278 806 332 noti
829 274 1064 356 frutices.
1105 275 1198 346 qui
1222 275 1437 332 sustinet
1460 276 1673 346 ham03‚

426 355 594 411 Novit
618 368 754 423 quae
777 347 950 428 multo
975 346 1116 419 pisce
1141 359 1391 402 natentur
1415 368 1595 423 aquae.

350 429 446 484 Tu
467 442 575 496 quo
617 440 713 486 ue,
747 432 1023 475 materiam
1046 420 1211 491 longo
1234 421 1327 492 qui
1351 424 1557 492 quaeris
1582 427 1747 481 amOri
1764 467 1781 492 2

240 518 310 570 50

418 500 564 551 Ante
611 510 839 567 requens
863 511 974 568 quo
998 492 1060 547 fit
1085 492 1228 547 disce
1252 493 1425 564 puella
1449 495 1588 548 loeo.

344 569 471 626 Non
498 586 601 640 ego
624 581 975 641 quaerentem
998 579 1166 622 vento
1192 565 1317 621 dare
1343 567 1456 621 vela
1476 565 1703 636 jubebo:

412 641 530 695 Nec
557 639 683 705 tibi,
719 654 779 695 ut
800 640 1060 704 invenia8‚
1095 640 1255 711 longa
1281 638 1504 694 terenda
1528 639 1611 693 via
1635 640 1730 694 estv

343 712 737 768 Andromedan
765 714 984 769 Perseus
1006 713 1170 784 nigris
1194 712 1419 784 portarit
1446 711 1510 766 ab
1537 711 1708 777 Indis,

423 785 706 860 Raptaque
734 787 794 841 fit
821 786 1060 859 Phrygio
1089 784 1250 857 Graja
1275 785 1448 856 puella
1470 785 1605 839 vir0.

230 875 297 930 55
334 857 454 913 Tot
479 858 575 913 tibi
604 874 820 933 tamque
846 859 992 913 dabit
1016 859 1272 912 formosas
1298 857 1478 910 Roma
1500 858 1731 928 puella33

417 929 576 986 Haec
600 931 789 997 habet,
824 945 884 987 ut
915 932 1086 995 dicaS‚
1123 929 1388 1004 quidquid
1412 929 1467 982 in
1492 931 1623 984 orbe
1649 930 1767 985 fuit.

343 1002 583 1075 Gargara
605 1017 741 1077 quot
765 1006 995 1077 segete8‚
1033 1016 1168 1076 quot
1193 1003 1351 1057 habet
1376 1001 1696 1075 Methymna
1720 1019 1992 1069 racem033

416 1078 676 1151 Aequore
701 1092 836 1152 quot
861 1078 1055 1150 pisceS‚
1093 1076 1289 1131 fronde
1314 1086 1569 1148 teguntur
1592 1092 1743 1137 aves;

344 1148 534 1221 [Quot
562 1151 775 1206 coelum
799 1151 991 1215 stellaS‚
1030 1161 1114 1203 tot
1137 1148 1297 1203 habet
1323 1161 1411 1204 tua
1434 1147 1616 1203 Roma
1639 1147 1867 1221 puellas:

232 1224 302 1277 60

100 1407 260 1459 Jamque
264 1410 544 1463 propinquabant
550 1411 699 1462 stapulo,
710 1421 909 1461 metamque
920 1410 1100 1450 tenebant,

8 1496 9 1501 ,
54 1457 167 1500 Paulo
187 1462 265 1511 post
292 1463 404 1501 etiam
426 1463 596 1501 nonnulli
618 1463 787 1509 codices,
814 1473 908 1502 meta
934 1462 1097 1501 tenenda.

8 1535 9 1539 =
53 1522 130 1551 non
153 1512 304 1551 terenda.
333 1515 548 1552 Hemsms.

8 1578 9 1619 j
47 1575 161 1661 sl41.
189 1563 285 1601 Loris
302 1564 467 1615 fidutia]
496 1566 631 1604 Douza
650 1565 819 1615 legebat,
848 1563 928 1602 collo
950 1563 1027 1601 licet
1048 1563 1097 1601 ire

8 1643 9 1649 1
70 1628 85 1651 0
101 1624 171 1651 uto.

104 1675 164 1713 43.
192 1663 308 1702 Veniet
337 1675 462 1705 tenues.
485 1665 501 1716 ]
529 1673 657 1705 Tenues
684 1666 801 1704 veniet
828 1666 947 1715 scripti
974 1666 1098 1716 potio-

6 1742 10 1752 .
53 1724 120 1752 res.
149 1715 363 1754 Hfimsms.

8 1759 11 1774 ⁴
101 1777 161 1813 45.
189 1765 252 1803 Ubi
281 1768 370 1804 retia
397 1767 570 1818 tendam]
610 1774 724 1805 Ponat
750 1768 1027 1818 Argentinenfis
1052 1768 1099 1806 li-

10 1841 12 1849 .
54 1814 128 1853 ber.
163 1817 275 1856 etiam
306 1830 385 1856 non
414 1819 521 1857 male.
558 1818 607 1856 sic
638 1820 677 1856 ὅτ.
706 1820 798 1857 infra
825 1819 879 1863 ills.
908 1819 991 1868 263.
1018 1818 1098 1857 libri

60 1866 252 1905 meliores:

107 1920 281 1955 Rabienus
298 1919 389 1956 unde
408 1919 496 1969 legas
516 1919 607 1970 quod
623 1932 716 1957 ames
728 1948 739 1966 ,
768 1919 828 1957 ubi
848 1920 937 1957 retia
951 1928 1072 1969 ponas.

12 1986 13 1997 i
58 1965 231 2017 Virgilius
255 1971 393 2019 Georg.
412 1972 472 2008 lib.
497 1983 527 2008 1.
552 1982 636 2020 307.

108 2024 203 2055 Tunc
216 2020 357 2067 gruibus
371 2021 506 2070 pedica5
525 2033 569 2061 (φ’
586 2021 674 2058 retia
689 2031 811 2071 ponere
831 2021 954 2060 cervis.

14 2094 15 2098 =
58 2069 192 2108 Noster
209 2082 361 2120 quoque
384 2073 539 2110 Metam.
556 2085 628 2110 vn.
646 2084 732 2121 773.

271 2119 464 2170 Pofitarum
485 2123 560 2159 lina
574 2123 777 2173 plagarumt

13 2200 17 2222 ἕ
58 2169 108 2209 Er
128 2171 211 2208 infr.
229 2172 312 2220 645.

14 2242 17 2268 t
109 2226 151 2257 In
169 2221 326 2271 laqueos,
353 2236 434 2273 quos
446 2223 601 2273 posuere,
633 2225 774 2263 cadant.
800 2225 1015 2264 H131N81u30

16 2282 18 2309 ³.
59 2267 115 2308 Ita
132 2273 227 2320 apud
248 2273 403 2311 Martial.
422 2287 466 2311 11.
486 2275 592 2324 Epig.
612 2287 670 2321 27.

17 2334 19 2366 ζ
111 2322 332 2360 Laudantem
353 2323 480 2361 Selium
501 2339 618 2362 coenae
639 2340 716 2364 cum
736 2326 823 2363 retia
847 2326 971 2365 tendit.

59 2371 136 2428 Ubi
160 2373 278 2411 codex
300 2375 494 2413 Voffianus
522 2389 614 2414 unus
639 2405 649 2420 ‚
690 2379 754 2426 qui
784 2390 884 2415 nunc
911 2378 958 2414 est
981 2378 1017 2415 in
1040 2377 1101 2416 Bi-

57 2420 240 2461 bliotheca
269 2425 439 2462 Leidenfi
455 2454 464 2469 ‚
487 2427 594 2474 ponit.
620 2427 679 2464 sed
709 2440 834 2475 parum
857 2429 990 2465 referre
1010 2429 1102 2466 arbi-

20 2496 21 2499 =
58 2480 156 2527 tior,
185 2474 224 2510 δε
251 2483 408 2524 utroque
438 2477 550 2513 verbo
580 2477 684 2525 saepe
714 2478 846 2515 Noster
874 2480 997 2517 utitur.
1025 2480 1100 2517 vid.

19 2525 22 2559 Ὺ
60 2523 143 2559 mfr.
166 2523 211 2560 ad
230 2537 265 2561 v.
286 2526 369 2574 263.
399 2526 658 2564 Bunmannus.

100 2585 170 2628 ¹47.
196 2574 342 2621 sustinet
361 2575 520 2626 hamos.]
552 2577 714 2613 Continet
731 2579 981 2626 fragmentum
1003 2579 1102 2617 Bod-

62 2619 221 2671 lejanum
251 2627 288 2662 ὃς
320 2634 390 2663 tres
423 2636 630 2675 quatuorve
660 2629 721 2664 alii
748 2630 904 2666 codices.
932 2629 979 2666 sic
1010 2631 1102 2667 infra

63 2685 144 2720 544.
175 2676 302 2724 Prefftzs
331 2677 479 2714 continet
508 2688 584 2714 arte
614 2678 724 2724 jubas.
764 2680 908 2716 Petron.
937 2680 1102 2728 Satyrico

61 2734 139 2772 cap.
160 2737 192 2762 2.
216 2726 381 2763 Nondum
393 2729 538 2775 juvenes
557 2728 865 2765 declamationibus
883 2730 1104 2767 contineban-

63 2783 135 2810 tur.
179 2776 373 2815 Priscianus
400 2778 578 2827 Periegesi
601 2793 608 2816 :
650 2786 810 2816 Naturae
832 2780 963 2828 genitor
979 2809 989 2826 ,
1018 2796 1105 2831 quae

63 2831 238 2880 mandunt
261 2830 408 2864 continet
428 2843 574 2867 onmem.
604 2831 737 2868 Noster
757 2831 890 2868 Fastor.
915 2844 944 2869 1.
969 2844 1051 2881 504.

67 2924 95 2963 P
120 2877 369 2926 Continuitque
387 2892 533 2916 manum
549 2882 660 2929 saeva
679 2882 823 2930 regentis
844 2883 919 2920 iter.

26 2949 27 2952 =
100 2934 176 2963 ont.
202 2938 231 2962 1.
250 2938 301 2962 xx.
322 2940 381 2965 22.

69 2976 304 3064 HContinuit
316 2986 469 3026 promtus
489 2980 527 3017 in
547 2994 622 3018 mea
633 2983 719 3029 fata
739 2996 879 3023 manus.

114 3039 280 3063 ramnus.

108 3077 179 3134 Μ48.
208 3079 307 3124 =§Luae
339 3077 486 3126 multa]
517 3081 599 3126 Qa
624 3082 811 3122 Bernenfis
839 3097 932 3124 unus
962 3086 1000 3124 &
1030 3086 1105 3125 duo

70 3126 141 3166 alu.
171 3130 290 3175 Quam
310 3127 419 3164 multo
440 3128 599 3166 Barthol.
620 3139 659 3167 ut
677 3145 721 3169 11.
741 3146 785 3171 ex
805 3137 913 3174 Pont.
934 3150 1003 3174 vn.
1025 3140 1086 3176 26.

147 3178 306 3227 Altaque
327 3191 433 3228 quam
453 3179 576 3215 multis
587 3178 711 3230 floreat
731 3184 845 3231 Hybla
868 3187 1023 3234 thymis„

123 3241 182 3277 50.
210 3230 308 3276 Disce
330 3229 448 3278 puella
475 3229 580 3280 loom]
609 3236 734 3269 Locum
763 3245 852 3274 unus
880 3234 1035 3278 Hcififii.
1060 3239 1111 3277 ita

75 3287 129 3318 ει..
141 3280 229 3318 Am.
247 3291 325 3319 xix.
348 3292 413 3319 io.-

413 1222 596 1280 Mater
620 1223 676 1280 &
702 1227 922 1279 Aeneae
948 1221 1152 1279 constat
1182 1222 1238 1276 in
1264 1221 1396 1278 urbe
1418 1221 1508 1277 sui.
1521 1225 1549 1293 ]'

2099 1292 2209 1352 Seu

1204 1411 1356 1461 Qaque
1378 1409 1450 1460 capi
1465 1408 1579 1461 poffim
1597 1408 1728 1447 callida
1747 1418 1872 1454 norat,
1902 1416 2006 1459 opem.

1151 1462 1228 1500 Ubi
1245 1471 1299 1510 ope
1317 1462 1377 1500 alii
1397 1461 1556 1500 codices.
1577 1473 1633 1500 vx.
1656 1461 1746 1499 Fast.
1769 1461 1850 1507 176.

1204 1519 1276 1550 Nec
1298 1512 1441 1550 Latium
1462 1512 1564 1550 norat
1577 1540 1587 1557 ,
1613 1525 1721 1563 quam
1737 1511 1875 1561 praebet
1893 1509 1992 1547 Ionia
2013 1508 2135 1557 dives}

1255 1570 1327 1600 Nec
1346 1577 1433 1612 quae
1453 1570 1621 1612 Pygmaeo
1630 1563 1803 1612 sanguine
1816 1561 1945 1611 gaudet
1958 1589 1969 1607 ,
1990 1574 2108 1600 avem.

1151 1614 1228 1652 Ubi
1250 1615 1330 1651 avis
1351 1616 1389 1652 in
1409 1615 1594 1652 nonnullis
1616 1613 1676 1651 est.
1702 1626 1732 1651 1.
1752 1614 1832 1651 Art.
1855 1614 1943 1650 Am.
1967 1623 2050 1661 553.

1206 1666 1373 1710 Horruit,
1402 1676 1442 1702 ut
1451 1664 1581 1712 steriles
1590 1693 1602 1710 ,
1628 1665 1740 1713 agitat
1761 1677 1846 1713 quas
1868 1672 1995 1699 ventus
2020 1690 2030 1706 ,
2065 1661 2207 1710 aristae:

1153 1716 1218 1754 ubi
1235 1718 1385 1766 quidam
1402 1744 1412 1760 ‚
1439 1715 1570 1762 aristas.
1599 1715 1672 1753 vid.
1692 1716 1803 1753 Pierii
1824 1722 1929 1752 notas
1950 1713 1996 1751 ad
2014 1713 2145 1762 Virgil.
2171 1726 2209 1752 1.-

1153 1767 1312 1805 Aeneid.
1335 1779 1392 1813 72.
1413 1767 1681 1804 BURMANNUS.

1207 1829 1266 1867 53.
1295 1818 1413 1866 Nigris
1425 1818 1575 1866 portarit
1600 1817 1644 1853 ab
1666 1816 1763 1853 Indis
1777 1843 1787 1860 ,
1814 1821 1994 1864 Raptaque
2002 1811 2090 1863 fit]
2120 1813 2212 1851 Noc'

1154 1868 1205 1906 bis
1233 1871 1324 1907 haec
1346 1869 1548 1917 elegantior
1570 1867 1644 1905 visa
1668 1867 1717 1904 est
1744 1866 1868 1904 lediio.
1896 1877 1982 1902 cum
2012 1865 2051 1901 in
2079 1866 2207 1902 omnia·

1154 1919 1219 1957 bus
1232 1948 1242 1965 ‚
1259 1919 1417 1969 portavit
1437 1918 1480 1955 ab
1501 1918 1617 1963 Indis,
1631 1924 1808 1968 Raptaque
1819 1913 1891 1966 fic,
1906 1915 2098 1964 legeretur.
2125 1915 2207 1952 Ne-

1154 1982 1229 2019 que
1248 1979 1372 2010 tamen
1397 1971 1493 2019 prior
1515 1970 1573 2007 illa
1593 1981 1671 2006 non
1696 1970 1805 2005 reeta.
1835 1967 2091 2004 Nannenus.
2120 1971 2204 2002 An-

1155 2022 1345 2058 dromedan
1361 2021 1443 2070 lege
1460 2049 1470 2065 ‚
1487 2028 1526 2058 ut
1542 2020 1713 2057 meliores
1730 2019 1822 2056 libri.
1850 2017 1953 2067 quod
1968 2017 2048 2065 jam
2070 2017 2203 2054 monui

1153 2072 1251 2109 notis
1283 2073 1327 2110 ad
1356 2071 1466 2120 Epist.
1495 2082 1610 2108 xvxii.
1637 2069 1692 2113 ybs.
1718 2081 1797 2117 149.
1819 2069 1856 2105 in
1880 2068 2006 2106 ceteris
2027 2067 2205 2116 Naugerii

1155 2123 1407 2172 conjeeruram
1427 2121 1675 2170 expressimus.
1702 2121 1801 2157 Nam
1822 2119 1941 2166 scripti
1957 2117 2101 2155 codices
2117 2129 2202 2154 cum

1156 2174 1311 2222 vulgatis
1325 2201 1334 2217 ‚
1357 2172 1517 2222 portavit
1532 2200 1542 2216 ,
1570 2173 1608 2209 ὃ(
1624 2199 1633 2216 ,
1653 2177 1830 2220 Raptaque
1842 2167 1902 2218 fic.
1921 2169 2129 2206 Hemnus.
2157 2168 2201 2204 In

1155 2223 1340 2261 Vaticano
1372 2232 1447 2260 erat
1469 2251 1479 2267 ,
1517 2221 1772 2259 Andromedan
1799 2220 1890 2257 alius
1917 2220 2077 2268 Perfieu53
2106 2218 2201 2255 forte

1156 2286 1223 2323 pro
1239 2303 1248 2319 ,
1277 2274 1346 2311 ales
1364 2275 1500 2322 Perfhus
1515 2273 1676 2323 portarit.
1704 2271 1751 2309 fic
1776 2271 1846 2308 ales
1864 2270 2068 2307 Mercurius
2090 2266 2200 2316 Epist.

1157 2338 1236 2362 xvi.
1266 2326 1325 2363 68.
1361 2325 1431 2361 ales
1454 2338 1582 2375 equus,
1605 2323 1757 2372 Pegasus
1781 2335 1842 2361 111.
1868 2323 1956 2359 Am.
1976 2332 2046 2358 xix.
2074 2330 2131 2364 24.
2158 2318 2203 2356 ὅτ,

1157 2377 1296 2424 passim.
1324 2376 1589 2413 BuRMANNus.
2084 2419 2088 2424 Σ

1210 2439 1268 2476 53.
1296 2426 1356 2463 Ab
1388 2426 1517 2475 indis]
1549 2427 1604 2463 Ex
1629 2424 1729 2461 Urbe
1758 2425 1876 2471 Joppe
1902 2420 2130 2469 deportavit,
2157 2424 2200 2456 ut

1157 2476 1268 2515 docet
1298 2478 1398 2514 Mela
1427 2478 1485 2514 lib.
1520 2489 1551 2514 r.
1577 2488 1631 2513 11.
1658 2476 1695 2511 &
1716 2474 1806 2511 Plin.
1832 2473 1892 2509 lib.
1913 2483 1947 2507 v.
1973 2482 2029 2518 13.
2055 2469 2114 2507 sed
2139 2474 2201 2505 In-

1157 2528 1257 2564 diam
1277 2529 1366 2566 olim
1388 2528 1555 2564 latissime
1581 2526 1716 2563 distain
1746 2523 1868 2561 multis
1890 2520 2046 2558 ostendit
2073 2517 2210 2567 Amph-

1159 2579 1293 2626 Cuper.
1314 2591 1366 2614 iv.
1387 2578 1471 2614 Obs.
1498 2589 1531 2622 7.
1568 2608 1571 2609 ν

1211 2642 1266 2677 55.
1296 2634 1357 2664 Tot
1380 2627 1445 2664 tibi
1473 2640 1622 2677 namque
1651 2624 1760 2661 dabit.
1782 2622 1798 2672 ]
1836 2623 1994 2670 Optime
2017 2633 2062 2658 ex
2086 2619 2202 2659 veteri

1158 2680 1288 2717 codice
1310 2687 1550 2716 annotaverat
1573 2676 1749 2724 Scaliger,
1777 2684 1928 2721 tamque.
1957 2674 2010 2710 Ut
2033 2671 2099 2709 fit:

1210 2735 1271 2766 Tot
1291 2729 1376 2772 tibi,
1404 2740 1546 2779 tamque
1567 2727 1664 2764 dabit
1676 2724 1845 2773 formosas
1866 2729 1972 2760 Roma
1988 2721 2122 2771 puellas
2132 2735 2153 2765 3-

1255 2788 1347 2818 Haec
1366 2780 1467 2816 habet
1482 2808 1490 2823 ,
1513 2790 1552 2816 ut
1573 2779 1666 2815 dicas
1679 2805 1689 2821 ‚
1713 2774 1877 2827 quicquid
1897 2773 1935 2811 in
1953 2773 2028 2811 orbe
2040 2773 2139 2820 suin.

1159 2833 1264 2871 DAN.
1294 2832 1506 2869 Hfimsms.

1211 2884 1268 2931 56.
1298 2889 1340 2918 In
1358 2881 1433 2917 orbe
1445 2880 1558 2930 suia]
1591 2886 1630 2915 In
1653 2877 1727 2915 orbe
1751 2886 1869 2915 manet
1891 2874 2079 2913 Bernenfis
2097 2885 2201 2912 unus,

1214 2946 1270 2980 59.
1299 2934 1393 2980 Qot
1417 2931 1542 2968 coelum
1552 2929 1712 2978 stella5.]
1736 2928 1926 2965 Distichon
1946 2927 2019 2964 hoc
2038 2938 2113 2963 non
2134 2923 2204 2978 effe

1163 2984 1372 3021 Ovidianae
1411 2992 1521 3019 notae
1561 2979 1763 3018 contendo.
1800 2979 2032 3016 Pentameter
2065 2988 2109 3012 ex
2137 2974 2204 3011 illis

1163 3035 1284 3072 Nostri
1309 3033 1542 3070 adumbratus
1565 3032 1611 3069 est
1631 3032 1763 3068 Amor.
1783 3029 1843 3066 lib.
1867 3040 1898 3066 1.
1919 3029 2019 3083 Eleg.
2040 3038 2128 3080 vrri.

1214 3091 1320 3122 Nunc
1342 3090 1443 3120 Mars
1460 3094 1609 3120 externis
1629 3095 1763 3118 animos
1785 3089 1912 3117 exercet
1933 3091 1970 3113 in
1988 3088 2115 3113 armis:

1269 3141 1325 3171 At
1347 3141 1457 3170 Venus
1475 3138 1612 3170 Aeneae
1632 3142 1751 3181 regnat
1771 3131 1809 3167 in
1831 3129 1912 3166 urbe
1922 3128 1992 3177 fici„

1166 3186 1210 3223 In
1236 3185 1444 3222 Oxonienfi
1463 3186 1669 3232 fragmento
1689 3181 1896 3233 legebatur:

1218 3242 1338 3271 Δίαιον
1355 3234 1393 3270 in
1411 3241 1548 3275 Aeneae
1566 3233 1713 3280 constitit
1732 3230 1813 3267 urbe
1825 3230 1894 3276 sat.

1168 3285 1331 3334 constitit
1352 3285 1463 3325 etiam
1488 3286 1635 3333 Regius.
1663 3282 1876 3328 Heinsius2
2043 3325 2089 3366 ω
2131 3332 2163 3363 1³
2187 3325 2215 3341 .-

2097 3354 2115 3366 .⁴
2152 3341 2223 3367 *rsa*
