2553 3676
816 202 877 258 P.
953 193 1372 256 oV1D11
1446 174 1983 249 N'Asonts

584 288 715 346 Non
737 287 845 343 avis
869 282 1162 356 aucupibus
1187 278 1476 344 monstrat,
1513 279 1620 352 qua
1647 289 1797 351 parte
1823 287 2063 352 petatur:

449 369 554 434 670

663 362 794 418 Non
822 360 989 414 docet
1013 355 1226 412 infestas
1254 371 1472 410 currere
1497 371 1654 407 cerva
1679 369 1853 406 canes.

594 434 815 494 Viderit
838 432 1063 495 utilitas;
1104 441 1388 503 praecepta
1411 427 1642 482 fideliter
1667 424 1840 481 edam.

667 506 942 564 Lemniafi
967 504 1169 578 gladios
1192 504 1249 558 in
1272 519 1392 556 mea
1414 500 1521 553 fata
1545 499 1701 554 dab0.

600 581 827 638 Efficite
854 584 875 652 (
891 580 945 634 &
974 578 1127 634 facile
1153 576 1263 644 est>
1302 586 1361 627 ut
1386 588 1484 626 nos
1509 572 1792 627 credamus
1820 572 2009 629 amari:

675 656 853 712 Prona
877 654 1025 709 venit
1052 648 1260 721 cupidis
1284 646 1341 700 in
1364 644 1452 700 sua
1475 656 1603 698 vota
1627 645 1777 699 fides.

455 736 554 802 675
593 729 808 803 Spe&et
834 724 1107 782 amabilius
1131 722 1385 793 juvenem
1403 742 1416 781 ;
1433 717 1654 791 suspiret
1680 716 1744 772 ab
1771 717 1885 774 imo

674 802 928 862 Femina;
971 812 1080 852 tam
1104 797 1222 851 sero
1250 812 1347 849 cur
1370 792 1661 865 veniatque
1685 803 1860 863 roget.

602 876 886 934 Accedant
912 872 1189 932 lacrimae,
1228 868 1386 923 dolor
1412 864 1468 920 ἅτ
1493 865 1563 921 de
1591 865 1781 938 pellice
1804 863 1978 921 fiblus:

675 949 748 1005 Et
773 948 936 1003 laniet
961 945 1142 1018 digitis
1167 942 1302 997 illius
1328 959 1422 995 ora
1446 939 1564 994 suis,

594 1022 927 1096 Jamdudum
951 1017 1220 1093 persuasus
1247 1015 1378 1079 erit,

675 1097 747 1153 Et
777 1095 950 1158 dicet,
987 1092 1135 1148 Cura
1162 1089 1398 1163 carpitur
1421 1086 1513 1143 ista
1538 1087 1662 1142 mei.

460 1099 564 1155 680

360 1318 448 1366 670.
477 1316 651 1368 Infestos]
680 1311 1297 1362 Francofurtenfis‚infhstas.rec‘te.
1317 1324 1363 1350 xx.

307 1369 418 1409 Pont.
438 1368 542 1419 Eleg.
562 1381 598 1407 2.

357 1430 563 1480 Quaefugit
582 1429 721 1477 infestas
738 1426 859 1466 territa
880 1439 982 1464 cerva
1001 1439 1112 1464 canes.

309 1493 411 1532 Vide
430 1492 477 1532 ad
500 1504 580 1532 111.
600 1492 760 1530 Metam.
782 1502 863 1538 140.
917 1489 1189 1527 Buamnnus.

361 1546 448 1591 671.
474 1548 542 1592 Ego
571 1552 682 1593 coepta
704 1541 858 1591 fideliter
887 1541 1026 1590 edam.]
1068 1547 1250 1591 Praecepta
1287 1537 1363 1576 duo

312 1595 472 1635 codices.
492 1595 541 1633 fic
561 1594 721 1633 Remed.
740 1594 825 1643 489.

359 1662 462 1712 Qid
474 1660 510 1712 fi
525 1661 611 1709 quid
625 1669 802 1712 praecepta
819 1658 944 1696 valent
966 1670 1053 1696 mea.

309 1726 362 1766 Et
383 1724 486 1774 supra
509 1738 593 1775 257.

366 1786 547 1834 Formosae
566 1784 683 1824 minus
703 1783 791 1823 artis
811 1792 903 1835 opem
918 1792 1161 1835 praeceptaque
1182 1791 1320 1821 curant.

312 1842 366 1884 Et
394 1846 482 1893 651.

369 1896 471 1953 Qid
484 1898 595 1948 juvat
611 1899 771 1949 ambages
784 1907 1026 1950 praeceptaque
1041 1908 1159 1949 parva
1178 1910 1324 1935 monere.

316 1946 367 1986 Et
388 1950 437 1986 sic
455 1949 559 1998 saepe
582 1951 637 1988 his
655 1951 763 1990 libris.
818 1952 1029 1989 Hemsms.

345 2050 352 2056 -
370 1999 458 2047 672.
486 2002 718 2039 Lemniadum
733 2001 867 2052 gladios
886 2003 924 2039 in
946 2016 1022 2039 mea
1039 2003 1118 2049 fata
1140 1999 1269 2050 dabra]
1298 2000 1376 2037 Re-

317 2060 398 2099 gius
412 2078 423 2096 ,
438 2052 600 2089 Lemnias
611 2065 664 2093 c-J’.
675 2054 910 2092 Farnesianus
925 2082 934 2098 ‚
950 2054 1105 2091 Lemnios
1123 2064 1176 2092 cy.
1192 2053 1374 2101 Quinque

318 2101 536 2141 Lemniades.
563 2111 633 2142 tres
646 2133 656 2149 ,
685 2105 896 2142 Lemniadis.
916 2105 992 2143 duo
1006 2133 1015 2150 ‚
1030 2103 1227 2141 Lemniadi.
1255 2115 1348 2140 unus
1365 2130 1374 2146 ‚

320 2153 542 2210 Lemniades.
571 2155 714 2201 Scribe,
743 2154 917 2206 Lemniafi
934 2168 977 2196 ω’
992 2185 1001 2200 ,
1029 2168 1102 2194 una
1122 2155 1245 2193 addita
1271 2155 1376 2192 litera

317 2202 514 2252 scripturae
546 2207 718 2244 omnium
747 2209 880 2256 optimi
911 2207 1048 2246 codicis
1079 2207 1200 2256 Regii.
1227 2207 1266 2244 ὃς
1291 2205 1377 2243 vide

321 2265 419 2303 quae
437 2264 533 2295 noto
552 2257 598 2296 ad
620 2258 819 2307 Epistolam
842 2271 951 2297 X111.
974 2271 1067 2297 vers.
1096 2269 1178 2307 137.
1205 2265 1316 2308 atque
1336 2257 1377 2294 iis

322 2304 417 2344 adde
444 2307 572 2347 locum
602 2309 806 2358 Propertii,
835 2311 1000 2360 egregie,
1029 2309 1095 2348 nisi
1115 2310 1243 2354 fallor,
1274 2308 1379 2356 ame

323 2356 559 2405 restitutum,
586 2361 651 2410 qui
672 2361 783 2399 exstat
799 2361 862 2399 lib.
886 2374 941 2398 1v.
956 2362 1079 2410 Elegia
1105 2362 1242 2410 prima:

375 2411 456 2458 {Quo
476 2411 549 2448 ruis
570 2411 769 2461 imprudens
786 2425 879 2461 vaga
900 2413 1008 2448 dicere
1018 2415 1120 2459 siwia
1136 2440 1146 2454 ‚
1173 2410 1352 2462 Properti?

428 2467 512 2498 Non
521 2463 610 2511 fient
631 2462 678 2499 ah
698 2463 824 2499 dextra
844 2463 995 2500 candida
1006 2463 1073 2510 fila
1094 2462 1185 2499 colo!

374 2511 525 2562 Aversts
544 2511 707 2562 Charisin
727 2524 858 2551 cantas.
886 2515 1028 2562 aversus
1049 2513 1173 2564 Apollo

430 2563 586 2613 Poscitur
604 2564 725 2601 invita
745 2565 853 2602 verba
865 2565 1012 2614 pigenda
1033 2565 1124 2614 lym.

327 2613 383 2653 Ita
408 2615 546 2665 quippe
575 2615 636 2653 ista
667 2616 799 2653 censeo
830 2617 1104 2661 constituenda,
1142 2627 1237 2665 quae
1257 2614 1383 2653 videa-

332 2676 414 2703 mus
444 2678 545 2704 nunc
574 2666 721 2716 lingula.
775 2668 902 2705 Primo
934 2668 1040 2705 versu
1067 2681 1159 2716 vaga
1179 2667 1278 2713 faela
1306 2679 1383 2704 non

331 2728 440 2764 vage,
468 2718 552 2767 lego
567 2734 577 2763 ;
607 2720 693 2766 quia
713 2719 911 2768 imprudens
938 2717 1184 2767 praecesserat.
1222 2717 1385 2755 secundo

334 2765 545 2815 legebatur,
564 2769 586 2805 ἃ
607 2770 731 2807 dextra
753 2770 890 2807 condita
903 2769 968 2815 fila
989 2770 1066 2806 colo.
1090 2782 1111 2805 a
1129 2781 1195 2818 pro
1206 2768 1267 2805 ah.
1290 2781 1387 2818 quo-

335 2817 455 2873 modo
484 2819 585 2867 saepe
611 2822 708 2868 apud
739 2823 971 2870 Propertium
1009 2830 1192 2870 peccatur.
1238 2828 1279 2857 ut
1303 2819 1389 2856 alibi

336 2868 496 2918 pluribus
514 2869 689 2908 dicemus.
716 2871 832 2920 poiset
854 2874 889 2910 ὅ(
902 2883 978 2909 tam
999 2873 1125 2909 dextra
1143 2871 1389 2920 legi.candida

336 2919 450 2957 etiam
477 2918 545 2966 fila
580 2923 690 2958 milui
725 2936 836 2971 quain
865 2924 1015 2961 condita.
1053 2922 1155 2974 quod
1188 2922 1287 2960 Naso
1304 2922 1390 2971 'pari

341 2970 461 3008 modo
485 2971 521 3008 in
545 2971 740 3009 Tristibus:

393 3028 474 3059 Non
491 3021 544 3057 ita
557 3022 643 3069 sunt
655 3023 730 3068 jati
754 3024 903 3060 candida
918 3024 985 3071 fila
1007 3025 1085 3062 mei.

336 3072 410 3111 Pro
439 3071 583 3121 Aversis
613 3072 775 3121 Chars'fin
806 3086 948 3118 cantas,
985 3077 1021 3112 in
1053 3076 1187 3123 scriptis
1213 3075 1390 3118 editisque

339 3123 550 3173 legebatur,
569 3122 716 3173 Accerfis
737 3123 899 3173 lacrymis
922 3137 1042 3162 cantus
1065 3127 1167 3163 nullo
1181 3127 1292 3163 sensu.
1322 3120 1389 3163 nili

338 3174 442 3224 quod
461 3175 497 3212 in
523 3174 652 3213 codice
672 3177 794 3224 magni
814 3176 1005 3225 Scaligffli,
1049 3176 1201 3226 Accerfis
1226 3177 1392 3226 lacrymis

341 3225 515 3263 Charites.
543 3226 646 3276 quod
665 3227 715 3264 illi
733 3226 868 3272 arrisit,
898 3240 975 3265 non
997 3229 1099 3266 milii.
1152 3229 1204 3264 To
1229 3228 1392 3265 Charites

338 3289 476 3326 nempe
505 3278 683 3316 diversam
711 3278 913 3316 lectionem
947 3282 1010 3314 τοῦ
1038 3279 1202 3329 lacrymis
1218 3279 1393 3329 designat.

329 3340 414 3381 ,pro
432 3341 510 3380 quo
538 3329 682 3368 charitis
707 3330 905 3381 antiquitus
924 3330 965 3370 sit
989 3331 1140 3370 lectum.
1168 3331 1271 3370 versu
1299 3331 1398 3381 post<

1415 1012 1752 1069 miserebitur
1775 1011 1948 1069 ultro:

2315 1163 2470 1221 Prae*

1421 1320 1529 1347 remo
1546 1307 1693 1359 poscitur
1712 1308 1869 1359 reposui.
1882 1308 1980 1346 Nam
2002 1307 2040 1345 in
2059 1315 2138 1345 uno
2151 1306 2356 1351 ‚Voffiano
2369 1305 2482 1355 Poscis.

1421 1372 1475 1400 (φ.
1503 1360 1655 1410 Vulgari
1669 1388 1679 1403 ,
1686 1360 1789 1409 poscis
1801 1360 1857 1398 ab.
1888 1372 1954 1409 pro
1967 1360 2055 1406 fata
2072 1357 2169 1408 apud
2184 1359 2372 1398 Nasonem
2394 1357 2474 1394 scri-

1419 1413 1446 1449 ti
1467 1411 1631 1462 plerique
1654 1411 1801 1449 damna.
1829 1413 1986 1460 Regius,
1991 1411 2109 1458 sama.
2125 1410 2188 1449 Nil
2201 1410 2477 1448 mutaHsms.

1419 1462 1552 1500 Probat
1582 1462 1830 1501 ssroukhufius
1861 1464 1958 1501 hanc
1988 1460 2130 1499 Heinfii
2162 1461 2480 1500 emendationem.

1419 1513 1480 1552 sed
1499 1513 1642 1552 versum
1668 1513 1714 1552 de
1735 1514 1894 1551 candidis
1907 1512 1980 1562 filis
1999 1524 2076 1551 non
2103 1515 2219 1562 reperi
2240 1514 2278 1551 in
2299 1512 2479 1549 Tristium

1420 1565 1529 1604 libris.
1556 1564 1616 1603 sed
1636 1573 1749 1614 puto,
1775 1574 1816 1604 ut
1834 1566 1963 1614 saepe,
1991 1566 2176 1602 memoria
2195 1564 2333 1612 lapsum
2359 1564 2479 1600 virum
2541 1577 2543 1580 ’

1423 1617 1612 1666 egregium
1629 1644 1639 1662 ‚
1670 1617 1708 1654 ὅ(
1729 1616 1967 1655 obversatum
1990 1616 2119 1652 animo
2140 1616 2217 1666 ejus
2237 1615 2349 1652 alium
2370 1626 2416 1651 ex
2440 1624 2485 1652 xx.

1424 1668 1535 1706 Pont.
1555 1680 1610 1706 1v.

1479 1738 1561 1769 Non
1581 1731 1634 1769 ita
1650 1739 1732 1781 pars
1745 1731 1823 1779 fati
1838 1729 1991 1768 candida
2011 1729 2115 1768 nulla
2137 1728 2217 1767 mei.

1427 1796 1476 1835 Et
1502 1797 1590 1835 licet
1609 1796 1762 1834 candida
1774 1795 1844 1845 fila
1870 1795 1970 1834 recle
2005 1797 2044 1834 ὃς
2075 1795 2260 1844 eleganter
2286 1794 2359 1832 dici
2388 1792 2496 1844 posse

1428 1860 1507 1886 non
1527 1860 1688 1898 negem,
1716 1848 1856 1885 condita
1876 1856 2004 1886 tamen
2027 1846 2093 1892 fila
2121 1845 2218 1894 apud
2254 1846 2484 1894 Propertium

1429 1911 1508 1937 non
1528 1909 1725 1938 mutarem.
1752 1899 1861 1938 sedde
1881 1899 1935 1936 his
1953 1899 2057 1936 latius
2079 1897 2125 1937 ad
2146 1897 2270 1937 Valer.
2291 1897 2409 1936 Flacc.
2429 1897 2492 1936 lib.

1439 1963 1471 1990 1.
1503 1963 1587 2002 531.
1612 1963 1777 2000 agemus.
1805 1951 2070 1988 BuRMANNus.

1483 2003 1571 2052 673.
1598 2001 1769 2052 Efficite]
1800 2002 1906 2040 Alter
1925 2001 2177 2039 Mentelianus
2192 2029 2201 2044 ‚
2229 1998 2353 2048 efficere
2372 2010 2416 2039 εν
2426 2001 2487 2048 fa-

1431 2053 1492 2091 cile
1511 2054 1565 2102 est.
1601 2054 1721 2097 forte,
1751 2053 1873 2102 efficere
1900 2053 1939 2089 in
1951 2051 2058 2100 facili
2084 2051 2138 2098 est.
2165 2059 2205 2090 ut
2234 2051 2327 2100 supr.
2367 2051 2429 2089 lib.
2460 2063 2489 2089 1.

1433 2106 1517 2154 562.
1556 2105 1716 2151 Insacili
1747 2104 1791 2152 est
1818 2104 1937 2141 omnia
1962 2104 2045 2153 poffie
2071 2108 2155 2141 Deo.
2196 2103 2410 2141 Hmnstus.
2446 2106 2491 2139 Et

1432 2156 1671 2195 commodius
1697 2157 1734 2194 in
1758 2169 1800 2193 ex
1831 2155 1998 2194 transiret
2022 2183 2033 2200 ‚
2081 2163 2122 2192 ut
2152 2155 2293 2205 legatur
2318 2168 2360 2192 ex
2380 2153 2495 2201 facili.

1432 2208 1479 2246 de
1497 2220 1575 2258 quo
1595 2207 1668 2245 vid.
1688 2207 1734 2246 ad
1753 2207 1812 2250 ybs.
1832 2207 1918 2253 476.
1938 2208 1976 2244 &
1999 2218 2081 2254 579.

1481 2260 1568 2308 673.
1596 2259 1794 2295 Credamus
1812 2257 1969 2307 amari]
1999 2256 2352 2306 Credamurprima
2378 2255 2496 2294 editio
2524 2273 2527 2275 >

1434 2311 1473 2348 δε
1492 2320 1586 2348 unus
1609 2309 1826 2348 Vaticanus.
1864 2309 2081 2347 Hismsms.
2129 2309 2177 2346 Et
2205 2309 2255 2346 ita
2286 2320 2380 2347 unus
2409 2308 2494 2346 Ber-

1434 2361 1566 2399 nensis.

1485 2413 1570 2461 675.
1598 2416 1644 2448 Et
1654 2411 1801 2461 ficspiret
1821 2410 1865 2448 ab
1884 2410 1963 2448 imo.
1984 2409 1999 2459 ]
2030 2410 2082 2445 To
2113 2422 2156 2449 <9-
2183 2421 2260 2447 non
2281 2409 2493 2458 agnoscunt

1434 2463 1515 2501 libri
1535 2464 1730 2506 meliores,
1770 2474 1840 2500 nec
1859 2463 1977 2510 prima
2010 2461 2139 2498 editio.
2188 2461 2329 2498 Heius.
2368 2461 2492 2509 specht

1437 2514 1637 2551 amabiliter
1649 2512 1835 2551 Bernensis
1852 2525 1957 2550 unus
1970 2511 2186 2548 amabilibus
2202 2510 2361 2548 Barthol.
2390 2510 2496 2560 quodv

1437 2578 1516 2603 non
1541 2565 1750 2614 displicebat
1774 2563 1932 2602 Heinsio
1954 2575 2025 2601 nec
2045 2564 2160 2601 milii:
2191 2572 2230 2600 ut
2251 2562 2355 2598 oculis
2375 2562 2496 2600 subin-

1438 2617 1642 2666 telligatur,
1671 2615 1994 2666 quemadmodum
2023 2614 2179 2652 dicimus
2217 2613 2312 2651 limis
2337 2613 2496 2663 spefflare.

1440 2667 1515 2705 vid.
1549 2668 1595 2706 ad
1617 2681 1679 2705 111.
1697 2668 1794 2706 Met.
1817 2669 1903 2712 642.
1956 2666 2220 2703 BuRMANNus.

1493 2719 1578 2766 677.
1606 2718 1734 2763 Dolor,
1764 2729 1807 2758 &⁴
1827 2718 1868 2754 de
1884 2716 2002 2767 pellice
2014 2715 2162 2765 ficium]
2195 2716 2255 2752 De
2283 2715 2418 2753 Pelliee
2445 2716 2499 2753 in-

1442 2770 1565 2819 tellige
1578 2782 1655 2807 non
1675 2770 1796 2808 mariti
1809 2798 1818 2812 ,
1833 2778 1874 2807 ut
1893 2768 2038 2806 Merula
2049 2779 2238 2816 exponere
2251 2766 2397 2805 videtur
2411 2795 2421 2811 ,
2441 2766 2501 2805 sed

1447 2823 1642 2864 amatoris,
1670 2833 1793 2871 eoque
1813 2819 1958 2859 additur
1977 2820 2017 2857 &
2033 2819 2161 2868 fidius,
2191 2819 2228 2856 &
2251 2830 2341 2855 mox
2357 2846 2366 2861 ‚
2395 2817 2503 2855 laniet

1450 2873 1568 2920 digitis
1584 2872 1680 2910 illius
1700 2886 1759 2909 ora
1773 2872 1870 2920 suis,
1908 2870 2008 2920 quasi
2037 2882 2131 2919 quae
2160 2869 2264 2907 illum
2297 2868 2498 2918 suspesstum

1449 2924 1591 2962 habeat.
1619 2924 1846 2962 M1crttus.
1876 2922 1946 2960 Sed
1966 2922 1990 2959 fi
2008 2921 2111 2959 fietus
2131 2921 2190 2958 ille
2211 2920 2319 2958 dolor
2337 2920 2378 2958 sit
2393 2948 2402 2964 ,
2420 2929 2501 2969 apte

1450 2975 1631 3024 tegendus
1646 3003 1656 3019 ‚
1683 2987 1732 3012 ne
1755 2982 1925 3023 appareat
1945 2972 2143 3009 simulatio.
2191 2973 2227 3009 ὃς
2252 2983 2315 3009 cur
2338 2983 2416 3008 non
2439 2983 2500 3008 ve-

1445 3038 1527 3063 rum
1560 3026 1607 3064 de
1633 3026 1763 3074 pellice
1794 3024 1968 3061 amatoris
1999 3023 2048 3060 sui
2082 3023 2251 3061 dolorem
2281 3023 2499 3071 praeferret,

1447 3089 1533 3114 cnm
1554 3088 1678 3114 revera
1699 3088 1776 3113 non
1795 3083 1924 3112 ament
1944 3075 2086 3122 puellae
2115 3076 2158 3112 ab
2175 3073 2242 3111 alia
2261 3074 2377 3113 teneri
2397 3073 2497 3111 suum

1444 3126 1682 3164 amatorem?
1701 3128 1845 3176 egregie
1867 3137 1955 3175 ergo
1978 3126 2158 3163 Palatinus
2180 3126 2217 3162 ὃ(
2241 3133 2400 3173 quatuor
2421 3125 2497 3162 alii:

1498 3177 1680 3214 Accedant
1700 3177 1888 3224 lacrimae,
1909 3176 2027 3223 dolor,
2055 3187 2099 3217 (φ’
2116 3177 2158 3214 de
2169 3175 2287 3226 pellice
2307 3176 2449 3226 questus.

1447 3229 1718 3267 Bnnmsxnus

1504 3281 1592 3319 680.
1619 3280 1719 3318 Curii
1739 3280 1893 3331 carpitur
1913 3278 1983 3329 ipsa
2001 3277 2112 3330 mei.]
2144 3278 2210 3329 Ista
2237 3290 2281 3318 ex
2308 3277 2442 3326 scriptis
2462 3275 2502 3314 &

1453 3333 1572 3383 prima
1594 3332 1771 3372 editione.
1825 3332 2039 3370 Hmnsxus.

2328 3376 2412 3426 683.
2439 3375 2502 3412 sed.
