2553 3676
295 209 390 264 185
785 197 1337 257 P.OVIDII

1409 194 1946 253 NASONIS

589 293 829 364 Vulgus,
864 289 1120 364 Hymen,
1158 290 1506 364 Hymenaee,
1545 305 1766 345 vocant:
1806 291 1943 363 fugit
1966 291 2054 346 ille
2082 304 2348 348 vocantes,

668 364 775 437 Ipsa
794 363 941 433 Jovis
965 361 1166 433 conjux
1189 363 1340 417 ceffit
1363 363 1426 417 ab
1451 363 1584 417 urbe
1612 364 1713 418 sua.

596 439 745 494 Ecce
769 453 922 490 mero
952 435 1129 499 dubii,
1165 437 1428 490 comitum
1453 437 1685 490 clamore
1711 437 2050 510 frequenteS,

490 529 557 575 30

669 509 828 563 Flore
853 526 999 563 novo
1025 509 1262 562 madidas
1286 507 1616 578 impediente
1644 526 1850 573 comaS,

595 583 655 639 In
681 581 938 635 thalamos
963 581 1112 643 laeti,
1148 581 1433 641 thalamos,
1470 579 1557 631 sua
1583 579 1754 647 busta,
1792 583 2067 637 feruntur:

674 654 953 727 Strataque
979 651 1321 724 corporibus,
1358 651 1547 705 funere
1574 651 1760 723 digna,
1797 670 2064 726 premunt.

594 729 854 800 Jamque,
890 726 1038 787 cib0,
1078 725 1314 796 vinoque
1343 743 1555 795 graveS,
1589 725 1912 798 somnoque,
1943 727 2217 798 jacebant3

674 802 1043 870 Securumque
1071 797 1221 868 quies
1249 799 1350 851 alta
1380 815 1474 868 per
1503 798 1681 867 Argos
1708 812 1846 852 erat:

497 894 559 943 35
600 874 824 928 Circum
851 889 938 923 me
967 870 1194 941 gemitus·
1221 871 1547 924 morientum
1576 870 1760 924 audire
1785 870 2030 926 Videbar:

675 944 748 999 Et
780 958 958 997 tamen
984 942 1262 1004 audibam3
1305 943 1564 1017 quodque
1590 942 1840 1008 verebar,
1877 957 2003 999 erat.

307 1150 429 1201 Hym.
452 1152 489 1189 in
507 1148 636 1186 Pallad.
658 1160 690 1194 4.
715 1147 818 1197 quod
841 1147 867 1186 fi
892 1145 1128 1184 admittamus
1143 1173 1153 1191 ‚
1180 1144 1271 1183 nihil
1289 1146 1355 1184 erit

310 1203 555 1241 movendum.
587 1202 843 1237 bunuarium.

361 1266 419 1299 24.
459 1251 594 1300 Accipit
623 1249 686 1300 ipse
717 1249 873 1299 astrui-,J
931 1246 990 1284 Ille
1029 1247 1236 1296 complures
1264 1247 1357 1286 libri.

309 1305 419 1341 Unus
456 1302 711 1339 Ambrosianus
737 1301 817 1336 aede
868 1311 946 1349 quo
975 1301 1012 1336 ὃ(
1044 1299 1158 1346 Jureti
1189 1307 1357 1346 excerpta

310 1354 497 1397 alludunt,
521 1354 557 1389 in
579 1353 707 1401 quibus
725 1352 805 1388 inde
839 1351 969 1389 eadem
990 1349 1175 1387 diversitas
1197 1363 1249 1387 vi.
1269 1349 1358 1387 Fast.

312 1417 399 1454 570.
430 1404 639 1440 Hfixnsius.

365 1455 423 1491 26.
457 1453 627 1503 invitor]
662 1460 699 1489 ln
721 1453 882 1504 antiquos
906 1452 1129 1490 Barbarinus.
1156 1464 1233 1489 non
1253 1451 1361 1489 male.

312 1505 526 1543 Heinsius.
560 1505 643 1542 Imo
670 1515 870 1553 perperam.
900 1505 1097 1542 advenerat
1120 1503 1221 1540 enim
1243 1502 1360 1540 modo

311 1556 476 1593 Danaus.
504 1555 665 1605 ideoque
694 1556 836 1603 antiqui
863 1555 912 1591 illi
936 1555 1011 1591 foci
1034 1555 1092 1590 vix
1115 1553 1187 1591 dici
1204 1552 1362 1602 possunt.

310 1607 362 1644 ita
394 1608 432 1643 δε
468 1618 494 1642 1.
526 1606 635 1642 Trist.
666 1617 726 1641 111.
758 1620 815 1650 44·
834 1605 993 1653 quidam
1027 1603 1173 1641 codices
1200 1605 1362 1653 antiquos

305 1657 399 1703 fitcos
435 1656 620 1693 exhibent.
663 1655 727 1692 hic
765 1667 855 1692 vero
879 1683 888 1699 ,
923 1655 1110 1704 sequentia
1136 1655 1181 1692 de
1211 1656 1361 1701 Junone

312 1718 408 1755 quae
438 1706 625 1755 fugiebat,
663 1705 884 1743 confirmant
913 1706 1044 1741 invitos
1057 1706 1161 1752 fhcos.
1189 1705 1255 1742 nisi
1283 1705 1363 1754 quis

312 1757 447 1794 iterum
476 1758 637 1806 a72tiquos
654 1758 770 1804 socos,
799 1756 909 1803 Regis
930 1756 1034 1806 prisci
1060 1756 1193 1804 Pelasgi
1224 1757 1363 1803 capiat,

313 1808 375 1844 vel
405 1806 511 1855 ipsius
542 1808 633 1844 olim
664 1807 800 1844 Inachi.
830 1808 928 1843 Nam
954 1805 1114 1843 Ovidius
1145 1807 1249 1854 Argis
1270 1808 1366 1843 hane

314 1857 468 1895 eaedem
488 1855 655 1894 accidisse
675 1856 805 1899 tradit,
827 1864 867 1893 ut
887 1868 978 1893 mox
997 1855 1216 1893 videbimus.
1234 1856 1365 1894 Bunm.

369 1919 429 1952 27.
458 1907 584 1955 Vulgus
612 1913 749 1954 Hymen
778 1913 972 1954 Hymenaee
989 1907 1131 1955 vocat.]
1164 1913 1366 1955 Hymenaea

316 1958 379 1996 hic
401 1959 439 1995 ἃ
461 1958 568 2006 Epist,
591 1970 660 1994 xii.
686 1969 766 2006 143.
786 1957 906 2005 scripti
929 1958 1004 1994 fere
1024 1969 1154 1994 omues
1169 1985 1179 2001 ,
1207 1966 1366 2006 excepto

316 2008 509 2046 Puteaneo
528 2021 546 2045 a
568 2020 678 2045 manu
700 2009 828 2056 prima.
855 2007 915 2044 sed
935 2020 1124 2056 perperam
1139 2036 1150 2053 ,
1178 2021 1292 2058 quem
1313 2017 1368 2045 ta-

319 2071 408 2096 men
448 2070 611 2096 errorem
649 2060 781 2096 erravit
819 2059 1027 2096 Marcianus
1075 2059 1225 2108 Capella
1258 2059 1367 2097 initio

320 2109 403 2147 libri
430 2121 484 2146 1x.

375 2169 470 2215 Jam
484 2168 623 2216 facibus
641 2169 734 2219 laffis
745 2169 901 2219 [pettam
919 2171 1152 2209 marcentibus
1169 2171 1260 2220 ignes
1272 2199 1282 2216 ‚

425 2220 620 2268 Instaurare
637 2220 736 2269 jubet
764 2232 847 2258 tunc
867 2230 1067 2271 Hymenaea
1088 2227 1207 2259 Venus.

323 2279 405 2318 Nifi
430 2281 533 2319 locus
566 2281 615 2318 est
641 2282 837 2319 mendosus
857 2311 866 2326 ‚
895 2284 1019 2332 quales
1047 2282 1181 2320 infiniti
1207 2281 1304 2330 apud
1328 2281 1371 2319 il·

322 2330 402 2370 lum
417 2359 428 2376 ‚
458 2333 495 2369 &
518 2332 745 2370 scribendum
765 2334 861 2370 forte
881 2339 925 2370 Te
943 2341 1155 2382 Hymenaee,
1183 2333 1287 2383 quod
1307 2345 1373 2369 ve-

323 2393 409 2420 rum
428 2383 599 2421 arbitror:
627 2385 707 2432 quis
725 2385 826 2421 enim
850 2384 971 2421 credat
992 2385 1189 2421 hominem
1203 2412 1213 2428 ,
1234 2384 1373 2421 sermo-

325 2433 382 2470 nis
397 2433 530 2470 Graeci
549 2435 705 2471 minime
726 2435 1040 2482 impez·itum,tam
1060 2437 1217 2483 graviter
1236 2432 1374 2471 errasse.

326 2491 365 2521 at
385 2484 621 2522 Guntherum
641 2485 819 2533 decepere
835 2485 1022 2534 depravati
1038 2485 1183 2524 codices
1206 2485 1376 2530 Nasonis,

329 2534 427 2582 apud
448 2547 562 2585 quem
586 2536 680 2572 libro
705 2548 738 2572 v.
762 2537 949 2584 Ligurini:

547 2596 611 2633 Sed
628 2597 746 2633 adbuc
764 2605 962 2646 Hymenaea
974 2628 985 2644 ‚
1004 2599 1103 2648 sacro
1128 2614 1169 2637 ue
1182 2629 1192 2644 ,

384 2647 559 2683 Carmina
575 2647 681 2694 digna
702 2659 793 2691 toro,
813 2648 948 2697 solenni
970 2652 1064 2687 curia
1080 2661 1100 2700 p
1117 2651 1224 2700 ausu,

387 2700 435 2731 Et
442 2697 535 2742 felix
553 2712 651 2734 omen
670 2699 863 2751 votivaque
872 2700 961 2748 festa
978 2701 1135 2739 canebat.

333 2755 529 2813 Eleganter
562 2771 686 2799 autem
715 2763 776 2800 hic
800 2763 841 2802 fit
867 2766 1011 2803 mentio
1029 2765 1265 2814 Hymenaei,
1293 2765 1381 2814 quia

337 2807 397 2844 1116
430 2819 553 2864 cantus
588 2812 641 2849 his
678 2815 813 2862 nuptiis
848 2816 1010 2864 primum
1045 2818 1217 2855 inventus
1239 2843 1251 2860 ,
1293 2816 1382 2853 teste

338 2858 509 2908 Hygino.
531 2861 615 2898 Fab.
636 2874 677 2908 27
692 2876 717 2910 3.
749 2866 963 2904 1-11111131113.

383 2908 451 2966 18.
483 2909 551 2958 Ipsa
569 2913 687 2956 'Jovis
713 2916 836 2963 conjux
865 2916 949 2964 ceffit
976 2917 1021 2954 ab
1050 2917 1132 2955 urbe
1147 2917 1252 2968 suas]
1283 2918 1383 2955 Nam

341 2967 451 2997 etiam
473 2960 574 3016 Juno
598 2964 795 3001 vocabatur
812 2966 856 3003 ad
875 2970 1039 3016 nuptias:
1069 2969 1166 3006 unde
1187 2970 1225 3006 &
1247 2980 1386 3018 pronu-

341 3010 386 3048 ba
413 3010 513 3057 Juno
541 3011 634 3049 dic‘ta
666 3013 723 3050 est.
763 3016 905 3053 Urbem
933 3027 1058 3057 autem
1087 3020 1244 3065 Junonis
1274 3027 1386 3056 vocat

342 3061 476 3109 Argos.
495 3062 591 3099 (3101τ
601 3076 712 3100 Ακυς.

395 3111 455 3149 28.
483 3111 568 3149 Urbe
585 3113 699 3163 sua]
742 3114 912 3163 Sequitur
943 3116 1023 3153 illos
1061 3117 1229 3155 1111610163
1261 3117 1386 3162 Naso,

345 3163 411 3210 qui
436 3163 512 3200 1106
540 3165 643 3213 Argis
672 3165 811 3202 frustum
839 3165 908 3203 effe
935 3176 1078 3205 narrant
1100 3197 1111 3213 ,
1147 3168 1220 3206 vid.
1244 3168 1386 3217 Hygin.

346 3211 432 3249 Fab.
467 3213 546 3251 168.
575 3214 615 3252 δε
645 3215 826 3253 Scholiast.
856 3217 1027 3267 Aeschyli
1052 3219 1178 3257 Prom.
1209 3218 1293 3267 852.
1327 3218 1389 3257 sed

345 3262 523 3310 Libanius
554 3264 594 3304 in
628 3266 893 3307 narrationibus
926 3268 970 3308 ab
1001 3269 1140 3310 Allatio
1175 3269 1282 3311 editis
1310 3281 1389 3319 cap.

2232 1016 2447 1089 Sanguis

1411 1156 1508 1183 xxxx.
1535 1144 1624 1183 dicit
1651 1145 1826 1184 Danaum
1846 1146 1925 1195 post
1950 1146 2027 1184 hoc
2044 1153 2293 1195 perpetratum
2316 1145 2452 1184 facinus

1411 1195 1562 1246 fugisse,
1591 1198 1630 1234 &
1657 1200 1700 1235 in·
1715 1197 2011 1246 Peloponnesum
2040 1197 2263 1243 advectum,
2291 1197 2450 1246 potitum

1414 1249 1558 1296 Argivo
1577 1260 1705 1297 regno.
1733 1248 1998 1286 BURMANNUS.

1464 1310 1524 1347 29.
1553 1299 1713 1336 Clamore
1729 1300 1970 1350 frequentes.]
2008 1299 2143 1338 Nescio
2177 1311 2224 1337 an
2251 1297 2340 1336 *sana
2365 1298 2455 1337 haec

1414 1349 1504 1394 sint,
1526 1351 1564 1388 ἃ
1586 1362 1631 1387 an
1652 1351 1785 1388 Latine
1804 1351 1964 1395 dicatur,
1973 1351 2173 1402 frequentes
2192 1349 2338 1387 clamere
2357 1348 2456 1385 comi-

1414 1411 1504 1437 tum.
1533 1402 1761 1439 Hubertinus
1790 1403 1944 1451 exponit
1962 1430 1973 1446 ,
2013 1402 2150 1440 densati
2171 1403 2209 1438 ὃς
2233 1399 2458 1438 circumdati.

1414 1451 1474 1489 sed
1504 1453 1673 1501 exempla
1701 1453 1779 1490 talis
1808 1453 2009 1491 locutionis
2039 1442 2216 1490 desidero.
2242 1463 2329 1488 nam
2359 1447 2459 1499 quod

1415 1502 1547 1551 legitur
1568 1517 1620 1541 vi.
1641 1505 1799 1540 Metam.
1812 1506 1892 1552 165.
1911 1504 2092 1540 Comitum
2118 1501 2224 1539 Niobe
2242 1501 2456 1539 celeberrima

1418 1552 1523 1589 turba
1548 1582 1558 1597 ,
1595 1555 1671 1591 hoc
1703 1554 1801 1591 reete
1838 1552 1955 1602 posset
1986 1555 2168 1603 explicari.
2213 1553 2373 1590 Vlitium
2400 1546 2463 1590 hic'
2519 1523 2553 1574 -11

1416 1615 1570 1653 quoque
1593 1602 1762 1648 haefiffe,
1789 1614 1961 1652 apparet,
1989 1606 2075 1654 quia
2095 1605 2200 1642 illum
2224 1600 2381 1641 voluiffe
2405 1614 2460 1651 reg·
2533 1603 2536 1647 j

1419 1653 1556 1701 fingere
1571 1681 1582 1698 ‚
1603 1654 1767 1690 comitum
1787 1654 1932 1690 clamore
1942 1655 2143 1705 frequenti,
2171 1655 2318 1691 notavit
2342 1653 2457 1692 Heia-'-

1421 1703 1500 1742 sius.
1527 1705 1563 1742 in
1586 1705 1834 1742 Gronoviano
1855 1714 1931 1743 erat
1951 1705 2096 1741 clamore
2104 1705 2301 1752 frementes.
2330 1704 2369 1741 in
2385 1713 2458 1740 uno
2532 1700 2534 1705 ’

1421 1755 1566 1793 Heinfii
1608 1755 1736 1792 comiti.
1781 1756 1876 1793 forte
1915 1756 2080 1792 comitum
2115 1755 2260 1791 clamore
2277 1753 2460 1802 sequente,

1421 1806 1481 1842 vel
1502 1807 1685 1852 fremente.
1711 1805 1773 1844 sed
1795 1807 1833 1844 ὃ(
1847 1806 2047 1855 frequenti,
2073 1813 2114 1842 ut
2140 1806 2273 1842 Vlitius
2292 1805 2464 1849 volebat,

1422 1856 1569 1894 admitti
1587 1857 1716 1904 potest.
1746 1865 1786 1893 ut
1803 1857 2064 1903 repetitionem
2081 1854 2297 1903 Hymenaei
2314 1853 2467 1893 indicet.

1422 1906 1470 1943 fic
1498 1906 1608 1953 Epist.
1638 1919 1709 1943 xix.
1739 1916 1819 1954 143.
1846 1910 1893 1941 Et
1911 1912 2049 1955 Hymen
2067 1904 2245 1950 clamant,
2273 1911 2468 1953 Hymenaee
2530 1927 2532 1943 ι

1414 1958 1657 2005 frequentant.
1684 1956 1733 1992 ita
1755 1956 1891 1992 Amor.
1915 1968 1945 1993 1.
1965 1968 2037 1993 vn.
2054 1967 2111 2005 37.

1471 2009 1638 2091 Qaeque
1657 2016 1732 2042 tuos
1752 2019 1872 2043 currus
1888 2006 2075 2043 comitatur
2092 2004 2196 2043 turba
2208 2034 2219 2051 ,
2231 2007 2435 2056 frequenter

1529 2061 1558 2092 C
1570 2067 1679 2092 amet.

1423 2108 1480 2145 Ut
1500 2109 1738 2144 correximus.
1766 2106 2033 2146 BURMANNUS.

1480 2169 1538 2207 32.
1566 2163 1752 2208 Strataque
1771 2159 1988 2209 corporibus.]
2011 2160 2051 2196 In
2072 2169 2150 2196 uno
2162 2158 2471 2205 Moreti,funera.'⁴
2488 2191 2493 2196 .
2535 2150 2545 2168 ¹

1426 2209 1466 2246 in
1486 2207 1675 2245 ssafileensi
1689 2236 1699 2252 ,
1719 2208 1905 2255 funeribus
1925 2220 2051 2259 corpore
2068 2209 2186 2257 digna.
2213 2209 2331 2246 forte:

1479 2263 1666 2309 Strataque
1675 2259 1861 2306 funeribus
1882 2270 2009 2310 corpore
2029 2260 2121 2297 dicta
2136 2270 2311 2310 premunt.

1425 2309 1604 2347 Premunt
1631 2322 1786 2358 corpore
1813 2311 1915 2348 strata
1938 2340 1948 2356 ‚
1986 2323 2080 2361 quae
2110 2310 2206 2349 dieta
2235 2311 2273 2348 &
2301 2309 2470 2350 destinata

1428 2370 1529 2398 erant
1551 2372 1683 2398 eorum
1707 2361 1903 2399 funeribus.
1932 2362 2192 2400 ssunMANNus.

1483 2413 1540 2460 36.
1567 2416 1615 2447 Et
1641 2422 1760 2448 tamen
1785 2412 2014 2463 audieram]
2045 2412 2232 2450 Audibam
2258 2413 2479 2457 Puteaneus..

1432 2463 1470 2499 ὃς
1491 2462 1657 2511 sequenti
1676 2462 1779 2500 versu
1799 2463 1986 2514 relinquit,
2015 2463 2214 2514 quomodo
2238 2465 2276 2501 ὃ(
2297 2464 2357 2501 alii
2379 2474 2471 2511 non-

1431 2513 1532 2550 nulli.
1560 2513 1644 2562 lego
1668 2522 1876 2562 praeterea,
1905 2515 2061 2566 quodque
2086 2528 2220 2551 vererer
2246 2525 2332 2551 erat.
2359 2514 2472 2559 infra,

1432 2564 1538 2611 {Quod
1554 2574 1688 2601 metuas
1712 2578 1779 2601 non
1798 2564 1851 2612 est.
1880 2566 2089 2604 Heiusms.
2116 2566 2159 2603 In
2179 2564 2387 2603 Oxoniensi
2401 2570 2474 2602 erat

1432 2614 1573 2651 auditu.
1592 2616 1631 2652 in
1654 2615 1880 2653 Lovanienfi
1904 2629 1981 2654 uno
2000 2617 2156 2653 auditus.
2184 2617 2222 2653 in
2240 2616 2355 2654 altero
2376 2613 2475 2652 audi}

1434 2674 1512 2701 tum
1541 2665 1594 2712 est.
1632 2667 1669 2702 in
1702 2667 1930 2704 Scriveriano
1958 2668 2136 2704 auditum.
2173 2666 2275 2715 quod
2303 2667 2472 2713 ultimum

1434 2716 1715 2763 praeferendum
1732 2725 1837 2765 puto.
1862 2717 1949 2754 licet
1967 2718 2137 2754 audibam
2155 2715 2304 2754 defendi
2322 2714 2475 2759 aliorum

1439 2767 1636 2804 verborum
1668 2767 1842 2816 exemplo
1869 2765 1996 2816 posset.
2024 2768 2099 2805 vid.
2118 2767 2290 2804 Voffium
2312 2767 2357 2804 de
2377 2769 2474 2805 Ana-

1436 2817 1536 2865 logia
1558 2817 1618 2854 lib.
1639 2830 1702 2854 111.
1723 2830 1800 2866 cap.
1818 2830 1948 2854 xxxiv.
1968 2819 2069 2867 supra
2095 2826 2221 2855 tamen
2242 2817 2347 2856 dixit.
2369 2815 2474 2866 Epist.

1440 2881 1493 2906 1x.
1524 2880 1605 2915 119.
1634 2875 1725 2904 Haec
1752 2879 1877 2904 tamen
1897 2868 2091 2905 audieram.
2127 2869 2187 2906 hic
2217 2881 2306 2906 vero
2335 2868 2476 2917 corrigit

1440 2919 1537 2968 prius
1565 2918 1680 2962 diem
1707 2918 1830 2955 audire
1857 2918 2003 2955 videbar
2021 2948 2030 2962 ‚
2066 2920 2186 2957 immo
2215 2929 2290 2958 erat
2317 2919 2476 2956 auditum

1442 2969 1517 3007 sine
1536 2968 1649 3006 dubio
1663 2997 1674 3012 ,
1695 2969 1800 3017 quod
1818 2970 1978 3007 verebar.
2004 2970 2272 3008 BunMANNus.

1495 3031 1553 3068 39.
1581 3025 1690 3068 thue
1707 3019 1778 3056 levi
1797 3019 1947 3069 Zephyro
1962 3021 2104 3068 graciles
2120 3021 2312 3058 vibrantur
2329 3016 2476 3069 aristam]
2514 3063 2516 3074 ,

1442 3075 1486 3105 Ut
1517 3069 1586 3105 leni
1613 3070 1763 3118 Zephyro
1782 3070 1987 3109 Puteaneus
2014 3084 2099 3109 cum
2117 3073 2254 3121 septem
2273 3072 2359 3109 aliis.
2383 3081 2478 3121 quo·
2514 3110 2527 3117 ἵ,

1444 3119 1562 3156 modo
1592 3120 1726 3157 Amor.
1755 3133 1787 3159 1.
1812 3121 1871 3159 lib.
1906 3134 1936 3159 1.
1964 3123 2019 3160 El.
2043 3135 2127 3162 v11.
2153 3123 2255 3162 idem
2275 3122 2413 3168 codex,
2439 3120 2477 3159 δί
2514 3136 2515 3139 “

1444 3170 1505 3207 alii
1524 3171 1717 3208 nonnulli:

1495 3225 1538 3257 Ut
1557 3220 1626 3257 leni
1645 3221 1796 3271 Zephyro
1809 3223 1954 3272 gracilis
1972 3223 2138 3264 vibratur
2154 3223 2301 3263 arundo.

1440 3271 1523 3312 Art.
1540 3271 1667 3312 Amat.
1683 3273 1744 3313 lib.
1766 3286 1832 3315 111.
1849 3275 1937 3326 693,

2339 3321 2480 3362 Lenibus
2508 3331 2525 3359 ⁸„
