2553 3676
296 225 397 281 (238
801 218 862 275 P.
937 214 1351 273 O'VIDII

1411 212 1960 271 ,NASONIS

592 307 835 371 Parcite,
872 303 1235 376 CecropideS,
1269 302 1466 375 juranti
1487 303 1711 358 credere
1734 301 1987 364 Theseo3

668 380 825 451 Quos
853 378 1013 433 faciet
1038 376 1223 439 testeS‚
1261 376 1390 430 fecit
1419 375 1475 429 δε
1502 389 1653 440 ante,
1689 376 1855 430 Deos.

592 452 667 508 Et
690 453 819 515 tibi,
856 450 1252 522 Demophoon,
1288 448 1494 502 Thesei·
1517 449 1752 502 criminis
1779 449 1965 511 hereS,

449 531 555 597 460

667 523 914 598 Phyllide
941 523 1172 595 decepta
1193 522 1334 575 nulla
1350 519 1536 573 rencia
1565 519 1714 574 fides.

596 599 652 654 Si
676 599 815 653 bene
838 596 1154 670 promittant
1169 633 1184 658 ,
1208 591 1443 645 totidem
1465 592 1768 663 promittite
1792 591 1994 647 verbis:

672 672 727 727 Si
751 671 1031 732 dederint,
1067 667 1122 720 δε
1149 682 1244 719 vos
1270 662 1461 735 gaudia
1484 662 1633 735 paela
1657 663 1796 718 date.

598 745 686 800 Illa
709 744 885 817 potest
907 742 1090 812 vigiles
1115 737 1354 791 flammas
1383 736 1702 808 extinguere
1726 735 1952 798 Vestae3

674 817 746 872 Et
770 832 955 888 rapere
981 813 1010 866 e
1037 811 1275 883 templis,
1311 808 1520 874 Inachi,
1544 810 1686 864 sacra
1710 810 1846 870 tuis;

452 898 555 965 465
595 889 669 953 Et
694 892 819 944 dare
847 887 1016 943 mixta
1039 886 1158 940 viro
1182 883 1320 937 tritis
1344 883 1556 936 aconita
1578 883 1799 946 cicutis.;

663 966 929 1034 ‘Accepto
953 959 1232 1016 Venerem
1256 973 1481 1010 munere
1505 955 1543 1010 fi
1567 973 1671 1028 qua
1696 965 1876 1027 negat.

597 1037 727 1093 Fert
753 1036 956 1090 animus
980 1031 1200 1105 propius
1225 1027 1536 1093 consistere,
1571 1028 1839 1100 supprime
1864 1024 2120 1097 habenaS,

673 1109 859 1171 Musa;
899 1123 1000 1160 nec
1024 1100 1255 1157 admistis
1279 1101 1552 1156 excutiare
1576 1102 1725 1156 rotiS.

601 1182 786 1239 Verba
811 1179 1008 1234 vadum
1035 1188 1246 1230 tentent
1273 1174 1508 1244 abiegnis
1532 1175 1724 1246 scripta
1748 1176 1968 1233 tabellis.

459 1274 561 1323 370

309 1445 359 1482 de
379 1446 466 1484 viris
483 1446 668 1485 fallacibus
687 1444 758 1484 effe
779 1443 953 1494 capienda
970 1471 980 1487 ‚
1019 1449 1059 1481 ut
1078 1441 1256 1490 exemplis
1276 1440 1363 1479 Ari—

309 1496 421 1535 adnes
437 1499 476 1535 &
496 1497 670 1548 Phyllidis
692 1497 928 1546 deceptarum
956 1495 1097 1545 probat.
1124 1504 1237 1543 quare
1264 1493 1365 1542 lege-

310 1558 411 1586 rem:
571 1553 580 1567 ⁸

363 1603 453 1635 Sunt
472 1612 603 1650 quoque
615 1612 684 1636 non
697 1597 808 1636 dubia*
826 1598 972 1649 quidam
986 1596 1083 1634 mala
1094 1595 1237 1634 nomina
1238 1593 1363 1642 fami,

414 1654 580 1699 Deceptae
609 1662 653 1690 ey·
679 1650 787 1687 multi
806 1650 933 1686 crimen
954 1648 1115 1686 amantis
1135 1646 1276 1684 habent.

311 1699 405 1738 Sunt
424 1701 574 1750 quidam
589 1729 600 1745 ‚
636 1713 729 1750 quos
752 1700 889 1738 constat
908 1698 979 1738 effe
1001 1699 1118 1737 malae
1140 1698 1226 1736 fidei
1251 1725 1261 1740 ‚
1297 1697 1364 1752 qui

310 1749 507 1798 promissos
528 1761 630 1790 toros
654 1753 692 1790 ὃς
715 1751 867 1790 foedera
885 1763 963 1789 non
975 1750 1151 1800 praestant
1166 1778 1175 1793 ‚
1205 1751 1242 1786 ὅ(
1256 1748 1364 1785 multi

310 1800 393 1840 sunt
407 1829 417 1846 ,
453 1803 517 1850 qui
546 1805 686 1841 crimen
704 1803 840 1841 habent
856 1803 1011 1840 amantis
1031 1801 1207 1850 deceptae
1220 1828 1230 1844 ,
1258 1798 1295 1836 id
1313 1798 1362 1836 est

306 1854 376 1902 qui
396 1852 539 1901 culpam
558 1855 652 1893 hanc
676 1854 899 1892 admiserunt
913 1854 992 1902 jam
1008 1881 1018 1898 ,
1032 1852 1170 1890 &ideo
1183 1851 1226 1888 ab
1239 1850 1364 1887 omni-

309 1902 377 1941 bus
394 1905 490 1941 male
509 1905 673 1944 audiunt.
702 1905 838 1942 Dubiae
847 1906 972 1952 famae
992 1913 1068 1941 erat
1085 1905 1121 1941 in
1144 1902 1276 1951 Regio.
1303 1900 1364 1938 sed

311 1955 458 1992 retineo
481 1955 696 2005 Vulgarum.
724 1968 800 1994 non
831 1955 939 1994 dubi-Li
965 1953 1085 1997 fama,
1114 1954 1175 1991 sed
1193 1961 1295 1991 certo
1324 1953 1362 1989 &

316 2017 363 2042 ex
373 2005 532 2054 professo
544 2007 622 2045 sunt
632 2007 726 2045 mala
738 2008 905 2045 nomina.
917 2006 964 2043 sic
976 2006 1101 2043 Florus
1111 2005 1171 2043 lib.
1183 2019 1207 2042 1.
1222 2015 1253 2041 c.
1265 2016 1293 2041 1.
1305 2016 1364 2039 nec

307 2057 415 2103 sama
429 2056 621 2094 dubitavit.
634 2058 876 2105 incertafama
889 2058 997 2105 Epist.
1011 2070 1036 2094 1.
1049 2056 1105 2102 64.
1119 2058 1156 2094 &
1180 2068 1233 2093 ix.
1251 2067 1308 2097 41.
1323 2055 1362 2090 8<

310 2107 470 2154 paffim„
493 2108 623 2145 crimen
639 2109 760 2146 habere
779 2108 877 2146 idem
899 2117 1004 2146 notat
1017 2137 1027 2152 ,
1056 2107 1159 2156 quod
1178 2106 1337 2144 noxium
1350 2133 1362 2151 ‚

312 2168 420 2196 reum
443 2159 571 2208 culpae
594 2158 663 2196 effe
678 2187 687 2203 ,
716 2160 765 2197 fic
783 2159 873 2197 dixit
889 2161 926 2196 &
950 2171 1000 2198 11.
1016 2158 1106 2196 Fast.
1131 2158 1210 2195 162.

366 2209 480 2246 Cavit
499 2210 682 2255 mortales,
709 2223 732 2246 a
751 2210 846 2254 Jove
869 2210 996 2248 crimen
1016 2209 1132 2247 habet.

310 2271 371 2297 xv.
390 2260 500 2300 Trist.
521 2273 575 2298 w.
595 2273 653 2307 24.

365 2317 409 2347 Ut
428 2325 497 2347 non
518 2311 715 2356 debuerim,
737 2321 855 2348 tamen
875 2311 935 2348 hoc
957 2325 1009 2360 ego
1027 2312 1156 2349 crimen
1175 2309 1313 2348 habebo.

311 2362 368 2399 Ut
384 2372 469 2400 ante
489 2362 683 2400 Heinsium
707 2363 916 2412 legebatur,
954 2363 1018 2412 qui
1045 2363 1168 2400 amabo
1192 2362 1364 2412 reposuit.

314 2412 376 2451 lib.
399 2426 425 2450 1.
444 2415 525 2451 Art.
549 2414 630 2463 586.

367 2470 459 2506 Tusa
468 2465 698 2515 frequensque
715 2464 793 2502 licet
805 2463 853 2515 sit
871 2464 935 2502 via
948 2491 958 2509 ‚
986 2464 1116 2502 crimen
1135 2463 1250 2503 habet.

313 2529 362 2555 11.
381 2518 513 2554 Amor.
530 2529 566 2554 v.
998 2523 999 2527 ’

364 2574 445 2605 Non
464 2568 552 2605 data
562 2568 704 2615 furtive
722 2580 869 2607 munera
889 2567 1016 2605 crimen
1037 2565 1178 2606 habent.

315 2617 364 2656 Et
387 2633 431 2657 11.
452 2621 533 2658 Art.
551 2632 636 2667 272.
1096 2646 1097 2650 =

366 2670 428 2706 Ah
443 2681 582 2717 pereant
601 2681 659 2721 per
680 2685 761 2722 quos
777 2682 925 2707 munera
944 2669 1074 2706 crimen
1093 2668 1234 2705 habent.

314 2718 375 2756 Sic
388 2722 495 2767 scelus
515 2723 636 2759 habere
656 2735 722 2760 111.
743 2724 835 2760 Met.
867 2734 945 2768 142.
981 2720 1078 2756 mala
1109 2732 1197 2757 vero
1219 2719 1362 2756 nomina

314 2770 403 2808 dicit
432 2773 605 2812 adludens
634 2774 681 2811 ad
709 2772 919 2811 debit-orum
949 2771 1126 2809 nomina:
1160 2770 1204 2807 de
1233 2770 1362 2819 quibus

317 2821 505 2859 Columel.
535 2824 595 2860 lib,
624 2837 651 2862 r.
687 2836 763 2871 cap.
800 2835 833 2870 7.
860 2823 918 2860 vel
947 2822 1075 2872 optima
1113 2821 1255 2858 nomina
1291 2834 1358 2856 nem

317 2872 516 2922 appellando
558 2873 630 2914 fieri
668 2874 778 2911 mala.
834 2875 1023 2921 Crispinus
1048 2901 1058 2916 ‚
1116 2884 1180 2919 per
1219 2872 1362 2908 nomina

319 2926 420 2962 viros
448 2924 615 2972 intelligit
642 2926 806 2972 nequitia
833 2927 870 2961 ὃ(
903 2925 995 2962 dolis
1029 2923 1186 2961 celebres
1215 2922 1329 2959 sanos
1354 2951 1365 2966 ,

317 2986 415 3024 quos
432 2975 587 3023 fugitare
606 2973 740 3011 debent
761 2975 905 3012 Puellae
920 3003 930 3018 ‚
958 2987 1004 3012 ne
1017 2975 1111 3021 ipsae
1125 2985 1256 3011 eorum
1277 2975 1314 3011 in
1331 2973 1366 3010 se

318 3027 470 3064 crimina
492 3024 669 3063 derivem.
715 3025 832 3072 Quod
862 3027 995 3062 vellem
1025 3023 1204 3062 docuisset
1222 3052 1235 3067 ,
1286 3026 1368 3066 oui-

320 3077 384 3114 bus
413 3075 566 3113 fidiculis
592 3084 811 3123 extorquere
831 3075 947 3123 posset
977 3087 1022 3112 ex
1056 3075 1173 3113 verbis
1195 3074 1364 3118 Nasonis,

319 3129 400 3177 pius
419 3127 479 3164 illc
499 3127 536 3163 δε
559 3125 739 3163 censorius
759 3126 932 3165 sacerdos.
962 3126 1093 3162 anm.

371 3191 456 3226 455.
485 3176 616 3220 Discite
630 3175 674 3212 ab
694 3175 839 3213 alteriur
860 3176 980 3223 vestris
1003 3176 1149 3225 timuisse
1175 3173 1359 3224 querelis]

323 3229 421 3267 Vobis
432 3227 578 3275 timuisse
597 3226 818 3264 Tliomafini
832 3227 963 3264 codex:
975 3227 1204 3264 concinnius.
1220 3227 1364 3263 Hiems.

322 3282 407 3318 Nec
424 3280 486 3317 hic
503 3277 619 3315 sensus
638 3277 888 3327 apertussatis:
915 3277 1115 3327 quomodo
1136 3278 1236 3315 enim
1259 3278 1370 3314 time-

317 3330 411 3372 bunt
421 3343 441 3370 a
452 3329 607 3382 querelis
620 3328 635 3372 ἓ
662 3329 803 3379 rmmffe
819 3329 839 3379 J
843 3329 1114 3383 uuian.{enut'sle
1128 3328 1200 3370 sex.
1219 3329 1258 3368 in.
1269 3330 1370 3370 Nea·
1417 3355 1420 3360 -

671 1252 923 1327 Accipiat
947 1249 1115 1307 missas
1141 1262 1262 1322 apta
1289 1246 1520 1305 ministra
1543 1261 1712 1305 notas„

2386 1321 2468 1381 Im

1417 1439 1585 1490 politano
1598 1441 1636 1478 δε
1656 1441 1826 1481 Bernenfi
1846 1449 1943 1488 erat,
1972 1442 2122 1492 caruisse.
2149 1452 2260 1491 quare
2279 1439 2470 1490 legeremg

1470 1491 1603 1540 Discite
1618 1493 1662 1529 ab
1680 1494 1846 1539 alterius,
1873 1494 1972 1532 vobis
1990 1494 2135 1544 cavisse,
2162 1491 2318 1543 querelis.

1421 1542 1458 1579 A
1481 1543 1637 1591 querelis
1655 1544 1892 1592 deceptarum
1920 1546 2140 1595 puellarum,
2161 1555 2317 1593 quarum
2339 1547 2470 1581 exem⁴

1422 1594 1481 1641 pla
1501 1605 1592 1631 mox
1611 1593 1798 1644 subjiciet,
1825 1596 1950 1634 discite
1969 1597 2074 1634 vobis
2093 1606 2235 1633 cavere.
2248 1593 2371 1643 &seq.
2384 1606 2465 1631 ver-

1416 1644 1456 1682 su
1474 1644 1633 1693 Regius,
1662 1659 1720 1682 nec
1731 1645 1804 1694 fit,
1832 1647 2004 1684 Francof.
2031 1659 2100 1683 non
2122 1644 2184 1693 fit.
2210 1643 2329 1693 probo
2364 1644 2469 1693 Regii

1419 1694 1648 1743 scripturam,
1668 1708 1781 1745 quam
1791 1697 2031 1735 Bersmannus
2051 1696 2230 1745 expreffit.
2286 1693 2418 1732 Euam.

1467 1748 1552 1791 461.
1579 1747 1614 1784 si
1634 1746 1715 1784 bene
1729 1748 1973 1799 premittent.]
1999 1748 2221 1785 *Promittant
2242 1745 2392 1797 quidam
2425 1758 2474 1786 ex

1419 1797 1644 1836 melioribus.
1672 1799 1730 1836 alii
1747 1800 1973 1848 promittunt.
2001 1799 2215 1836 Hfimsius.

1471 1849 1554 1898 463.
1584 1848 1704 1898 Vigiles
1722 1849 1893 1900 flammas
1920 1849 2114 1898 extinguere
2149 1847 2310 1898 Vestae.]
2350 1847 2471 1897 Vigilis

1419 1899 1551 1938 rectius
1572 1899 1680 1947 legas.
1710 1902 1807 1938 Nam
1830 1901 1932 1950 vigili
1950 1902 1989 1939 in
2012 1913 2089 1938 uno
2102 1901 2294 1938 Patavino.
2321 1899 2429 1938 Pont.
2440 1912 2469 1939 1.

1472 1957 1515 1986 Ut
1535 1950 1623 1999 vigil
1639 1951 1756 2000 infusa
1773 1952 1920 1988 Pallade
1941 1951 2032 1999 Vesta
2042 1952 2141 2000 fhlet.
2195 1952 2409 1988 Hfimsxus.

1421 2000 1541 2049 Vigiles
1576 2002 1719 2040 rectius.
1753 2004 1803 2040 ita
1842 2003 1939 2040 Flor.
1976 2016 2008 2040 1.
2045 2015 2079 2040 2.
2126 2008 2171 2039 Ut
2205 2001 2306 2050 custos
2334 2001 2470 2051 imperii

1413 2050 1568 2102 flamma
1616 2053 1793 2101 vigilaret.
1839 2054 1888 2091 ita
1925 2053 2046 2102 vigiles
2084 2053 2241 2090 lucernas
2292 2052 2471 2092 Horatius

1421 2102 1524 2140 dixit.
1546 2104 1743 2141 111.Od.8.
1771 2106 1808 2142 ἃ
1831 2104 1966 2142 Noster
1984 2118 2037 2142 iv.
2057 2105 2166 2142 Trist.
2189 2117 2225 2142 v.
2244 2117 2279 2152 4.

1474 2160 1518 2190 Ut
1534 2154 1622 2203 vigil
1637 2155 1755 2204 infusa
1774 2155 1921 2192 Pallade
1933 2155 2089 2205 flamma
2104 2156 2201 2204 solet.

1419 2204 1580 2243 Videtur
1601 2207 1783 2245 memoria
1801 2205 2009 2256 imposuisse
2033 2207 2197 2244 Heinsio.
2235 2206 2366 2245 Eum.

1471 2259 1556 2305 469.
1587 2257 1692 2293 Verba
1711 2259 1848 2295 vadum
1867 2257 2048 2308 tentant]
2079 2263 2224 2294 Tentent
2249 2258 2375 2296 iidem.
2402 2270 2471 2308 pro

1420 2306 1571 2355 abiegnis
1590 2308 1726 2344 tabells:
1746 2310 1862 2356 prima
1888 2310 2003 2346 editio
2018 2336 2029 2353 ,
2059 2310 2215 2357 Regius,
2245 2310 2350 2347 &alii
2373 2322 2471 2348 non-

1420 2358 1511 2396 nulli
1532 2371 1577 2395 ex
1603 2359 1816 2397 melioribus
1833 2388 1841 2403 ,
1871 2360 2014 2403 alienis,
2044 2360 2142 2396 unde
2155 2361 2224 2396 fuit
2243 2371 2326 2397 cum
2346 2362 2472 2410 legen·-
2495 2398 2504 2406 ,

1420 2409 1509 2446 dum
1531 2411 1689 2457 putarim
1706 2437 1714 2453 ,
1743 2410 1785 2452 in&
1804 2411 1935 2447 acernis
1949 2410 2080 2458 scripta
2099 2409 2246 2446 tabellis.
2271 2411 2469 2459 quomodo

1421 2461 1555 2498 Noster
1573 2460 1675 2509 Eleg.
1697 2474 1750 2498 xi.
1767 2456 1829 2498 lib.
1846 2474 1871 2498 1.
1894 2462 2030 2498 Amor.
2056 2459 2115 2497 sed
2139 2462 2177 2497 &
2196 2460 2357 2509 abiegnae
2385 2474 2472 2511 pro·
2502 2481 2519 2496 ι.

1422 2512 1522 2550 bum.
1560 2512 1609 2548 ita
1634 2511 1725 2548 abies
1751 2511 1904 2549 sumitur
1931 2512 2061 2549 Plauto
2092 2510 2202 2549 Persa.
2257 2513 2470 2551 Hzxxsms.

1423 2562 1465 2599 ln
1492 2563 1678 2600 Vaticano
1709 2572 1805 2608 erat,
1835 2563 1951 2612 planis
1979 2562 2142 2612 inscripta
2170 2562 2317 2601 tabellis.
2350 2564 2469 2602 sensns

1421 2623 1545 2651 autem
1570 2614 1716 2652 videtur
1735 2614 1964 2663 expeditior,
1999 2614 2021 2652 fi
2044 2613 2390 2664 subintelligaturfi,
2428 2624 2470 2654 ut

1422 2666 1551 2703 millies
1570 2666 1660 2702 solet
1680 2666 1821 2703 Noster.
1859 2667 1894 2704 Si
1923 2675 2067 2704 amator
2093 2667 2229 2702 vatium
2258 2674 2375 2703 tentat
2401 2667 2470 2714 (ut

1420 2717 1494 2754 hoc
1512 2727 1744 2765 praeceperat
1755 2718 1814 2754 lib.
1836 2717 1954 2754 1.Art.
1977 2716 2156 2764 >VS-437³
2183 2727 2246 2764 per
2260 2717 2468 2765 epistolam,

1421 2769 1459 2806 &
1483 2768 1736 2817 colloquium,
1766 2768 1825 2804 vel
1845 2769 1956 2805 etiam
1977 2766 2128 2803 noctem
2150 2775 2251 2815 rogat
2266 2796 2276 2809 ‚
2318 2780 2365 2805 ne
2384 2781 2470 2817 pro·-

1420 2819 1504 2856 hibe
1518 2847 1527 2862 ,
1553 2821 1754 2867 quominus
1777 2819 1905 2856 ancilla
1925 2818 2023 2856 illam
2045 2819 2220 2866 accipiat,
2249 2818 2309 2856 sed
2329 2828 2369 2857 tu
2387 2832 2472 2859 cau-

1419 2878 1457 2907 te
1479 2879 1603 2907 tecum
1628 2870 1761 2918 inspice
1786 2871 1823 2906 &
1843 2871 2035 2912 examina,
2064 2881 2109 2906 an
2132 2881 2175 2905 ex
2199 2870 2328 2907 animo
2345 2880 2474 2920 roget.

1421 2933 1466 2958 an
1486 2933 1576 2959 vero
1595 2920 1749 2958 simulet.
1772 2920 1898 2969 planae
1917 2929 2041 2958 autem
2064 2920 2215 2957 tabellae
2235 2923 2382 2969 proprie
2396 2951 2406 2965 ,
2431 2931 2472 2961 ut

1423 2975 1518 3020 rasae
1550 2973 1628 3009 libr.
1660 2984 1692 3009 J.
1723 2984 1809 3020 437.
1845 2973 1931 3020 quia
1960 2982 2064 3007 cerae
2103 2971 2359 3019 complanatae
2391 2985 2472 3011 vcr-

1422 3022 1467 3060 ba
1496 3023 1807 3066 inscribebantur;
1846 3021 1912 3059 nisi
1939 3023 2061 3058 verior
2091 3021 2203 3059 lectio
2225 3022 2266 3060 sit
2289 3052 2299 3066 ‚
2334 3023 2469 3072 plenis,

1422 3074 1526 3121 quod
1545 3086 1589 3110 ex
1613 3074 1768 3121 vestigiis
1792 3074 1855 3108 τοῦ
1873 3072 1996 3108 alienis
2016 3074 2075 3110 vel
2092 3072 2241 3117 alienis,
2256 3083 2296 3111 ut
2319 3075 2470 3123 quidam

1421 3124 1568 3161 codices
1576 3124 1725 3168 habent,
1737 3122 1852 3172 poffet
1866 3124 2016 3172 conjici;
2029 3123 2253 3172 &intelligat
2272 3125 2471 3173 Epistolam

1419 3182 1495 3212 tam
1518 3174 1690 3221 plenam,
1719 3175 1865 3223 qualem
1887 3175 1947 3212 lib.
1974 3188 2001 3211 1.
2031 3176 2164 3212 Amor.
2194 3175 2298 3224 Eleg.
2322 3188 2381 3215 xt.
2410 3189 2472 3215 20.

1421 3226 1460 3262 ὃς
1482 3224 1713 3273 sequentibus
1730 3253 1739 3267 ,
1761 3226 1823 3263 libi
1842 3226 1885 3263 ab
1909 3226 2027 3263 amica
2049 3238 2113 3274 per
2128 3227 2261 3274 Napen
2274 3229 2367 3275 petit
2383 3229 2473 3275 mite,

1423 3277 1464 3315 ti.
1490 3274 1607 3323 poffet
1628 3278 1665 3314 ὃ(
1685 3277 1778 3325 legi:
2233 3290 2236 3292 ·

1475 3326 1584 3381 iserba
1603 3327 1742 3382 vadum
1762 3338 1898 3369 tentent
1911 3327 2029 3379 planis
2037 3324 2072 3379 fi
2079 3326 2210 3379 firipta
2228 3327 2387 3374 tabellis,
2418 3377 2438 3418 I

2439 3386 2477 3418 tao
