2553 3676
285 199 382 263 362

791 191 852 247 P.
928 189 1350 250 OVIDII
1421 192 1959 255 NASONIS

469 283 534 350 65
570 279 688 337 Nec
715 293 769 336 te
797 280 1067 354 decipiant
1093 294 1303 338 veteres
1328 282 1670 357 quinquatria
1695 304 1868 342 cerae.
1896 289 1924 314 ⁴*

652 354 817 410 Tolle
842 370 964 409 tuos
990 369 1200 421 tecum,
1236 374 1439 438 pauper
1463 371 1698 424 amator,
1737 379 1881 415 avos.

582 426 767 500 Quid?
807 429 931 501 quia
955 428 1181 501 pulcher
1207 444 1338 496 erit,
1375 430 1560 503 poscet
1584 431 1691 487 sine
1715 452 1938 492 munere
1965 436 2218 494 nostem?

655 501 827 575 Quod
853 501 978 568 det,
1015 515 1312 559 amatorem
1337 504 1546 575 flagitet
1572 517 1695 560 ante
1721 507 1889 566 suum.

336 703 397 753 63.
426 705 561 756 Capitis
579 701 768 753 mercede.]
799 702 973 754 Intelligit
993 705 1136 742 servum
1154 731 1164 747 ,
1187 703 1251 753 qui
1271 703 1340 761 suis

284 758 452 794 nummis
478 758 512 795 se
535 758 572 795 in
593 756 798 793 libertatem
822 756 1022 792 vindicavit
1046 782 1056 798 ,
1095 756 1146 811 ὃς,
1164 755 1340 794 Domino

284 806 395 843 solvit
414 817 557 846 tantum
582 807 739 856 pretium
757 835 766 850 ,
794 807 921 854 quanti
942 806 1102 850 valeret,
1123 809 1151 842 11
1169 806 1342 846 venditus

283 855 417 895 fuiffet.
437 859 564 897 Senec.
586 858 695 906 Epist.
718 858 777 894 80.
801 855 978 893 Peculium
989 855 1098 905 suum
1114 884 1123 901 ,
1143 858 1234 908 quod
1253 872 1344 895 com-

279 916 504 957 paraverunt
523 921 645 947 ventre
658 907 830 956 fraudato
845 935 854 952 ‚
871 916 931 956 pro
952 908 1058 957 capite
1075 920 1275 948 numerant.
1304 911 1342 948 &

282 959 364 996 talis
393 960 440 998 est
470 962 529 999 ille
561 959 661 1010 apud
692 960 840 996 Petron.
865 970 943 1007 cap.
966 971 1078 997 txxv.
1099 961 1173 1008 Qi
1188 961 1345 1011 pretium

276 1007 347 1060 fibi
365 1006 407 1045 de
427 1011 551 1048 diariis
564 1011 662 1059 fecit.
690 1010 752 1047 ubi
781 1009 883 1058 plura
906 1012 1131 1049 notavimus.
1158 1012 1344 1052 BuRMAN.

338 1059 403 1105 64.
428 1063 564 1113 Despice
584 1060 714 1111 gypsati
736 1074 859 1097 nomen
877 1060 980 1098 inane
992 1062 1128 1112 pedis.]
1160 1063 1204 1100 In
1225 1064 1343 1103 altero

283 1110 520 1159 Maffeiano,
546 1115 585 1151 ὃ(
609 1125 647 1150 in
677 1124 741 1151 ora
767 1112 829 1151 lib.
849 1112 1046 1160 Vaticani,
1074 1115 1204 1153 crimen
1224 1115 1364 1159 inanes

281 1173 386 1210 ⁴vere.
416 1165 636 1203 Crorauus.

336 1215 397 1262 64.
425 1215 615 1266 Gypsati.]
654 1214 857 1254 Venalium
895 1217 995 1255 enirn
1025 1225 1121 1256 trans
1148 1230 1250 1258 mare
1278 1219 1345 1258 ad-

283 1266 483 1305 vectorum
514 1267 624 1317 pedes
660 1276 758 1305 creta
791 1269 971 1306 notabant
994 1269 1057 1307 seu
1086 1270 1213 1319 gypso.
1251 1271 1342 1310 Plin.

285 1328 402 1356 xxxv,
426 1331 482 1366 17.
502 1321 540 1357 ὅ(
567 1319 624 1358 18.
651 1319 780 1357 Tibul.
801 1332 865 1358 111.
892 1320 948 1358 El.
969 1331 1003 1370 3.
1021 1321 1190 1369 Juvenal.
1212 1321 1284 1362 Sat.
1312 1335 1345 1361 1.

285 1367 499 1409 BERSMAN-

341 1422 402 1468 64.
428 1423 575 1459 Crimen
590 1421 696 1459 inane
710 1420 844 1472 pedis]
874 1422 972 1469 Alii,
995 1437 1134 1461 nomen..
1147 1431 1345 1476 utramque

283 1470 492 1512 lectionem
513 1474 720 1511 Puteaneus
738 1473 916 1523 agnoscit.
934 1484 1012 1514 tam
1030 1476 1264 1526 haec,quam
1287 1477 1347 1517 illa

286 1523 433 1562 arridet.
461 1525 570 1563 alibi:

340 1580 478 1612 Nomen
498 1575 659 1614 amicitia
678 1575 722 1626 est
735 1605 745 1623 ,
773 1591 897 1616 nomen
915 1577 1021 1616 inane
1032 1577 1132 1628 fides.

287 1637 355 1666 111.
379 1629 466 1665 Am.
486 1639 575 1664 vm.
598 1640 657 1674 24.

343 1677 408 1714 Ad
424 1678 556 1727 rigidas
573 1689 673 1716 canto
691 1693 815 1718 nomen
831 1681 938 1718 inane
944 1681 1051 1728 fhres.

286 1727 346 1766 'Ut
365 1729 516 1778 quidam
541 1730 699 1769 codices.
725 1734 858 1770 Horat.
885 1745 915 1770 1.
938 1731 1047 1781 Epist.
1066 1744 1167 1773 xvn.

340 1780 458 1817 Virtus
479 1795 604 1819 nomen
619 1782 726 1820 inane
745 1783 799 1832 est.
855 1784 1072 1822 Hrmsrus.

284 1829 601 1882 Distinguendum
621 1845 712 1872 vero
731 1843 823 1884 puto
844 1836 923 1885 post
936 1864 946 1881 ,
975 1835 1112 1884 despice.

338 1882 403 1931 ὅς,
421 1884 546 1921 Veteris
565 1884 800 1936 quinquatria
818 1887 940 1937 cerae]
963 1887 1067 1925 Nihil
1085 1887 1145 1925 hic
1158 1898 1198 1924 ea
1213 1885 1347 1935 distio,

285 1933 521 1985 quinquatria
534 1964 547 1980 ,
567 1934 764 1986 iignificat;
786 1936 933 1976 fortasse
947 1966 957 1983 ,
986 1947 1026 1975 ut
1045 1939 1082 1976 in
1100 1938 1319 1989 quibusdam
1335 1968 1347 1986 ,

285 1984 445 2036 quinque
468 1986 563 2023 atria
589 1989 802 2037 legendum.
829 1999 871 2028 ut
897 1990 1062 2028 maxime
1085 1991 1217 2028 nobilis
1237 1990 1348 2041 figni-

285 2035 419 2075 ficetur
443 2038 497 2083 is,
527 2039 629 2088 cujus
660 2042 847 2090 maiorum
875 2042 1054 2091 imagines
1091 2042 1151 2080 vel
1178 2043 1347 2093 quinque

285 2088 504 2137 compleant
523 2091 624 2128 atria.
653 2092 913 2130 NAUGERms.
941 2093 1200 2143 Qinquatria.
1229 2093 1289 2131 Sic
1307 2095 1347 2132 in

286 2140 465 2179 omnibus
486 2142 722 2191 exemplarib.
750 2152 826 2182 tam
850 2144 1051 2193 impreffis,
1079 2157 1193 2195 quam
1215 2157 1348 2183 manu·

286 2189 449 2240 scriptis,
476 2204 571 2242 quae
597 2194 751 2243 quidem
779 2196 873 2233 mihi
898 2196 1026 2233 videre
1049 2197 1228 2245 contigit,
1256 2196 1348 2252 legi-

285 2248 375 2279 tur:
399 2242 465 2281 sed.
489 2244 578 2294 quid
606 2244 783 2294 fignificet
810 2247 847 2283 in
874 2247 1054 2284 hocloco
1075 2247 1347 2301 Qinquatrza‚

288 2301 372 2331 non
403 2293 529 2333 video.
558 2296 661 2334 Hinc
690 2308 761 2346 ego
791 2298 855 2346 (ut
882 2297 1063 2335 elucidior
1091 2297 1178 2335 eflet
1204 2297 1347 2347 sensus)

286 2355 335 2382 ex
358 2355 400 2382 ea
418 2357 492 2384 una
515 2346 680 2385 difflone
698 2349 786 2386 duas
806 2348 966 2393 faciens,
996 2350 1218 2400 Quaquam
1237 2350 1348 2396 atria,

287 2396 527 2446 corrigerem.
554 2398 640 2437 licet
658 2400 733 2437 hoc
753 2400 862 2438 etiam
883 2400 1055 2438 audaffiter
1070 2399 1195 2438 fieret:
1219 2411 1260 2438 ut
1279 2413 1350 2439 no-

288 2445 480 2486 biliffimus
510 2450 538 2487 is
573 2458 718 2488 amator
747 2450 957 2489 ostendatur
978 2478 988 2496 ,
1025 2452 1127 2501 cujus
1161 2452 1350 2502 majorum

289 2510 420 2537 cereae
441 2501 621 2551 imagines
647 2502 743 2540 adeo
772 2503 992 2541 innumerae
1010 2502 1079 2541 smt
1093 2532 1104 2549 ‚
1131 2512 1173 2541 ut
1192 2516 1250 2542 eas
1271 2517 1350 2543 non

289 2551 498 2600 angustiora
525 2554 630 2599 loca,
658 2553 719 2592 sed
741 2555 831 2592 atria
858 2555 1223 2603 continere-possint.
1253 2557 1350 2605 Qui-

290 2602 385 2639 dam
411 2604 614 2642 emendant
634 2633 644 2649 ,
682 2605 850 2656 Qinque
877 2605 974 2642 atria
993 2634 1003 2651 ,
1040 2614 1081 2644 ut
1107 2606 1151 2644 fit
1172 2619 1348 2646 numerus

290 2651 416 2691 finitus
441 2667 509 2704 pro
538 2656 698 2695 infinito,
725 2669 889 2706 quorum
907 2657 1086 2695 sententia
1106 2658 1183 2697 aliis
1201 2658 1348 2697 fortaffe

293 2703 451 2751 placebit
470 2734 481 2750 ,
515 2708 609 2746 mihi
641 2719 734 2746 vero
762 2708 936 2758 displicet.
965 2709 1150 2748 Nonnulli
1180 2710 1353 2750 audacter

293 2754 457 2792 nimium
471 2784 479 2800 ‚
511 2758 618 2796 Plena
637 2760 756 2805 atria,
777 2760 918 2810 legunt.
935 2761 1118 2799 MARms.
1146 2767 1218 2798 Nec
1239 2772 1272 2799 te
1294 2762 1354 2799 de-

296 2805 427 2855 ripiant
458 2810 584 2845 veteris
624 2811 859 2862 quinquatria
893 2825 998 2850 cerae.
1041 2813 1097 2850 lta
1123 2812 1279 2862 quidem
1315 2815 1355 2852 in

296 2858 472 2895 omnibus
490 2860 732 2908 editionibus,
749 2876 845 2913 quae
867 2872 1017 2910 extant,
1033 2863 1185 2913 legitur:
1215 2876 1258 2903 ac
1276 2865 1355 2903 sen·

296 2908 352 2945 fus
380 2908 533 2958 quidem
564 2913 689 2959 planus
717 2915 778 2952 est.
807 2916 889 2953 Nec
908 2925 970 2961 te,
997 2916 1144 2966 inquit,
1171 2915 1358 2966 decipiant

296 2958 441 2998 nobiles
461 2988 472 3005 ,
510 2964 574 3011 qui
606 2974 747 3002 veteres
781 2978 878 3003 ceras
901 2993 912 3010 ,
946 2968 1022 3004 hoc
1048 2967 1098 3005 est
1119 2996 1129 3012 ‚
1165 2969 1354 3018 majorum

299 3011 478 3061 imagines
509 3012 690 3051 ostentant
719 3018 757 3052 ὃς
781 3017 949 3065 jaret-ant,
978 3020 1050 3055 &c.
1082 3019 1124 3055 Id
1150 3020 1253 3056 enim
1282 3021 1357 3059 hoc

296 3062 387 3100 loco
425 3068 531 3100 Cerae
565 3063 780 3113 significant.
825 3076 868 3106 ut
903 3068 942 3104 ὃς
978 3068 1077 3116 apud
1109 3069 1355 3118 juvenalem,

299 3113 369 3153 ubi.
386 3115 463 3152 ait:

351 3171 437 3203 Tota
457 3165 535 3204 licet
553 3177 682 3205 veteres
701 3179 865 3206 exornent
884 3168 1040 3218 undique
1056 3182 1149 3207 cerae

354 3218 468 3254 Atria
481 3246 493 3264 ,
513 3218 676 3256 nobilitas
688 3221 764 3270 sola
783 3220 825 3267 est
844 3231 951 3270 atque
972 3221 1075 3257 unica
1095 3222 1237 3268 virtus,
1253 3233 1329 3264 επ,

301 3266 409 3307 Nam.
432 3281 480 3307 ex
507 3282 588 3308 cera
614 3272 750 3322 effigies
776 3285 819 3310 ac
854 3273 983 3310 statuas
1018 3282 1212 3322 parentum
1243 3284 1355 3327 atque

301 3330 467 3363 uorum
479 3322 712 3373 formabant,
739 3336 829 3376 quas
857 3325 896 3365 in
919 3325 1017 3365 atriis
1033 3328 1103 3366 luis
1125 3325 1266 3368 nobiles
1281 3339 1355 3381 pof

2240 585 2454 648 Parcius

1396 702 1545 743 nebant.
1579 703 1626 743 de
1651 718 1725 757 qua
1750 720 1790 747 re
1823 712 2128 754 Commentator.
2165 715 2343 756 Ceterum
2375 731 2456 771 quo,

1397 755 1507 804 paeto
1522 785 1533 802 ,
1561 765 1624 795 aut
1642 759 1742 797 unde
1762 763 1917 802 verbum
1940 766 2188 816 Qinquatria
2209 768 2282 806 huc
2308 770 2452 820 irrepse-

1397 807 1444 844 rit
1461 836 1472 853 ,
1510 815 1573 845 aut
1602 809 1694 859 quid
1722 811 1822 851 idem
1853 815 2034 853 hocloco
2063 817 2263 867 significet,
2290 822 2450 870 quaestio

1399 858 1461 897 est.
1489 860 1590 897 Nam
1610 860 1697 899 alias
1718 864 1986 916 Qiaquatria‚
2006 867 2092 906 festa
2112 870 2309 908 Minervae
2328 871 2454 912 dicun-

1398 917 1480 954 tur,
1508 922 1604 961 quae
1633 915 1759 951 mense
1779 916 1920 955 Martio
1938 930 2002 967 per
2019 920 2185 970 quinque
2204 921 2279 959 dies
2300 922 2453 964 celebra-

1398 960 1541 1000 bantur.
1580 963 1641 1001 Ac
1668 963 1751 1003 sunt
1777 968 1843 1017 qui
1873 977 2004 1017 putent
2028 999 2038 1014 ,
2076 971 2364 1012 ostentationem
2392 976 2457 1014 ali.-

1398 1024 1513 1063 quam
1527 1041 1537 1059 ,
1566 1023 1628 1052 aut
1653 1027 1835 1066 pompam
1858 1020 2066 1070 imaginum
2083 1051 2093 1068 ‚
2123 1024 2161 1061 in
2178 1024 2253 1061 hoc
2269 1024 2360 1063 festo
2380 1025 2459 1067 fieri?

1398 1064 1543 1104 solitam
1572 1065 1677 1105 fuiffe
1699 1080 1708 1105 ε
1745 1070 1785 1107 &
1812 1069 1899 1110 ideo
1926 1084 1991 1122 per
2014 1073 2262 1123 Metalepfin,
2288 1076 2367 1114 festi
2389 1089 2457 1117 no-

1398 1128 1488 1155 men
1501 1146 1511 1163 ,
1531 1129 1599 1167 pro
1618 1118 1745 1166 rebus,
1763 1134 1859 1172 quae
1884 1124 1923 1162 in
1943 1124 2022 1173 ipso
2044 1125 2318 1164 celebrabantur
2331 1155 2341 1172 ,
2363 1128 2458 1177 pofi-

1398 1175 1481 1206 tum
1513 1168 1596 1208 effe.
1634 1170 1706 1209 Sed
1734 1173 1827 1212 haec
1856 1176 2055 1214 autoritate
2083 1184 2220 1215 carent.
2248 1178 2325 1217 Alii
2352 1179 2460 1229 igitur

1399 1219 1552 1269 quidam
1574 1221 1692 1271 ipsum
1712 1235 1856 1263 nomen
1878 1228 2101 1276 corrigentes
2116 1255 2126 1272 ‚
2155 1227 2278 1267 divisis
2305 1231 2457 1271 vocibus

1397 1270 1528 1320 legunt
1548 1273 1716 1324 Qainque
1740 1276 1849 1313 atria.
1876 1289 1913 1327 q.
1935 1277 1969 1315 d.
1989 1279 2105 1317 multa
2125 1281 2215 1318 atria
2228 1309 2239 1325 ‚
2269 1289 2371 1320 certo
2390 1294 2460 1322 nu-.

1400 1333 1507 1361 mero
1526 1336 1594 1372 pro
1615 1325 1760 1364 incerto
1778 1326 1912 1377 pofito.
1940 1337 1981 1367 ut
2003 1329 2046 1368 fit
2065 1330 2206 1377 sensus,
2234 1332 2317 1370 Nec
2337 1340 2374 1371 te
2394 1333 2460 1373 de-

1399 1374 1538 1423 cipiant
1557 1377 1647 1415 atria
1667 1378 1784 1416 multa
1804 1381 1940 1419 veteris
1963 1393 2067 1420 cerae
2089 1395 2098 1420 ε
2133 1382 2209 1420 hoc
2233 1383 2304 1428 est,
2333 1383 2359 1423 fi
2379 1387 2459 1435 quis

1400 1425 1601 1465 multarum
1632 1428 1858 1470 familiarum
1894 1432 2089 1471 nobilitate
2124 1433 2237 1472 clarus
2276 1434 2338 1473 est.
2382 1436 2461 1476 Alii.

1402 1476 1547 1515 rursum.
1571 1490 1639 1527 pro
1671 1480 1863 1532 Quinque,
1891 1482 2003 1520 Plena
2033 1483 2302 1524 substituerunt.
2330 1494 2371 1526 ut
2390 1487 2458 1528 fit:

1403 1528 1487 1566 Nec
1508 1537 1545 1567 te
1562 1529 1748 1579 decipiant
1764 1534 1854 1571 atria
1873 1534 1981 1583 plena
2000 1535 2208 1585 imaginum
2223 1565 2233 1581 ,
2265 1538 2338 1576 &a
2366 1550 2467 1588 quae

1402 1577 1517 1618 leffio
1539 1580 1766 1620 tolerabilior
1784 1611 1795 1628 ,
1830 1584 1898 1622 nifi
1929 1585 2035 1635 quod
2063 1585 2083 1623 a
2105 1599 2201 1625 voce
2220 1589 2389 1640 {Quinque
2408 1591 2468 1629 ni·
2521 1607 2524 1609 “

1403 1631 1476 1720 {nis
1496 1631 1647 1688 recedit.
1675 1632 1797 1683 Quod
1814 1634 1841 1673 fi
1859 1636 1970 1685 igitur
1987 1638 2027 1675 &
2044 1638 2139 1676 mihi
2156 1638 2322 1678 divinare
2340 1641 2465 1690 liceat,

1419 1693 1442 1719 e
1469 1693 1585 1720 erim:

1441 1693 1532 1771 gNec
1550 1744 1584 1771 te
1604 1733 1778 1787 decipiant
1796 1736 1926 1775 veteris
1944 1737 2135 1791 quicquam
2152 1740 2250 1780 atria
2267 1755 2374 1782 cerae.

1403 1783 1461 1822 Ut
1485 1784 1527 1823 fit
1553 1786 1673 1825 ordo:
1702 1788 1786 1826 Nec
1806 1796 1844 1827 te
1863 1791 2068 1840 quicqu-am
2090 1793 2276 1842 decipiant
2293 1796 2380 1833 atria
2401 1807 2465 1834 ce·-

1401 1846 1464 1875 rae
1484 1838 1644 1883 veteris,
1672 1839 1744 1877 ἃς.
1773 1840 1873 1878 Nam
1895 1842 1934 1878 ὃς
1952 1842 2131 1881 sententia
2150 1845 2226 1883 hoc
2246 1845 2365 1884 modo
2388 1847 2470 1895 pla·

1400 1898 1449 1926 na
1467 1888 1654 1934 redditur,
1683 1891 1723 1927 &
1750 1891 1864 1929 facilis
1893 1892 2060 1931 transitus
2089 1895 2161 1932 fuit
2190 1907 2238 1933 ex
2260 1897 2469 1948 Qicquam

1402 1949 1449 1979 (φ
1473 1939 1594 1985 atria,
1621 1941 1659 1978 in
1686 1940 1934 1990 Qinquatria
1951 1971 1962 1988 ,
1991 1955 2063 1984 eye.
2099 1944 2171 1984 Sed
2199 1954 2328 1985 tamen
2358 1948 2467 1988 suum

1404 1990 1541 2039 cuique
1554 1990 1741 2040 judicium
1758 1993 1995 2044 relinquatur.
2017 1996 2247 2036 chntus.
2274 1996 2465 2039 Affentior

1402 2040 1618 2090 PaganinO,
1648 2043 1714 2092 qui
1742 2056 1848 2083 xxiv.
1877 2057 1962 2083 ann.
1990 2055 2075 2085 ante
2095 2059 2158 2086 me
2179 2057 2335 2095 natum,
2362 2049 2470 2090 reue>

1402 2091 1606 2141 legendum
1637 2095 1781 2143 putavit
1805 2124 1816 2140 ,
1855 2097 2022 2147 Qinque
2049 2099 2178 2142 atria;
2219 2100 2343 2139 immo
2374 2101 2467 2140 verb

1405 2155 1490 2181 eam
1510 2144 1624 2193 ipsam
1644 2144 1848 2184 lectionem
1871 2147 1906 2185 se
1935 2148 1973 2185 in
1995 2149 2215 2198 quibusdam
2246 2152 2308 2190 lib.
2337 2151 2471 2192 vidifl'e:

1405 2195 1468 2233 ait.
1499 2195 1637 2244 Igitur,
1666 2197 1758 2246 quin
1785 2198 1835 2236 ita
1865 2199 2009 2247 prorsus
2035 2200 2236 2251 legendum
2264 2202 2332 2249 fit,
2358 2203 2464 2242 dubi-

1405 2246 1473 2284 tari
1500 2259 1579 2284 non
1603 2256 1766 2296 oportet.
1793 2249 1910 2288 Addit
1938 2251 2054 2296 haec,
2081 2261 2122 2290 ut
2145 2253 2308 2292 maxime
2331 2255 2473 2294 nobilis.

1405 2296 1629 2347 significetur
1656 2299 1709 2344 is,
1738 2299 1840 2349 cujus
1867 2301 2054 2350 majorum
2076 2304 2256 2354 imagines
2277 2305 2337 2343 vel
2355 2306 2465 2355 quin-

1406 2360 1481 2398 que
1499 2350 1714 2399 compleant
1732 2352 1830 2389 atria.
1859 2352 1976 2401 Cujus
1993 2354 2147 2403 quidem
2169 2357 2345 2406 Paganini
2360 2356 2468 2408 judi-

1407 2400 1508 2438 cium
1533 2402 1754 2450 comprobat
1766 2403 1833 2446 hic
1855 2404 1990 2442 Noster
2009 2405 2069 2444 lib.
2094 2419 2125 2444 1.
2146 2406 2237 2445 Fast.

1460 2451 1593 2502 Perlege
1609 2451 1782 2503 dispofitas
1799 2455 1957 2505 generosa
1974 2465 2033 2507 per
2048 2457 2145 2495 atria
2168 2471 2276 2498 ceras.

1407 2501 1456 2542 Et
1479 2504 1690 2554 Propertius
1710 2505 1771 2543 lib.
1796 2517 1826 2544 1.
1849 2507 1951 2556 Eleg.
1975 2520 2032 2546 1v.

1461 2561 1535 2593 Nec
1553 2555 1618 2593 tibi
1637 2555 1800 2594 nobilitas
1812 2558 1938 2607 poterit
1950 2559 2152 2606 succurrere
2169 2562 2334 2609 amanti,

1512 2608 1631 2657 Neseit
1647 2621 1747 2645 amor
1761 2608 1882 2658 priscis
1902 2610 2014 2648 cedere
2029 2612 2253 2662 imaginibus.

1409 2657 1621 2697 Confirmat
1648 2660 1688 2697 ὃς
1713 2660 1883 2699 Valerius
1912 2661 1973 2699 lib.
2004 2674 2040 2700 v.
2071 2675 2148 2713 cap.
2170 2677 2242 2703 nx.
2265 2665 2328 2704 ubi
2349 2666 2396 2705 ita
2416 2665 2464 2706 est'

1407 2709 1455 2747 de
1484 2709 1535 2747 T.
1566 2711 1713 2748 Manlio
1745 2711 1946 2762 Torquato
1971 2726 1980 2750 :
2018 2714 2164 2751 Videbat
2189 2716 2282 2754 enim
2300 2717 2339 2767 se
2367 2718 2406 2756 in
2429 2730 2468 2755 ew

1408 2760 1500 2797 atrio
1522 2761 1714 2811 consedtffi’,
1741 2763 1781 2800 in
1800 2777 1866 2814 quo
1888 2763 1984 2801 illius
2004 2763 2172 2816 imperiosi
2188 2770 2356 2819 Torquati
2364 2771 2460 2816 five-

1411 2812 1518 2849 ritate
1546 2813 1720 2863 conspicua
1747 2815 1860 2864 imago
1881 2812 1988 2864 postta
2014 2827 2089 2853 erat
2110 2834 2120 2853 .-
2143 2818 2469 2871 prudentissimoque

1411 2864 1490 2900 viro
1513 2864 1738 2914 fiuccurrebat
1766 2866 1886 2915 effigies
1918 2868 2094 2916 majerum
2124 2882 2203 2906 cum
2233 2870 2350 2909 titulis
2366 2871 2466 2920 suis,

1411 2915 1537 2953 idcirco
1565 2917 1604 2954 in
1626 2918 1744 2967 prima
1771 2917 1913 2954 aedium
1926 2927 2026 2968 parte
2037 2919 2119 2968 poni
2132 2920 2262 2969 fhlere,
2290 2932 2332 2960 ut
2350 2935 2465 2960 eorum

1413 2967 1567 3005 virtutes
1587 2969 1707 3018 posteri
1729 2982 1797 3005 non
1811 2968 1928 3017 selum
1949 2969 2115 3019 legerent,
2135 2973 2203 3020 sed.
2218 2973 2326 3011 etiam
2343 2973 2465 3012 imita--

1412 3031 1547 3056 rentur.
1574 3020 1794 3057 CiOFANus.
1834 3020 1960 3057 Veteris
1994 3022 2225 3073 quinquatria
2254 3038 2346 3062 cerae
2373 3036 2460 3062 con-

1412 3070 1545 3107 stanter
1562 3070 1703 3118 scripti:
1724 3070 1790 3108 nifi
1808 3071 1914 3121 quod
1930 3083 2060 3110 veteres
2075 3088 2168 3112 cerae
2185 3076 2224 3114 in
2241 3076 2466 3114 Puteanaeo.

1411 3120 1512 3158 unde
1541 3122 1696 3159 minima
1727 3123 1936 3162 mutatione
1965 3125 2162 3164 scribebam
2188 3155 2197 3170 ,
2237 3127 2325 3175 quin
2355 3125 2460 3164 atria.

1410 3172 1503 3220 quin
1538 3183 1608 3209 nec
1643 3181 1680 3211 te
1712 3172 1897 3222 decipiant
1935 3177 2024 3215 atria
2073 3178 2205 3216 veteris
2231 3189 2345 3216 cerae.
2379 3176 2465 3220 vel‚.

1411 3222 1539 3260 veteris
1553 3221 1661 3272 finito
1688 3226 1784 3262 atria
1812 3239 1915 3264 cerae.
1945 3228 2130 3268 Videntur
2150 3230 2195 3268 ad
2216 3230 2317 3269 hunc
2332 3229 2463 3268 locum

1409 3273 1599 3324 respexisse
1618 3276 1804 3323 Juvenalis
1824 3290 1915 3316 vm.
1937 3290 1993 3328 19.
2016 3281 2075 3318 illa
2087 3291 2104 3316 :2

1455 3331 1544 3380 {aaa
1560 3327 1640 3370 licet
1658 3338 1788 3369 veteres
1804 3340 1971 3370 exornem
1990 3332 2088 3374 atria
2107 3344 2212 3372 cerae.

2348 3377 2461 3430 Poffis
