<?xml version="1.0" encoding="UTF-8"?>
<!DOCTYPE html PUBLIC "-//W3C//DTD XHTML 1.0 Transitional//EN"
    "http://www.w3.org/TR/xhtml1/DTD/xhtml1-transitional.dtd">
<html xmlns="http://www.w3.org/1999/xhtml" xml:lang="en" lang="en">
 <head>
  <title>
</title>
<meta http-equiv="Content-Type" content="text/html;charset=utf-8" />
  <meta name='ocr-system' content='tesseract 3.04.00' />
  <meta name='ocr-capabilities' content='ocr_page ocr_carea ocr_par ocr_line ocrx_word'/>
</head>
<body>
  <div class='ocr_page' id='page_1' title='image "./publiiovidiinaso01ovid_0111.png"; bbox 0 0 2553 3676; ppageno 0'>
   <div class='ocr_carea' id='block_1_1' title="bbox 685 194 1341 255">
    <p class='ocr_par' dir='ltr' id='par_1_1' title="bbox 685 194 1341 255">
     <span class='ocr_line' id='line_1_1' title="bbox 685 194 1341 255; baseline -0.003 0"><span class='ocrx_word' id='word_1_1' title='bbox 685 194 1341 255; x_wconf 90' lang='lat' dir='ltr'><strong>HEROIDES.</strong></span> 
     </span>
    </p>
   </div>
   <div class='ocr_carea' id='block_1_2' title="bbox 1415 209 2253 277">
    <p class='ocr_par' dir='ltr' id='par_1_2' title="bbox 1415 209 2253 277">
     <span class='ocr_line' id='line_1_2' title="bbox 1415 209 2253 277; baseline 0.01 -22"><span class='ocrx_word' id='word_1_2' title='bbox 1415 218 1446 256; x_wconf 79' lang='lat' dir='ltr'><strong>E</strong></span> <span class='ocrx_word' id='word_1_3' title='bbox 1482 220 1526 256; x_wconf 76' lang='grc' dir='ltr'><strong>Ρ.</strong></span> <span class='ocrx_word' id='word_1_4' title='bbox 1600 221 1679 260; x_wconf 88' lang='lat' dir='ltr'><strong>vr.</strong></span> <span class='ocrx_word' id='word_1_5' title='bbox 2195 209 2253 277; x_wconf 74' lang='lat'><strong>33</strong></span> 
     </span>
    </p>
   </div>
   <div class='ocr_carea' id='block_1_3' title="bbox 276 288 1786 652">
    <p class='ocr_par' dir='ltr' id='par_1_3' title="bbox 276 288 1786 652">
     <span class='ocr_line' id='line_1_3' title="bbox 276 288 1781 366; baseline 0.002 -18"><span class='ocrx_word' id='word_1_6' title='bbox 276 315 371 366; x_wconf 83' lang='lat'><strong>115</strong></span> <span class='ocrx_word' id='word_1_7' title='bbox 409 292 644 352; x_wconf 86' lang='lat' dir='ltr'><strong>Bacchus</strong></span> <span class='ocrx_word' id='word_1_8' title='bbox 669 307 824 351; x_wconf 79' lang='lat' dir='ltr'><strong>avus3</strong></span> <span class='ocrx_word' id='word_1_9' title='bbox 865 288 1063 343; x_wconf 81' lang='lat' dir='ltr'><strong>Bacchi</strong></span> <span class='ocrx_word' id='word_1_10' title='bbox 1089 289 1287 361; x_wconf 85' lang='lat' dir='ltr'><strong>conjux</strong></span> <span class='ocrx_word' id='word_1_11' title='bbox 1309 292 1556 348; x_wconf 88' lang='lat' dir='ltr'><strong>redimita</strong></span> <span class='ocrx_word' id='word_1_12' title='bbox 1581 312 1781 352; x_wconf 84' lang='lat' dir='ltr'><strong>corona</strong></span> 
     </span>
     <span class='ocr_line' id='line_1_4' title="bbox 486 361 1497 432; baseline 0.003 -15"><span class='ocrx_word' id='word_1_13' title='bbox 486 362 786 417; x_wconf 79' lang='lat' dir='ltr'><strong>Praeradiat</strong></span> <span class='ocrx_word' id='word_1_14' title='bbox 811 361 965 416; x_wconf 82' lang='lat' dir='ltr'><strong>stellis</strong></span> <span class='ocrx_word' id='word_1_15' title='bbox 989 361 1129 432; x_wconf 84' lang='lat' dir='ltr'><strong>figna</strong></span> <span class='ocrx_word' id='word_1_16' title='bbox 1153 364 1361 418; x_wconf 85' lang='lat' dir='ltr'><strong>minora</strong></span> <span class='ocrx_word' id='word_1_17' title='bbox 1381 365 1497 420; x_wconf 79' lang='lat' dir='ltr'><strong>suis,</strong></span> 
     </span>
     <span class='ocr_line' id='line_1_5' title="bbox 411 433 1786 507; baseline 0.002 -15"><span class='ocrx_word' id='word_1_18' title='bbox 411 437 526 492; x_wconf 82' lang='lat' dir='ltr'><strong>Dos</strong></span> <span class='ocrx_word' id='word_1_19' title='bbox 551 434 645 488; x_wconf 90' lang='lat' dir='ltr'><strong>tibi</strong></span> <span class='ocrx_word' id='word_1_20' title='bbox 671 435 911 489; x_wconf 81' lang='lat' dir='ltr'>Lemnos</span> <span class='ocrx_word' id='word_1_21' title='bbox 935 433 1065 498; x_wconf 83' lang='lat' dir='ltr'><strong>erit,</strong></span> <span class='ocrx_word' id='word_1_22' title='bbox 1103 447 1243 490; x_wconf 85' lang='lat' dir='ltr'><strong>terra</strong></span> <span class='ocrx_word' id='word_1_23' title='bbox 1267 437 1535 507; x_wconf 84' lang='lat' dir='ltr'><strong>ingeniosa</strong></span> <span class='ocrx_word' id='word_1_24' title='bbox 1560 440 1786 494; x_wconf 89' lang='lat' dir='ltr'><strong>colenti:</strong></span> 
     </span>
     <span class='ocr_line' id='line_1_6' title="bbox 481 505 1654 582; baseline 0.005 -23"><span class='ocrx_word' id='word_1_25' title='bbox 481 505 581 560; x_wconf 89' lang='lat' dir='ltr'><strong>Me</strong></span> <span class='ocrx_word' id='word_1_26' title='bbox 605 525 823 581; x_wconf 86' lang='lat' dir='ltr'><strong>quoque</strong></span> <span class='ocrx_word' id='word_1_27' title='bbox 846 525 929 562; x_wconf 83' lang='lat' dir='ltr'><strong>res</strong></span> <span class='ocrx_word' id='word_1_28' title='bbox 954 507 1079 561; x_wconf 82' lang='lat' dir='ltr'><strong>tales</strong></span> <span class='ocrx_word' id='word_1_29' title='bbox 1106 508 1246 563; x_wconf 87' lang='lat' dir='ltr'><strong>inter</strong></span> <span class='ocrx_word' id='word_1_30' title='bbox 1268 508 1461 564; x_wconf 84' lang='lat' dir='ltr'><strong>habere</strong></span> <span class='ocrx_word' id='word_1_31' title='bbox 1485 524 1654 582; x_wconf 78' lang='lat' dir='ltr'><strong>potes,</strong></span> 
     </span>
     <span class='ocr_line' id='line_1_7' title="bbox 406 579 1734 652; baseline 0.002 -18"><span class='ocrx_word' id='word_1_32' title='bbox 406 579 564 634; x_wconf 92' lang='lat' dir='ltr'><strong>Nunc</strong></span> <span class='ocrx_word' id='word_1_33' title='bbox 592 580 751 634; x_wconf 83' lang='lat' dir='ltr'><strong>etiam</strong></span> <span class='ocrx_word' id='word_1_34' title='bbox 776 581 975 652; x_wconf 79' lang='lat' dir='ltr'><strong>peperi.</strong></span> <span class='ocrx_word' id='word_1_35' title='bbox 1015 593 1221 650; x_wconf 79' lang='lat' dir='ltr'>gratare</span> <span class='ocrx_word' id='word_1_36' title='bbox 1247 581 1531 647; x_wconf 78' lang='lat' dir='ltr'><strong>ambobUS,</strong></span> <span class='ocrx_word' id='word_1_37' title='bbox 1569 583 1734 637; x_wconf 74' lang='lat' dir='ltr'><strong>Iason.</strong></span> 
     </span>
    </p>
   </div>
   <div class='ocr_carea' id='block_1_4' title="bbox 268 670 365 705">
    <p class='ocr_par' dir='ltr' id='par_1_4' title="bbox 268 670 365 705">
     <span class='ocr_line' id='line_1_8' title="bbox 268 670 365 705; baseline 0.01 -1"><span class='ocrx_word' id='word_1_38' title='bbox 268 670 365 705; x_wconf 87' lang='lat'><strong>120</strong></span> 
     </span>
    </p>
   </div>
   <div class='ocr_carea' id='block_1_5' title="bbox 475 651 1684 727">
    <p class='ocr_par' dir='ltr' id='par_1_5' title="bbox 475 651 1684 727">
     <span class='ocr_line' id='line_1_9' title="bbox 475 651 1684 727; baseline 0.005 -23"><span class='ocrx_word' id='word_1_39' title='bbox 475 651 651 705; x_wconf 81' lang='lat' dir='ltr'><strong>Dulce</strong></span> <span class='ocrx_word' id='word_1_40' title='bbox 672 652 803 706; x_wconf 82' lang='lat' dir='ltr'><strong>mihi</strong></span> <span class='ocrx_word' id='word_1_41' title='bbox 831 653 1078 727; x_wconf 83' lang='lat' dir='ltr'><strong>gravidae</strong></span> <span class='ocrx_word' id='word_1_42' title='bbox 1102 653 1303 708; x_wconf 78' lang='lat' dir='ltr'><strong>fecerat</strong></span> <span class='ocrx_word' id='word_1_43' title='bbox 1328 654 1512 709; x_wconf 66' lang='lat' dir='ltr'><strong>auctor</strong></span> <span class='ocrx_word' id='word_1_44' title='bbox 1535 673 1684 710; x_wconf 79' lang='lat' dir='ltr'><strong>onus,</strong></span> 
     </span>
    </p>
   </div>
   <div class='ocr_carea' id='block_1_6' title="bbox 403 723 1950 801">
    <p class='ocr_par' dir='ltr' id='par_1_6' title="bbox 403 723 1950 801">
     <span class='ocr_line' id='line_1_10' title="bbox 403 723 1950 801; baseline 0.002 -21"><span class='ocrx_word' id='word_1_45' title='bbox 403 723 556 780; x_wconf 77' lang='lat' dir='ltr'><strong>Felix</strong></span> <span class='ocrx_word' id='word_1_46' title='bbox 577 725 632 778; x_wconf 89' lang='lat' dir='ltr'><strong>in</strong></span> <span class='ocrx_word' id='word_1_47' title='bbox 656 743 882 779; x_wconf 84' lang='lat' dir='ltr'><strong>numero</strong></span> <span class='ocrx_word' id='word_1_48' title='bbox 907 742 1125 799; x_wconf 88' lang='lat' dir='ltr'><strong>quoque</strong></span> <span class='ocrx_word' id='word_1_49' title='bbox 1148 725 1289 789; x_wconf 79' lang='lat' dir='ltr'><strong>sum3</strong></span> <span class='ocrx_word' id='word_1_50' title='bbox 1331 729 1646 801; x_wconf 83' lang='lat' dir='ltr'><strong>prolemque</strong></span> <span class='ocrx_word' id='word_1_51' title='bbox 1672 729 1950 800; x_wconf 80' lang='lat' dir='ltr'><strong>gemellam</strong></span> 
     </span>
    </p>
   </div>
   <div class='ocr_carea' id='block_1_7' title="bbox 406 797 1715 1018">
    <p class='ocr_par' dir='ltr' id='par_1_7' title="bbox 406 797 1715 1018">
     <span class='ocr_line' id='line_1_11' title="bbox 477 797 1489 868; baseline 0.005 -19"><span class='ocrx_word' id='word_1_52' title='bbox 477 797 710 868; x_wconf 78' lang='lat' dir='ltr'>Pignora</span> <span class='ocrx_word' id='word_1_53' title='bbox 734 797 942 860; x_wconf 78' lang='lat' dir='ltr'><strong>Lucina</strong></span> <span class='ocrx_word' id='word_1_54' title='bbox 967 797 1085 851; x_wconf 87' lang='lat' dir='ltr'><strong>bina</strong></span> <span class='ocrx_word' id='word_1_55' title='bbox 1108 797 1322 854; x_wconf 78' lang='lat' dir='ltr'><strong>favente</strong></span> <span class='ocrx_word' id='word_1_56' title='bbox 1346 800 1489 854; x_wconf 90' lang='lat' dir='ltr'><strong>dedi.</strong></span> 
     </span>
     <span class='ocr_line' id='line_1_12' title="bbox 406 869 1715 944; baseline 0.005 -22"><span class='ocrx_word' id='word_1_57' title='bbox 406 869 459 923; x_wconf 86' lang='lat' dir='ltr'><strong>Si</strong></span> <span class='ocrx_word' id='word_1_58' title='bbox 483 871 714 942; x_wconf 83' lang='lat' dir='ltr'><strong>quaeris,</strong></span> <span class='ocrx_word' id='word_1_59' title='bbox 749 871 835 924; x_wconf 90' lang='lat' dir='ltr'><strong>cui</strong></span> <span class='ocrx_word' id='word_1_60' title='bbox 859 870 957 925; x_wconf 82' lang='lat' dir='ltr'><strong>sint</strong></span> <span class='ocrx_word' id='word_1_61' title='bbox 982 869 1197 933; x_wconf 79' lang='lat' dir='ltr'><strong>similes3</strong></span> <span class='ocrx_word' id='word_1_62' title='bbox 1240 873 1576 944; x_wconf 80' lang='lat' dir='ltr'><strong>cognosceris</strong></span> <span class='ocrx_word' id='word_1_63' title='bbox 1602 874 1715 929; x_wconf 79' lang='lat' dir='ltr'><strong>illis.</strong></span> 
     </span>
     <span class='ocr_line' id='line_1_13' title="bbox 474 941 1686 1018; baseline 0.004 -23"><span class='ocrx_word' id='word_1_64' title='bbox 474 941 674 998; x_wconf 77' lang='lat' dir='ltr'><strong>Fallere</strong></span> <span class='ocrx_word' id='word_1_65' title='bbox 696 961 807 998; x_wconf 88' lang='lat' dir='ltr'><strong>non</strong></span> <span class='ocrx_word' id='word_1_66' title='bbox 829 954 1052 999; x_wconf 88' lang='lat' dir='ltr'><strong>norunt:</strong></span> <span class='ocrx_word' id='word_1_67' title='bbox 1093 957 1271 999; x_wconf 88' lang='lat' dir='ltr'><strong>cetera</strong></span> <span class='ocrx_word' id='word_1_68' title='bbox 1293 947 1454 1018; x_wconf 85' lang='lat' dir='ltr'><strong>patris</strong></span> <span class='ocrx_word' id='word_1_69' title='bbox 1476 945 1686 1000; x_wconf 84' lang='lat' dir='ltr'><strong>habent.</strong></span> 
     </span>
    </p>
   </div>
   <div class='ocr_carea' id='block_1_8' title="bbox 88 1145 1146 3175">
    <p class='ocr_par' dir='ltr' id='par_1_8' title="bbox 95 1145 1146 2002">
     <span class='ocr_line' id='line_1_14' title="bbox 107 1145 1145 1198; baseline -0.002 -13"><span class='ocrx_word' id='word_1_70' title='bbox 107 1146 286 1186; x_wconf 81' lang='lat' dir='ltr'><strong>veteribus</strong></span> <span class='ocrx_word' id='word_1_71' title='bbox 304 1145 520 1197; x_wconf 77' lang='lat' dir='ltr'><strong>quibusdam</strong></span> <span class='ocrx_word' id='word_1_72' title='bbox 541 1147 661 1193; x_wconf 87' lang='lat' dir='ltr'><strong>libris,</strong></span> <span class='ocrx_word' id='word_1_73' title='bbox 691 1153 750 1185; x_wconf 87' lang='lat' dir='ltr'><strong>Me</strong></span> <span class='ocrx_word' id='word_1_74' title='bbox 770 1161 900 1198; x_wconf 82' lang='lat' dir='ltr'><strong>quoque</strong></span> <span class='ocrx_word' id='word_1_75' title='bbox 915 1161 967 1184; x_wconf 83' lang='lat' dir='ltr'><strong>res</strong></span> <span class='ocrx_word' id='word_1_76' title='bbox 983 1145 1079 1184; x_wconf 82' lang='lat' dir='ltr'><strong>tales.</strong></span> <span class='ocrx_word' id='word_1_77' title='bbox 1106 1147 1145 1183; x_wconf 88' lang='lat' dir='ltr'><strong>in</strong></span> 
     </span>
     <span class='ocr_line' id='line_1_15' title="bbox 109 1198 1146 1251; baseline -0.001 -16"><span class='ocrx_word' id='word_1_78' title='bbox 109 1198 208 1242; x_wconf 87' lang='lat' dir='ltr'><strong>aliis,</strong></span> <span class='ocrx_word' id='word_1_79' title='bbox 238 1206 297 1236; x_wconf 87' lang='lat' dir='ltr'><strong>Me</strong></span> <span class='ocrx_word' id='word_1_80' title='bbox 321 1212 451 1249; x_wconf 75' lang='lat' dir='ltr'><strong>quoque</strong></span> <span class='ocrx_word' id='word_1_81' title='bbox 477 1199 566 1251; x_wconf 78' lang='lat' dir='ltr'><strong>quod</strong></span> <span class='ocrx_word' id='word_1_82' title='bbox 593 1200 688 1237; x_wconf 80' lang='lat' dir='ltr'><strong>tales.</strong></span> <span class='ocrx_word' id='word_1_83' title='bbox 716 1199 906 1249; x_wconf 86' lang='lat' dir='ltr'><strong>quodnam</strong></span> <span class='ocrx_word' id='word_1_84' title='bbox 931 1199 1066 1236; x_wconf 86' lang='lat' dir='ltr'><strong>horum</strong></span> <span class='ocrx_word' id='word_1_85' title='bbox 1090 1209 1146 1234; x_wconf 91' lang='lat' dir='ltr'><strong>re-</strong></span> 
     </span>
     <span class='ocr_line' id='line_1_16' title="bbox 111 1248 1146 1300; baseline -0.001 -14"><span class='ocrx_word' id='word_1_86' title='bbox 111 1248 201 1286; x_wconf 68' lang='lat' dir='ltr'><strong>stius</strong></span> <span class='ocrx_word' id='word_1_87' title='bbox 223 1249 265 1287; x_wconf 80' lang='lat' dir='ltr'><strong>sit</strong></span> <span class='ocrx_word' id='word_1_88' title='bbox 281 1278 292 1295; x_wconf 88' lang='lat'>‚</span> <span class='ocrx_word' id='word_1_89' title='bbox 314 1249 482 1299; x_wconf 87' lang='lat' dir='ltr'><strong>judicent</strong></span> <span class='ocrx_word' id='word_1_90' title='bbox 499 1251 570 1289; x_wconf 84' lang='lat' dir='ltr'><strong>alii.</strong></span> <span class='ocrx_word' id='word_1_91' title='bbox 607 1252 687 1300; x_wconf 84' lang='lat' dir='ltr'><strong>Ego</strong></span> <span class='ocrx_word' id='word_1_92' title='bbox 701 1279 712 1295; x_wconf 91' lang='lat'><strong>,</strong></span> <span class='ocrx_word' id='word_1_93' title='bbox 726 1261 882 1299; x_wconf 83' lang='lat' dir='ltr'><strong>quoquo</strong></span> <span class='ocrx_word' id='word_1_94' title='bbox 904 1249 1022 1286; x_wconf 88' lang='lat' dir='ltr'><strong>modo</strong></span> <span class='ocrx_word' id='word_1_95' title='bbox 1048 1249 1146 1297; x_wconf 80' lang='lat' dir='ltr'><strong>lega-</strong></span> 
     </span>
     <span class='ocr_line' id='line_1_17' title="bbox 108 1300 1145 1350; baseline 0.001 -15"><span class='ocrx_word' id='word_1_96' title='bbox 108 1306 189 1343; x_wconf 88' lang='lat' dir='ltr'><strong>tur,</strong></span> <span class='ocrx_word' id='word_1_97' title='bbox 216 1312 293 1337; x_wconf 89' lang='lat' dir='ltr'><strong>non</strong></span> <span class='ocrx_word' id='word_1_98' title='bbox 315 1300 417 1345; x_wconf 69' lang='lat' dir='ltr'><strong>satis,</strong></span> <span class='ocrx_word' id='word_1_99' title='bbox 444 1302 532 1350; x_wconf 90' lang='lat' dir='ltr'><strong>quid</strong></span> <span class='ocrx_word' id='word_1_100' title='bbox 562 1301 625 1338; x_wconf 84' lang='lat' dir='ltr'><strong>sibi</strong></span> <span class='ocrx_word' id='word_1_101' title='bbox 650 1302 735 1338; x_wconf 87' lang='lat' dir='ltr'><strong>velit</strong></span> <span class='ocrx_word' id='word_1_102' title='bbox 757 1300 939 1345; x_wconf 82' lang='lat' dir='ltr'><strong>Ovidius,</strong></span> <span class='ocrx_word' id='word_1_103' title='bbox 967 1300 1145 1348; x_wconf 75' lang='lat' dir='ltr'><strong>percipio.</strong></span> 
     </span>
     <span class='ocr_line' id='line_1_18' title="bbox 107 1350 1143 1401; baseline 0 -16"><span class='ocrx_word' id='word_1_104' title='bbox 107 1350 354 1388; x_wconf 57' lang='lat' dir='ltr'><strong>Naum—mus.</strong></span> <span class='ocrx_word' id='word_1_105' title='bbox 383 1352 547 1400; x_wconf 83' lang='lat' dir='ltr'>Quidam</span> <span class='ocrx_word' id='word_1_106' title='bbox 567 1351 715 1400; x_wconf 85' lang='lat' dir='ltr'><strong>legunt,</strong></span> <span class='ocrx_word' id='word_1_107' title='bbox 744 1357 804 1386; x_wconf 82' lang='lat' dir='ltr'><strong>Me</strong></span> <span class='ocrx_word' id='word_1_108' title='bbox 830 1363 960 1401; x_wconf 71' lang='lat' dir='ltr'><strong>quoque</strong></span> <span class='ocrx_word' id='word_1_109' title='bbox 976 1350 1066 1400; x_wconf 77' lang='lat' dir='ltr'><strong>qaod</strong></span> <span class='ocrx_word' id='word_1_110' title='bbox 1086 1359 1143 1385; x_wconf 86' lang='lat' dir='ltr'><strong>ta-</strong></span> 
     </span>
     <span class='ocr_line' id='line_1_19' title="bbox 104 1398 1140 1451; baseline 0.004 -17"><span class='ocrx_word' id='word_1_111' title='bbox 104 1398 159 1436; x_wconf 81' lang='lat' dir='ltr'><strong>les.</strong></span> <span class='ocrx_word' id='word_1_112' title='bbox 188 1413 297 1450; x_wconf 85' lang='lat' dir='ltr'><strong>quain</strong></span> <span class='ocrx_word' id='word_1_113' title='bbox 322 1401 521 1440; x_wconf 66' lang='lat' dir='ltr'><strong>leffionem</strong></span> <span class='ocrx_word' id='word_1_114' title='bbox 549 1402 689 1451; x_wconf 85' lang='lat' dir='ltr'><strong>prorsus</strong></span> <span class='ocrx_word' id='word_1_115' title='bbox 715 1401 857 1449; x_wconf 86' lang='lat' dir='ltr'><strong>respuo.</strong></span> <span class='ocrx_word' id='word_1_116' title='bbox 887 1401 961 1438; x_wconf 75' lang='lat' dir='ltr'><strong>Alii</strong></span> <span class='ocrx_word' id='word_1_117' title='bbox 990 1409 1140 1446; x_wconf 88' lang='lat' dir='ltr'><strong>autem,</strong></span> 
     </span>
     <span class='ocr_line' id='line_1_20' title="bbox 103 1451 1140 1502; baseline 0.003 -17"><span class='ocrx_word' id='word_1_118' title='bbox 103 1456 165 1486; x_wconf 86' lang='lat' dir='ltr'><strong>Me</strong></span> <span class='ocrx_word' id='word_1_119' title='bbox 185 1465 314 1502; x_wconf 76' lang='lat' dir='ltr'><strong>quoque</strong></span> <span class='ocrx_word' id='word_1_120' title='bbox 332 1466 383 1488; x_wconf 86' lang='lat' dir='ltr'><strong>res</strong></span> <span class='ocrx_word' id='word_1_121' title='bbox 399 1452 504 1497; x_wconf 83' lang='lat' dir='ltr'><strong>tales,</strong></span> <span class='ocrx_word' id='word_1_122' title='bbox 534 1454 606 1490; x_wconf 86' lang='lat' dir='ltr'><strong>&amp;c.</strong></span> <span class='ocrx_word' id='word_1_123' title='bbox 634 1454 743 1501; x_wconf 79' lang='lat' dir='ltr'><strong>Quae</strong></span> <span class='ocrx_word' id='word_1_124' title='bbox 764 1451 874 1489; x_wconf 68' lang='lat' dir='ltr'><strong>leffio</strong></span> <span class='ocrx_word' id='word_1_125' title='bbox 890 1480 899 1496; x_wconf 92' lang='lat'><em>‚</em></span> <span class='ocrx_word' id='word_1_126' title='bbox 927 1460 968 1490; x_wconf 90' lang='lat' dir='ltr'><strong>ut</strong></span> <span class='ocrx_word' id='word_1_127' title='bbox 988 1452 1140 1501; x_wconf 87' lang='lat' dir='ltr'><strong>quidem</strong></span> 
     </span>
     <span class='ocr_line' id='line_1_21' title="bbox 100 1500 1138 1552; baseline 0.002 -14"><span class='ocrx_word' id='word_1_128' title='bbox 100 1500 242 1549; x_wconf 79' lang='lat' dir='ltr'><strong>planior</strong></span> <span class='ocrx_word' id='word_1_129' title='bbox 266 1503 338 1547; x_wconf 88' lang='lat' dir='ltr'><strong>est,</strong></span> <span class='ocrx_word' id='word_1_130' title='bbox 365 1504 414 1541; x_wconf 88' lang='lat' dir='ltr'><strong>ita</strong></span> <span class='ocrx_word' id='word_1_131' title='bbox 441 1512 566 1541; x_wconf 83' lang='lat' dir='ltr'><strong>tamen</strong></span> <span class='ocrx_word' id='word_1_132' title='bbox 594 1503 791 1552; x_wconf 84' lang='lat' dir='ltr'><strong>fimplicior</strong></span> <span class='ocrx_word' id='word_1_133' title='bbox 820 1502 954 1540; x_wconf 79' lang='lat' dir='ltr'><strong>Aldina</strong></span> <span class='ocrx_word' id='word_1_134' title='bbox 972 1503 1138 1540; x_wconf 87' lang='lat' dir='ltr'><strong>videtur:</strong></span> 
     </span>
     <span class='ocr_line' id='line_1_22' title="bbox 101 1553 1140 1602; baseline 0 -13"><span class='ocrx_word' id='word_1_135' title='bbox 101 1563 213 1601; x_wconf 83' lang='lat' dir='ltr'><strong>quarn</strong></span> <span class='ocrx_word' id='word_1_136' title='bbox 236 1554 274 1590; x_wconf 66' lang='grc' dir='ltr'><strong>ὃς</strong></span> <span class='ocrx_word' id='word_1_137' title='bbox 293 1566 360 1591; x_wconf 82' lang='lat' dir='ltr'><strong>nos</strong></span> <span class='ocrx_word' id='word_1_138' title='bbox 381 1554 492 1592; x_wconf 85' lang='lat' dir='ltr'><strong>secuti</strong></span> <span class='ocrx_word' id='word_1_139' title='bbox 513 1555 657 1597; x_wconf 79' lang='lat' dir='ltr'><strong>sumus,</strong></span> <span class='ocrx_word' id='word_1_140' title='bbox 684 1563 724 1591; x_wconf 85' lang='lat' dir='ltr'><strong>ut</strong></span> <span class='ocrx_word' id='word_1_141' title='bbox 749 1554 922 1602; x_wconf 78' lang='lat' dir='ltr'><strong>particula</strong></span> <span class='ocrx_word' id='word_1_142' title='bbox 943 1553 1036 1598; x_wconf 76' lang='lat' dir='ltr'><strong>Jam</strong></span> <span class='ocrx_word' id='word_1_143' title='bbox 1060 1554 1140 1590; x_wconf 76' lang='grc' dir='ltr'><strong>ἐπι-</strong></span> 
     </span>
     <span class='ocr_line' id='line_1_23' title="bbox 100 1603 1139 1651; baseline 0.006 -14"><span class='ocrx_word' id='word_1_144' title='bbox 100 1604 275 1648; x_wconf 71' lang='grc' dir='ltr'><strong>λογικῶς,</strong></span> <span class='ocrx_word' id='word_1_145' title='bbox 304 1613 343 1640; x_wconf 90' lang='lat' dir='ltr'><strong>ut</strong></span> <span class='ocrx_word' id='word_1_146' title='bbox 360 1605 408 1640; x_wconf 85' lang='lat' dir='ltr'><strong>ita</strong></span> <span class='ocrx_word' id='word_1_147' title='bbox 431 1604 573 1646; x_wconf 87' lang='lat' dir='ltr'><strong>dicam,</strong></span> <span class='ocrx_word' id='word_1_148' title='bbox 599 1604 771 1641; x_wconf 77' lang='lat' dir='ltr'><strong>sumatur.</strong></span> <span class='ocrx_word' id='word_1_149' title='bbox 789 1605 840 1651; x_wconf 91' lang='lat' dir='ltr'><strong>Q.</strong></span> <span class='ocrx_word' id='word_1_150' title='bbox 857 1603 891 1640; x_wconf 85' lang='lat' dir='ltr'><strong>d.</strong></span> <span class='ocrx_word' id='word_1_151' title='bbox 913 1604 1013 1641; x_wconf 86' lang='lat' dir='ltr'><strong>Cum</strong></span> <span class='ocrx_word' id='word_1_152' title='bbox 1034 1616 1075 1641; x_wconf 80' lang='lat' dir='ltr'><strong>ea</strong></span> <span class='ocrx_word' id='word_1_153' title='bbox 1096 1605 1139 1643; x_wconf 87' lang='lat' dir='ltr'><strong>fit</strong></span> 
     </span>
     <span class='ocr_line' id='line_1_24' title="bbox 100 1653 1138 1700; baseline 0.004 -12"><span class='ocrx_word' id='word_1_154' title='bbox 100 1653 269 1690; x_wconf 77' lang='lat' dir='ltr'><strong>nobilitas</strong></span> <span class='ocrx_word' id='word_1_155' title='bbox 286 1665 456 1690; x_wconf 89' lang='lat' dir='ltr'><strong>meorum</strong></span> <span class='ocrx_word' id='word_1_156' title='bbox 471 1681 481 1697; x_wconf 93' lang='lat'>‚</span> <span class='ocrx_word' id='word_1_157' title='bbox 508 1662 606 1691; x_wconf 79' lang='lat' dir='ltr'><strong>tanta</strong></span> <span class='ocrx_word' id='word_1_158' title='bbox 627 1653 691 1690; x_wconf 84' lang='lat' dir='ltr'><strong>dos</strong></span> <span class='ocrx_word' id='word_1_159' title='bbox 715 1665 817 1695; x_wconf 85' lang='lat' dir='ltr'><strong>mea,</strong></span> <span class='ocrx_word' id='word_1_160' title='bbox 845 1653 952 1700; x_wconf 82' lang='lat' dir='ltr'><strong>poffis</strong></span> <span class='ocrx_word' id='word_1_161' title='bbox 969 1665 1046 1690; x_wconf 88' lang='lat' dir='ltr'><strong>non</strong></span> <span class='ocrx_word' id='word_1_162' title='bbox 1068 1656 1138 1692; x_wconf 88' lang='lat' dir='ltr'><strong>im-</strong></span> 
     </span>
     <span class='ocr_line' id='line_1_25' title="bbox 101 1702 1136 1753; baseline 0.005 -15"><span class='ocrx_word' id='word_1_163' title='bbox 101 1703 236 1740; x_wconf 82' lang='lat' dir='ltr'><strong>merito</strong></span> <span class='ocrx_word' id='word_1_164' title='bbox 267 1716 327 1741; x_wconf 87' lang='lat' dir='ltr'><strong>me</strong></span> <span class='ocrx_word' id='word_1_165' title='bbox 383 1716 506 1753; x_wconf 90' lang='lat' dir='ltr'><strong>uoque</strong></span> <span class='ocrx_word' id='word_1_166' title='bbox 539 1704 609 1747; x_wconf 85' lang='lat' dir='ltr'><strong>ob,</strong></span> <span class='ocrx_word' id='word_1_167' title='bbox 637 1703 696 1740; x_wconf 85' lang='lat' dir='ltr'><strong>vel</strong></span> <span class='ocrx_word' id='word_1_168' title='bbox 722 1704 818 1740; x_wconf 89' lang='lat' dir='ltr'><strong>inter</strong></span> <span class='ocrx_word' id='word_1_169' title='bbox 842 1702 926 1739; x_wconf 85' lang='lat' dir='ltr'><strong>talia</strong></span> <span class='ocrx_word' id='word_1_170' title='bbox 953 1715 995 1740; x_wconf 81' lang='lat' dir='ltr'><strong>ac</strong></span> <span class='ocrx_word' id='word_1_171' title='bbox 1012 1712 1136 1750; x_wconf 84' lang='lat' dir='ltr'><strong>tanta,</strong></span> 
     </span>
     <span class='ocr_line' id='line_1_26' title="bbox 99 1753 1136 1801; baseline 0.006 -14"><span class='ocrx_word' id='word_1_172' title='bbox 99 1759 135 1787; x_wconf 86' lang='lat' dir='ltr'><strong>te</strong></span> <span class='ocrx_word' id='word_1_173' title='bbox 157 1753 304 1801; x_wconf 86' lang='lat' dir='ltr'><strong>dignam</strong></span> <span class='ocrx_word' id='word_1_174' title='bbox 328 1766 347 1790; x_wconf 93' lang='lat' dir='ltr'><strong>e</strong></span> <span class='ocrx_word' id='word_1_175' title='bbox 378 1766 397 1790; x_wconf 90' lang='lat' dir='ltr'><strong>e</strong></span> <span class='ocrx_word' id='word_1_176' title='bbox 420 1754 624 1791; x_wconf 86' lang='lat' dir='ltr'><strong>existimare</strong></span> <span class='ocrx_word' id='word_1_177' title='bbox 644 1781 654 1796; x_wconf 93' lang='lat'>‚</span> <span class='ocrx_word' id='word_1_178' title='bbox 682 1755 754 1790; x_wconf 86' lang='lat' dir='ltr'><strong>&amp;c.</strong></span> <span class='ocrx_word' id='word_1_179' title='bbox 782 1753 1005 1790; x_wconf 55' lang='lat' dir='ltr'><strong>Mimans.</strong></span> <span class='ocrx_word' id='word_1_180' title='bbox 1035 1756 1136 1794; x_wconf 85' lang='lat' dir='ltr'><strong>Libri</strong></span> 
     </span>
     <span class='ocr_line' id='line_1_27' title="bbox 95 1801 1136 1854; baseline 0.003 -15"><span class='ocrx_word' id='word_1_181' title='bbox 95 1801 234 1849; x_wconf 84' lang='lat' dir='ltr'><strong>scripti,</strong></span> <span class='ocrx_word' id='word_1_182' title='bbox 264 1810 324 1839; x_wconf 83' lang='lat' dir='ltr'><strong>Me</strong></span> <span class='ocrx_word' id='word_1_183' title='bbox 349 1817 480 1854; x_wconf 70' lang='lat' dir='ltr'><strong>quoque</strong></span> <span class='ocrx_word' id='word_1_184' title='bbox 506 1804 596 1852; x_wconf 78' lang='lat' dir='ltr'><strong>qaod</strong></span> <span class='ocrx_word' id='word_1_185' title='bbox 621 1803 725 1847; x_wconf 82' lang='lat' dir='ltr'><strong>tales,</strong></span> <span class='ocrx_word' id='word_1_186' title='bbox 755 1804 812 1841; x_wconf 81' lang='lat' dir='ltr'><strong>vel</strong></span> <span class='ocrx_word' id='word_1_187' title='bbox 841 1817 892 1839; x_wconf 84' lang='lat' dir='ltr'><strong>res</strong></span> <span class='ocrx_word' id='word_1_188' title='bbox 910 1803 1006 1840; x_wconf 84' lang='lat' dir='ltr'><strong>tales.</strong></span> <span class='ocrx_word' id='word_1_189' title='bbox 1033 1806 1136 1854; x_wconf 88' lang='lat' dir='ltr'><strong>quod</strong></span> 
     </span>
     <span class='ocr_line' id='line_1_28' title="bbox 98 1852 1136 1902; baseline 0.005 -14"><span class='ocrx_word' id='word_1_190' title='bbox 98 1852 271 1900; x_wconf 87' lang='lat' dir='ltr'><strong>posterius</strong></span> <span class='ocrx_word' id='word_1_191' title='bbox 291 1853 422 1891; x_wconf 85' lang='lat' dir='ltr'><strong>arridet</strong></span> <span class='ocrx_word' id='word_1_192' title='bbox 441 1853 706 1902; x_wconf 75' lang='lat' dir='ltr'><strong>elegantissimo</strong></span> <span class='ocrx_word' id='word_1_193' title='bbox 729 1853 929 1890; x_wconf 87' lang='lat' dir='ltr'><strong>Gronovio</strong></span> <span class='ocrx_word' id='word_1_194' title='bbox 950 1855 987 1890; x_wconf 89' lang='lat' dir='ltr'><strong>in</strong></span> <span class='ocrx_word' id='word_1_195' title='bbox 1002 1855 1136 1893; x_wconf 87' lang='lat' dir='ltr'><strong>Obser-</strong></span> 
     </span>
     <span class='ocr_line' id='line_1_29' title="bbox 96 1903 1135 1954; baseline 0.005 -15"><span class='ocrx_word' id='word_1_196' title='bbox 96 1904 300 1942; x_wconf 86' lang='lat' dir='ltr'><strong>vationibus</strong></span> <span class='ocrx_word' id='word_1_197' title='bbox 320 1905 379 1941; x_wconf 89' lang='lat' dir='ltr'><strong>lib.</strong></span> <span class='ocrx_word' id='word_1_198' title='bbox 398 1917 450 1941; x_wconf 81' lang='lat' dir='ltr'><strong>xv.</strong></span> <span class='ocrx_word' id='word_1_199' title='bbox 471 1916 545 1952; x_wconf 76' lang='lat' dir='ltr'><strong>cap.</strong></span> <span class='ocrx_word' id='word_1_200' title='bbox 566 1916 625 1941; x_wconf 76' lang='lat' dir='ltr'><strong>xx.</strong></span> <span class='ocrx_word' id='word_1_201' title='bbox 646 1903 710 1952; x_wconf 88' lang='lat' dir='ltr'><strong>qui</strong></span> <span class='ocrx_word' id='word_1_202' title='bbox 730 1903 906 1940; x_wconf 82' lang='lat' dir='ltr'><strong>videatur.</strong></span> <span class='ocrx_word' id='word_1_203' title='bbox 930 1905 1135 1954; x_wconf 82' lang='lat' dir='ltr'><strong>Tanaquil-</strong></span> 
     </span>
     <span class='ocr_line' id='line_1_30' title="bbox 96 1952 1130 2002; baseline 0.004 -11"><span class='ocrx_word' id='word_1_204' title='bbox 96 1952 148 1992; x_wconf 86' lang='lat' dir='ltr'><strong>lus</strong></span> <span class='ocrx_word' id='word_1_205' title='bbox 168 1954 279 1992; x_wconf 81' lang='lat' dir='ltr'><strong>Faber</strong></span> <span class='ocrx_word' id='word_1_206' title='bbox 297 1956 391 1993; x_wconf 84' lang='lat' dir='ltr'><strong>notis</strong></span> <span class='ocrx_word' id='word_1_207' title='bbox 413 1955 450 1992; x_wconf 90' lang='lat' dir='ltr'><strong>in</strong></span> <span class='ocrx_word' id='word_1_208' title='bbox 471 1955 620 1991; x_wconf 83' lang='lat' dir='ltr'><strong>Lucret.</strong></span> <span class='ocrx_word' id='word_1_209' title='bbox 637 1953 698 1991; x_wconf 82' lang='lat' dir='ltr'><strong>lib.</strong></span> <span class='ocrx_word' id='word_1_210' title='bbox 715 1967 776 1991; x_wconf 84' lang='lat'><strong>111.</strong></span> <span class='ocrx_word' id='word_1_211' title='bbox 792 1966 828 2002; x_wconf 92' lang='lat' dir='ltr'><strong>p.</strong></span> <span class='ocrx_word' id='word_1_212' title='bbox 844 1954 928 2000; x_wconf 82' lang='lat'><strong>481.</strong></span> <span class='ocrx_word' id='word_1_213' title='bbox 949 1957 1130 1996; x_wconf 84' lang='lat' dir='ltr'><strong>tentabat:</strong></span> 
     </span>
    </p>

    <p class='ocr_par' dir='ltr' id='par_1_9' title="bbox 90 2003 1131 2757">
     <span class='ocr_line' id='line_1_31' title="bbox 151 2003 956 2055; baseline 0.002 -15"><span class='ocrx_word' id='word_1_214' title='bbox 151 2011 210 2041; x_wconf 78' lang='grc' dir='ltr'><strong>Με</strong></span> <span class='ocrx_word' id='word_1_215' title='bbox 229 2020 356 2055; x_wconf 79' lang='lat' dir='ltr'><strong>quoque</strong></span> <span class='ocrx_word' id='word_1_216' title='bbox 367 2007 446 2055; x_wconf 83' lang='lat' dir='ltr'><strong>jam</strong></span> <span class='ocrx_word' id='word_1_217' title='bbox 464 2016 591 2042; x_wconf 82' lang='lat' dir='ltr'><strong>matres</strong></span> <span class='ocrx_word' id='word_1_218' title='bbox 610 2005 701 2041; x_wconf 85' lang='lat' dir='ltr'><em>inter</em></span> <span class='ocrx_word' id='word_1_219' title='bbox 719 2003 841 2041; x_wconf 83' lang='lat' dir='ltr'><strong>habere</strong></span> <span class='ocrx_word' id='word_1_220' title='bbox 851 2013 956 2054; x_wconf 76' lang='lat' dir='ltr'><strong>poles.</strong></span> 
     </span>
     <span class='ocr_line' id='line_1_32' title="bbox 96 2053 1131 2105; baseline 0.005 -14"><span class='ocrx_word' id='word_1_221' title='bbox 96 2053 182 2101; x_wconf 42' lang='lat' dir='ltr'><strong>Jam.</strong></span> <span class='ocrx_word' id='word_1_222' title='bbox 198 2064 277 2093; x_wconf 88' lang='lat' dir='ltr'><strong>tum</strong></span> <span class='ocrx_word' id='word_1_223' title='bbox 289 2085 299 2100; x_wconf 95' lang='lat'>‚</span> <span class='ocrx_word' id='word_1_224' title='bbox 328 2069 411 2095; x_wconf 87' lang='lat' dir='ltr'><strong>cum</strong></span> <span class='ocrx_word' id='word_1_225' title='bbox 431 2057 522 2095; x_wconf 84' lang='lat' dir='ltr'><strong>haec</strong></span> <span class='ocrx_word' id='word_1_226' title='bbox 539 2056 712 2094; x_wconf 75' lang='lat' dir='ltr'><strong>scribebat</strong></span> <span class='ocrx_word' id='word_1_227' title='bbox 730 2055 936 2105; x_wconf 81' lang='lat' dir='ltr'><strong>Hypsipyle</strong></span> <span class='ocrx_word' id='word_1_228' title='bbox 950 2083 960 2099; x_wconf 92' lang='lat'>,</span> <span class='ocrx_word' id='word_1_229' title='bbox 988 2056 1131 2105; x_wconf 89' lang='lat' dir='ltr'><strong>prolem</strong></span> 
     </span>
     <span class='ocr_line' id='line_1_33' title="bbox 97 2103 1131 2156; baseline 0.005 -15"><span class='ocrx_word' id='word_1_230' title='bbox 97 2103 133 2141; x_wconf 80' lang='lat' dir='ltr'><strong>se</strong></span> <span class='ocrx_word' id='word_1_231' title='bbox 151 2105 322 2154; x_wconf 78' lang='lat' dir='ltr'><strong>peperisse</strong></span> <span class='ocrx_word' id='word_1_232' title='bbox 342 2108 536 2156; x_wconf 76' lang='lat' dir='ltr'><strong>gemellam</strong></span> <span class='ocrx_word' id='word_1_233' title='bbox 557 2108 594 2144; x_wconf 92' lang='lat' dir='ltr'><strong>in</strong></span> <span class='ocrx_word' id='word_1_234' title='bbox 613 2108 682 2145; x_wconf 81' lang='lat' dir='ltr'><strong>hac</strong></span> <span class='ocrx_word' id='word_1_235' title='bbox 701 2106 831 2143; x_wconf 86' lang='lat' dir='ltr'><strong>eadem</strong></span> <span class='ocrx_word' id='word_1_236' title='bbox 848 2107 969 2144; x_wconf 83' lang='lat' dir='ltr'><strong>innuit</strong></span> <span class='ocrx_word' id='word_1_237' title='bbox 986 2108 1131 2156; x_wconf 84' lang='lat' dir='ltr'><strong>Episto-</strong></span> 
     </span>
     <span class='ocr_line' id='line_1_34' title="bbox 95 2155 1129 2197; baseline 0.006 -6"><span class='ocrx_word' id='word_1_238' title='bbox 95 2155 141 2192; x_wconf 89' lang='lat' dir='ltr'><strong>la.</strong></span> <span class='ocrx_word' id='word_1_239' title='bbox 170 2157 248 2194; x_wconf 87' lang='lat' dir='ltr'><strong>Nos</strong></span> <span class='ocrx_word' id='word_1_240' title='bbox 276 2158 432 2196; x_wconf 84' lang='lat' dir='ltr'><strong>vetustos</strong></span> <span class='ocrx_word' id='word_1_241' title='bbox 461 2159 606 2196; x_wconf 86' lang='lat' dir='ltr'><strong>codices</strong></span> <span class='ocrx_word' id='word_1_242' title='bbox 633 2157 834 2195; x_wconf 85' lang='lat' dir='ltr'><strong>videamus.</strong></span> <span class='ocrx_word' id='word_1_243' title='bbox 868 2158 910 2194; x_wconf 87' lang='lat' dir='ltr'><strong>In</strong></span> <span class='ocrx_word' id='word_1_244' title='bbox 941 2158 1129 2197; x_wconf 86' lang='lat' dir='ltr'><strong>Puteaneo</strong></span> 
     </span>
     <span class='ocr_line' id='line_1_35' title="bbox 96 2208 1129 2259; baseline 0.005 -17"><span class='ocrx_word' id='word_1_245' title='bbox 96 2211 156 2242; x_wconf 79' lang='lat' dir='ltr'><strong>Me</strong></span> <span class='ocrx_word' id='word_1_246' title='bbox 166 2221 294 2258; x_wconf 75' lang='lat' dir='ltr'><strong>qaoque</strong></span> <span class='ocrx_word' id='word_1_247' title='bbox 309 2223 330 2259; x_wconf 76' lang='lat' dir='ltr'><strong>q</strong></span> <span class='ocrx_word' id='word_1_248' title='bbox 335 2238 436 2247; x_wconf 89' lang='grc'><strong>.........</strong></span> <span class='ocrx_word' id='word_1_249' title='bbox 447 2209 500 2246; x_wconf 86' lang='lat' dir='ltr'><strong>lis.</strong></span> <span class='ocrx_word' id='word_1_250' title='bbox 520 2208 622 2246; x_wconf 79' lang='lat' dir='ltr'><strong>erasis</strong></span> <span class='ocrx_word' id='word_1_251' title='bbox 643 2209 700 2252; x_wconf 85' lang='lat' dir='ltr'><strong>iis,</strong></span> <span class='ocrx_word' id='word_1_252' title='bbox 713 2220 806 2257; x_wconf 85' lang='lat' dir='ltr'><strong>quae</strong></span> <span class='ocrx_word' id='word_1_253' title='bbox 827 2220 891 2257; x_wconf 90' lang='lat' dir='ltr'><strong>per</strong></span> <span class='ocrx_word' id='word_1_254' title='bbox 912 2209 1046 2256; x_wconf 65' lang='lat' dir='ltr'><strong>pune&#39;ta</strong></span> <span class='ocrx_word' id='word_1_255' title='bbox 1066 2210 1129 2247; x_wconf 92' lang='lat' dir='ltr'><strong>de-</strong></span> 
     </span>
     <span class='ocr_line' id='line_1_36' title="bbox 94 2255 1129 2305; baseline 0.005 -12"><span class='ocrx_word' id='word_1_256' title='bbox 94 2255 284 2305; x_wconf 73' lang='lat' dir='ltr'><strong>signantur.</strong></span> <span class='ocrx_word' id='word_1_257' title='bbox 322 2260 430 2298; x_wconf 88' lang='lat' dir='ltr'><strong>Unde</strong></span> <span class='ocrx_word' id='word_1_258' title='bbox 459 2261 687 2298; x_wconf 63' lang='lat' dir='ltr'><strong>Mezen-acus</strong></span> <span class='ocrx_word' id='word_1_259' title='bbox 719 2265 778 2295; x_wconf 84' lang='lat' dir='ltr'><strong>Me</strong></span> <span class='ocrx_word' id='word_1_260' title='bbox 802 2273 853 2295; x_wconf 84' lang='lat' dir='ltr'><strong>res</strong></span> <span class='ocrx_word' id='word_1_261' title='bbox 879 2259 1007 2296; x_wconf 84' lang='lat' dir='ltr'><strong>dotales</strong></span> <span class='ocrx_word' id='word_1_262' title='bbox 1038 2272 1129 2298; x_wconf 86' lang='lat' dir='ltr'><strong>con-</strong></span> 
     </span>
     <span class='ocr_line' id='line_1_37' title="bbox 94 2309 1129 2361; baseline 0.005 -18"><span class='ocrx_word' id='word_1_263' title='bbox 94 2309 225 2346; x_wconf 76' lang='lat' dir='ltr'><strong>cinnat.</strong></span> <span class='ocrx_word' id='word_1_264' title='bbox 254 2310 441 2348; x_wconf 73' lang='lat' dir='ltr'><strong>Salmasius</strong></span> <span class='ocrx_word' id='word_1_265' title='bbox 462 2317 520 2347; x_wconf 85' lang='lat' dir='ltr'><strong>Me</strong></span> <span class='ocrx_word' id='word_1_266' title='bbox 541 2324 672 2361; x_wconf 71' lang='lat' dir='ltr'><strong>quoqne</strong></span> <span class='ocrx_word' id='word_1_267' title='bbox 691 2309 819 2346; x_wconf 81' lang='lat' dir='ltr'><strong>dotales</strong></span> <span class='ocrx_word' id='word_1_268' title='bbox 844 2310 957 2354; x_wconf 79' lang='lat' dir='ltr'><strong>inter,</strong></span> <span class='ocrx_word' id='word_1_269' title='bbox 984 2323 1051 2359; x_wconf 84' lang='lat' dir='ltr'><strong>pro</strong></span> <span class='ocrx_word' id='word_1_270' title='bbox 1069 2312 1129 2348; x_wconf 86' lang='lat' dir='ltr'><strong>do-</strong></span> 
     </span>
     <span class='ocr_line' id='line_1_38' title="bbox 93 2361 1127 2411; baseline 0.008 -18"><span class='ocrx_word' id='word_1_271' title='bbox 93 2367 198 2396; x_wconf 84' lang='lat' dir='ltr'><strong>tatas.</strong></span> <span class='ocrx_word' id='word_1_272' title='bbox 233 2368 273 2398; x_wconf 90' lang='lat' dir='ltr'><strong>ut</strong></span> <span class='ocrx_word' id='word_1_273' title='bbox 300 2375 350 2398; x_wconf 86' lang='lat' dir='ltr'><strong>res</strong></span> <span class='ocrx_word' id='word_1_274' title='bbox 381 2361 509 2399; x_wconf 84' lang='lat' dir='ltr'><strong>dotales</strong></span> <span class='ocrx_word' id='word_1_275' title='bbox 544 2362 864 2411; x_wconf 77' lang='lat' dir='ltr'><strong>subintelligantur.</strong></span> <span class='ocrx_word' id='word_1_276' title='bbox 901 2362 988 2399; x_wconf 85' lang='lat' dir='ltr'><strong>Hoc</strong></span> <span class='ocrx_word' id='word_1_277' title='bbox 1015 2362 1127 2401; x_wconf 87' lang='lat' dir='ltr'><strong>sensu.</strong></span> 
     </span>
     <span class='ocr_line' id='line_1_39' title="bbox 92 2410 1127 2462; baseline 0.004 -15"><span class='ocrx_word' id='word_1_278' title='bbox 92 2410 180 2448; x_wconf 91' lang='lat' dir='ltr'><strong>Non</strong></span> <span class='ocrx_word' id='word_1_279' title='bbox 198 2418 339 2449; x_wconf 88' lang='lat' dir='ltr'><strong>tantum</strong></span> <span class='ocrx_word' id='word_1_280' title='bbox 354 2413 520 2450; x_wconf 82' lang='lat' dir='ltr'><strong>Lemnos</strong></span> <span class='ocrx_word' id='word_1_281' title='bbox 536 2413 600 2450; x_wconf 89' lang='lat' dir='ltr'><strong>tibi</strong></span> <span class='ocrx_word' id='word_1_282' title='bbox 620 2412 749 2450; x_wconf 78' lang='lat' dir='ltr'><strong>dotalis</strong></span> <span class='ocrx_word' id='word_1_283' title='bbox 768 2413 834 2449; x_wconf 90' lang='lat' dir='ltr'><strong>erit</strong></span> <span class='ocrx_word' id='word_1_284' title='bbox 846 2411 925 2456; x_wconf 89' lang='lat' dir='ltr'><strong>,sed</strong></span> <span class='ocrx_word' id='word_1_285' title='bbox 943 2424 1013 2461; x_wconf 81' lang='lat' dir='ltr'><strong>ego</strong></span> <span class='ocrx_word' id='word_1_286' title='bbox 1030 2425 1127 2462; x_wconf 90' lang='lat' dir='ltr'><strong>quo-</strong></span> 
     </span>
     <span class='ocr_line' id='line_1_40' title="bbox 92 2463 1127 2514; baseline 0.002 -14"><span class='ocrx_word' id='word_1_287' title='bbox 92 2473 164 2511; x_wconf 89' lang='lat' dir='ltr'><strong>que</strong></span> <span class='ocrx_word' id='word_1_288' title='bbox 183 2464 262 2513; x_wconf 73' lang='lat' dir='ltr'><strong>ipsa.</strong></span> <span class='ocrx_word' id='word_1_289' title='bbox 291 2465 398 2513; x_wconf 85' lang='lat' dir='ltr'><strong>Quae</strong></span> <span class='ocrx_word' id='word_1_290' title='bbox 419 2465 628 2514; x_wconf 65' lang='lat' dir='ltr'><strong>conjeecura</strong></span> <span class='ocrx_word' id='word_1_291' title='bbox 647 2463 695 2501; x_wconf 71' lang='lat' dir='ltr'><strong>fir:</strong></span> <span class='ocrx_word' id='word_1_292' title='bbox 713 2463 763 2500; x_wconf 89' lang='lat' dir='ltr'><strong>illi</strong></span> <span class='ocrx_word' id='word_1_293' title='bbox 781 2463 916 2512; x_wconf 77' lang='lat' dir='ltr'><strong>placuit</strong></span> <span class='ocrx_word' id='word_1_294' title='bbox 929 2491 939 2507; x_wconf 95' lang='lat'>‚</span> <span class='ocrx_word' id='word_1_295' title='bbox 967 2471 1008 2501; x_wconf 89' lang='lat' dir='ltr'><strong>ut</strong></span> <span class='ocrx_word' id='word_1_296' title='bbox 1025 2476 1127 2502; x_wconf 83' lang='lat' dir='ltr'><strong>eam-</strong></span> 
     </span>
     <span class='ocr_line' id='line_1_41' title="bbox 91 2513 1126 2558; baseline 0.001 -7"><span class='ocrx_word' id='word_1_297' title='bbox 91 2513 176 2552; x_wconf 88' lang='lat' dir='ltr'><strong>dem</strong></span> <span class='ocrx_word' id='word_1_298' title='bbox 201 2515 485 2553; x_wconf 82' lang='lat' dir='ltr'><strong>Commentariis</strong></span> <span class='ocrx_word' id='word_1_299' title='bbox 509 2516 553 2553; x_wconf 90' lang='lat' dir='ltr'><strong>de</strong></span> <span class='ocrx_word' id='word_1_300' title='bbox 574 2515 691 2553; x_wconf 88' lang='lat' dir='ltr'><strong>modo</strong></span> <span class='ocrx_word' id='word_1_301' title='bbox 710 2515 895 2553; x_wconf 80' lang='lat' dir='ltr'><strong>usurarum</strong></span> <span class='ocrx_word' id='word_1_302' title='bbox 909 2542 919 2558; x_wconf 88' lang='lat'><strong>,</strong></span> <span class='ocrx_word' id='word_1_303' title='bbox 948 2514 1126 2552; x_wconf 87' lang='lat' dir='ltr'><strong>&amp;libello</strong></span> 
     </span>
     <span class='ocr_line' id='line_1_42' title="bbox 90 2564 1126 2614; baseline 0.003 -13"><span class='ocrx_word' id='word_1_304' title='bbox 90 2564 253 2604; x_wconf 83' lang='lat' dir='ltr'><strong>adversus</strong></span> <span class='ocrx_word' id='word_1_305' title='bbox 281 2565 608 2604; x_wconf 56' lang='lat' dir='ltr'><strong>XVissembachium</strong></span> <span class='ocrx_word' id='word_1_306' title='bbox 633 2567 737 2614; x_wconf 87' lang='lat' dir='ltr'><strong>super</strong></span> <span class='ocrx_word' id='word_1_307' title='bbox 762 2565 883 2603; x_wconf 89' lang='lat' dir='ltr'><strong>mutui</strong></span> <span class='ocrx_word' id='word_1_308' title='bbox 904 2564 1126 2604; x_wconf 79' lang='lat' dir='ltr'><strong>alienatione</strong></span> 
     </span>
     <span class='ocr_line' id='line_1_43' title="bbox 90 2615 1124 2666; baseline 0 -15"><span class='ocrx_word' id='word_1_309' title='bbox 90 2615 287 2655; x_wconf 85' lang='lat' dir='ltr'><strong>inculcarit.</strong></span> <span class='ocrx_word' id='word_1_310' title='bbox 312 2629 381 2654; x_wconf 90' lang='lat' dir='ltr'><strong>nec</strong></span> <span class='ocrx_word' id='word_1_311' title='bbox 411 2618 561 2660; x_wconf 87' lang='lat' dir='ltr'><strong>melius,</strong></span> <span class='ocrx_word' id='word_1_312' title='bbox 589 2617 692 2666; x_wconf 88' lang='lat' dir='ltr'><strong>quod</strong></span> <span class='ocrx_word' id='word_1_313' title='bbox 720 2629 786 2665; x_wconf 87' lang='lat' dir='ltr'><strong>pro</strong></span> <span class='ocrx_word' id='word_1_314' title='bbox 814 2627 906 2652; x_wconf 83' lang='lat' dir='ltr'><strong>terra</strong></span> <span class='ocrx_word' id='word_1_315' title='bbox 933 2615 1124 2664; x_wconf 79' lang='lat' dir='ltr'><strong>ingeniosa,</strong></span> 
     </span>
     <span class='ocr_line' id='line_1_44' title="bbox 90 2664 1125 2717; baseline 0.005 -17"><span class='ocrx_word' id='word_1_316' title='bbox 90 2664 260 2706; x_wconf 80' lang='lat' dir='ltr'><strong>substituit</strong></span> <span class='ocrx_word' id='word_1_317' title='bbox 288 2668 472 2717; x_wconf 78' lang='lat' dir='ltr'><strong>invidiosa.</strong></span> <span class='ocrx_word' id='word_1_318' title='bbox 510 2669 613 2717; x_wconf 89' lang='lat' dir='ltr'><strong>Quid</strong></span> <span class='ocrx_word' id='word_1_319' title='bbox 649 2680 736 2717; x_wconf 82' lang='lat' dir='ltr'><strong>ergo</strong></span> <span class='ocrx_word' id='word_1_320' title='bbox 759 2666 775 2704; x_wconf 83' lang='lat'>?</span> <span class='ocrx_word' id='word_1_321' title='bbox 810 2667 936 2705; x_wconf 87' lang='lat' dir='ltr'><strong>Scribo</strong></span> <span class='ocrx_word' id='word_1_322' title='bbox 970 2667 1125 2706; x_wconf 86' lang='lat' dir='ltr'><strong>minima</strong></span> 
     </span>
     <span class='ocr_line' id='line_1_45' title="bbox 92 2724 661 2757; baseline 0.014 -7"><span class='ocrx_word' id='word_1_323' title='bbox 92 2724 316 2757; x_wconf 79' lang='lat' dir='ltr'><strong>mutatione:</strong></span> <span class='ocrx_word' id='word_1_324' title='bbox 653 2750 661 2757; x_wconf 88' lang='lat'><strong>.</strong></span> 
     </span>
    </p>

    <p class='ocr_par' dir='ltr' id='par_1_10' title="bbox 88 2769 1124 2954">
     <span class='ocr_line' id='line_1_46' title="bbox 144 2769 978 2820; baseline 0.001 -17"><span class='ocrx_word' id='word_1_325' title='bbox 144 2772 202 2803; x_wconf 87' lang='lat' dir='ltr'><strong>Me</strong></span> <span class='ocrx_word' id='word_1_326' title='bbox 222 2784 369 2820; x_wconf 75' lang='lat' dir='ltr'><strong>quoque,</strong></span> <span class='ocrx_word' id='word_1_327' title='bbox 392 2780 474 2819; x_wconf 84' lang='lat' dir='ltr'><strong>quot</strong></span> <span class='ocrx_word' id='word_1_328' title='bbox 492 2769 577 2807; x_wconf 84' lang='lat' dir='ltr'><strong>tales</strong></span> <span class='ocrx_word' id='word_1_329' title='bbox 590 2799 599 2815; x_wconf 94' lang='lat'>,</span> <span class='ocrx_word' id='word_1_330' title='bbox 618 2769 710 2807; x_wconf 78' lang='lat' dir='ltr'><strong>inter</strong></span> <span class='ocrx_word' id='word_1_331' title='bbox 730 2769 851 2806; x_wconf 80' lang='lat' dir='ltr'><strong>habere</strong></span> <span class='ocrx_word' id='word_1_332' title='bbox 864 2772 978 2817; x_wconf 77' lang='lat' dir='ltr'><strong>potes!</strong></span> 
     </span>
     <span class='ocr_line' id='line_1_47' title="bbox 92 2814 1124 2870; baseline 0.006 -19"><span class='ocrx_word' id='word_1_333' title='bbox 92 2814 180 2853; x_wconf 85' lang='lat' dir='ltr'><strong>Hoc</strong></span> <span class='ocrx_word' id='word_1_334' title='bbox 196 2819 293 2864; x_wconf 75' lang='lat' dir='ltr'><strong>vult,</strong></span> <span class='ocrx_word' id='word_1_335' title='bbox 317 2833 446 2869; x_wconf 81' lang='lat' dir='ltr'><strong>paucas</strong></span> <span class='ocrx_word' id='word_1_336' title='bbox 466 2820 535 2858; x_wconf 86' lang='lat' dir='ltr'><strong>effe</strong></span> <span class='ocrx_word' id='word_1_337' title='bbox 561 2833 655 2870; x_wconf 80' lang='lat' dir='ltr'><strong>quae</strong></span> <span class='ocrx_word' id='word_1_338' title='bbox 675 2821 797 2858; x_wconf 87' lang='lat' dir='ltr'><strong>secum</strong></span> <span class='ocrx_word' id='word_1_339' title='bbox 820 2821 1023 2868; x_wconf 85' lang='lat' dir='ltr'><strong>comparari</strong></span> <span class='ocrx_word' id='word_1_340' title='bbox 1040 2820 1124 2868; x_wconf 90' lang='lat' dir='ltr'><strong>pos-</strong></span> 
     </span>
     <span class='ocr_line' id='line_1_48' title="bbox 88 2865 1119 2953; baseline 0.007 -52"><span class='ocrx_word' id='word_1_341' title='bbox 88 2865 320 2953; x_wconf 42' lang='grc' dir='ltr'><strong>111111έ13111101.</strong></span> <span class='ocrx_word' id='word_1_342' title='bbox 343 2870 403 2909; x_wconf 88' lang='lat' dir='ltr'><strong>lib.</strong></span> <span class='ocrx_word' id='word_1_343' title='bbox 437 2885 480 2909; x_wconf 84' lang='lat'><strong>11.</strong></span> <span class='ocrx_word' id='word_1_344' title='bbox 506 2872 608 2921; x_wconf 83' lang='lat' dir='ltr'><strong>Eleg.</strong></span> <span class='ocrx_word' id='word_1_345' title='bbox 641 2884 692 2909; x_wconf 76' lang='lat' dir='ltr'><strong>xx.</strong></span> <span class='ocrx_word' id='word_1_346' title='bbox 721 2882 947 2924; x_wconf 79' lang='lat' dir='ltr'><strong>quamquam</strong></span> <span class='ocrx_word' id='word_1_347' title='bbox 976 2870 1119 2908; x_wconf 81' lang='lat' dir='ltr'><strong>diverso</strong></span> 
     </span>
     <span class='ocr_line' id='line_1_49' title="bbox 106 2928 214 2954; baseline 0.019 -2"><span class='ocrx_word' id='word_1_348' title='bbox 106 2928 147 2952; x_wconf 74' lang='lat' dir='ltr'><strong>en</strong></span> <span class='ocrx_word' id='word_1_349' title='bbox 168 2930 190 2953; x_wconf 89' lang='lat' dir='ltr'><strong>u</strong></span> <span class='ocrx_word' id='word_1_350' title='bbox 207 2931 214 2954; x_wconf 91' lang='lat'>:</span> 
     </span>
    </p>

    <p class='ocr_par' dir='ltr' id='par_1_11' title="bbox 144 2969 1121 3066">
     <span class='ocr_line' id='line_1_50' title="bbox 144 2969 1121 3066; baseline 0.006 -62"><span class='ocrx_word' id='word_1_351' title='bbox 144 2969 360 3066; x_wconf 39' lang='lat' dir='ltr'><strong>Qamhvkr..</strong></span> <span class='ocrx_word' id='word_1_352' title='bbox 377 2985 480 3020; x_wconf 77' lang='lat' dir='ltr'><strong>qaam</strong></span> <span class='ocrx_word' id='word_1_353' title='bbox 501 2973 600 3021; x_wconf 85' lang='lat' dir='ltr'><strong>custos</strong></span> <span class='ocrx_word' id='word_1_354' title='bbox 614 3002 624 3019; x_wconf 88' lang='lat'>‚</span> <span class='ocrx_word' id='word_1_355' title='bbox 645 2987 752 3024; x_wconf 75' lang='lat' dir='ltr'><strong>quam</strong></span> <span class='ocrx_word' id='word_1_356' title='bbox 762 2975 878 3024; x_wconf 70' lang='lat' dir='ltr'><strong>jamra</strong></span> <span class='ocrx_word' id='word_1_357' title='bbox 891 2971 1002 3020; x_wconf 84' lang='lat' dir='ltr'><strong>firma</strong></span> <span class='ocrx_word' id='word_1_358' title='bbox 1023 2971 1121 3022; x_wconf 72' lang='lat' dir='ltr'><strong>(quot</strong></span> 
     </span>
    </p>

    <p class='ocr_par' dir='ltr' id='par_1_12' title="bbox 194 3026 938 3125">
     <span class='ocr_line' id='line_1_51' title="bbox 294 3026 416 3067; baseline 0.008 -13"><span class='ocrx_word' id='word_1_359' title='bbox 294 3033 308 3054; x_wconf 94' lang='lat' dir='ltr'><strong>o</strong></span> <span class='ocrx_word' id='word_1_360' title='bbox 331 3026 392 3057; x_wconf 69' lang='lat' dir='ltr'><strong>res!</strong></span> <span class='ocrx_word' id='word_1_361' title='bbox 405 3026 416 3067; x_wconf 96' lang='lat'>)</span> 
     </span>
     <span class='ocr_line' id='line_1_52' title="bbox 194 3071 938 3125; baseline 0.007 -20"><span class='ocrx_word' id='word_1_362' title='bbox 194 3071 387 3107; x_wconf 70' lang='lat' dir='ltr'><strong>Servaoant</strong></span> <span class='ocrx_word' id='word_1_363' title='bbox 401 3098 410 3113; x_wconf 91' lang='lat'><em>‚</em></span> <span class='ocrx_word' id='word_1_364' title='bbox 443 3085 482 3107; x_wconf 83' lang='lat' dir='ltr'><strong>ne</strong></span> <span class='ocrx_word' id='word_1_365' title='bbox 498 3073 568 3121; x_wconf 66' lang='lat' dir='ltr'><strong>q&#39;tca*</strong></span> <span class='ocrx_word' id='word_1_366' title='bbox 579 3075 677 3125; x_wconf 80' lang='lat' dir='ltr'><strong>posset</strong></span> <span class='ocrx_word' id='word_1_367' title='bbox 694 3075 737 3112; x_wconf 79' lang='lat' dir='ltr'><strong>ab</strong></span> <span class='ocrx_word' id='word_1_368' title='bbox 757 3086 832 3113; x_wconf 86' lang='lat' dir='ltr'><strong>arte</strong></span> <span class='ocrx_word' id='word_1_369' title='bbox 854 3073 938 3124; x_wconf 81' lang='lat' dir='ltr'><strong>capi.</strong></span> 
     </span>
    </p>

    <p class='ocr_par' dir='ltr' id='par_1_13' title="bbox 91 3118 1118 3175">
     <span class='ocr_line' id='line_1_53' title="bbox 91 3118 1118 3175; baseline 0.004 -18"><span class='ocrx_word' id='word_1_370' title='bbox 91 3118 145 3157; x_wconf 86' lang='lat' dir='ltr'><strong>Ita</strong></span> <span class='ocrx_word' id='word_1_371' title='bbox 167 3131 270 3158; x_wconf 73' lang='lat' dir='ltr'><strong>vetus</strong></span> <span class='ocrx_word' id='word_1_372' title='bbox 291 3121 420 3158; x_wconf 81' lang='lat' dir='ltr'><strong>codex.</strong></span> <span class='ocrx_word' id='word_1_373' title='bbox 440 3121 564 3160; x_wconf 75' lang='lat' dir='ltr'><strong>Florus</strong></span> <span class='ocrx_word' id='word_1_374' title='bbox 586 3137 614 3162; x_wconf 89' lang='lat'><strong>1.</strong></span> <span class='ocrx_word' id='word_1_375' title='bbox 637 3138 666 3162; x_wconf 86' lang='lat' dir='ltr'><strong>c.</strong></span> <span class='ocrx_word' id='word_1_376' title='bbox 686 3127 719 3163; x_wconf 78' lang='lat'><strong>6.</strong></span> <span class='ocrx_word' id='word_1_377' title='bbox 746 3133 837 3164; x_wconf 76' lang='lat' dir='ltr'><strong>Cum</strong></span> <span class='ocrx_word' id='word_1_378' title='bbox 854 3135 913 3175; x_wconf 84' lang='lat' dir='ltr'><strong>per</strong></span> <span class='ocrx_word' id='word_1_379' title='bbox 930 3125 990 3161; x_wconf 82' lang='lat' dir='ltr'><strong>hoc</strong></span> <span class='ocrx_word' id='word_1_380' title='bbox 1009 3124 1118 3162; x_wconf 86' lang='lat' dir='ltr'><strong>inter-</strong></span> 
     </span>
    </p>
   </div>
   <div class='ocr_carea' id='block_1_9' title="bbox 2070 1018 2247 1095">
    <p class='ocr_par' dir='ltr' id='par_1_14' title="bbox 2070 1018 2247 1095">
     <span class='ocr_line' id='line_1_54' title="bbox 2070 1018 2247 1095; baseline 0.023 -20"><span class='ocrx_word' id='word_1_381' title='bbox 2070 1018 2247 1095; x_wconf 43' lang='lat' dir='ltr'><strong>Legae</strong></span> 
     </span>
    </p>
   </div>
   <div class='ocr_carea' id='block_1_10' title="bbox 1179 1145 2244 2866">
    <p class='ocr_par' dir='ltr' id='par_1_15' title="bbox 1198 1145 2069 1196">
     <span class='ocr_line' id='line_1_55' title="bbox 1198 1145 2069 1196; baseline 0.003 -13"><span class='ocrx_word' id='word_1_382' title='bbox 1198 1147 1348 1194; x_wconf 86' lang='lat' dir='ltr'><strong>gurinus</strong></span> <span class='ocrx_word' id='word_1_383' title='bbox 1365 1146 1463 1196; x_wconf 85' lang='lat' dir='ltr'><strong>apud</strong></span> <span class='ocrx_word' id='word_1_384' title='bbox 1481 1146 1642 1185; x_wconf 86' lang='lat' dir='ltr'><strong>Plinium</strong></span> <span class='ocrx_word' id='word_1_385' title='bbox 1662 1146 1721 1184; x_wconf 91' lang='lat' dir='ltr'><strong>lib.</strong></span> <span class='ocrx_word' id='word_1_386' title='bbox 1743 1159 1796 1185; x_wconf 73' lang='lat' dir='ltr'><strong>iv.</strong></span> <span class='ocrx_word' id='word_1_387' title='bbox 1815 1145 1927 1196; x_wconf 84' lang='lat' dir='ltr'><strong>Epist.</strong></span> <span class='ocrx_word' id='word_1_388' title='bbox 1947 1157 2069 1186; x_wconf 79' lang='lat' dir='ltr'><strong>xxvn.</strong></span> 
     </span>
    </p>

    <p class='ocr_par' dir='ltr' id='par_1_16' title="bbox 1253 1198 1815 1248">
     <span class='ocr_line' id='line_1_56' title="bbox 1253 1198 1815 1248; baseline 0.002 -15"><span class='ocrx_word' id='word_1_389' title='bbox 1253 1203 1346 1234; x_wconf 82' lang='lat' dir='ltr'><em>Unus</em></span> <span class='ocrx_word' id='word_1_390' title='bbox 1362 1198 1499 1234; x_wconf 76' lang='lat' dir='ltr'><strong>Plinius</strong></span> <span class='ocrx_word' id='word_1_391' title='bbox 1517 1198 1559 1246; x_wconf 82' lang='lat' dir='ltr'><strong>est</strong></span> <span class='ocrx_word' id='word_1_392' title='bbox 1577 1198 1667 1234; x_wconf 75' lang='lat' dir='ltr'><strong>mihi</strong></span> <span class='ocrx_word' id='word_1_393' title='bbox 1682 1198 1815 1248; x_wconf 80' lang='lat' dir='ltr'><strong>prioris.</strong></span> 
     </span>
    </p>

    <p class='ocr_par' dir='ltr' id='par_1_17' title="bbox 1254 1246 1846 1298">
     <span class='ocr_line' id='line_1_57' title="bbox 1254 1246 1846 1298; baseline 0.002 -14"><span class='ocrx_word' id='word_1_394' title='bbox 1254 1248 1406 1284; x_wconf 73' lang='lat' dir='ltr'><strong>Mavult</strong></span> <span class='ocrx_word' id='word_1_395' title='bbox 1422 1246 1601 1298; x_wconf 75' lang='lat' dir='ltr'><strong>versiculos</strong></span> <span class='ocrx_word' id='word_1_396' title='bbox 1615 1251 1690 1298; x_wconf 81' lang='lat' dir='ltr'><strong>foro</strong></span> <span class='ocrx_word' id='word_1_397' title='bbox 1710 1248 1824 1285; x_wconf 56' lang='lat' dir='ltr'><strong>relil‘lo</strong></span> <span class='ocrx_word' id='word_1_398' title='bbox 1836 1277 1846 1293; x_wconf 95' lang='lat'>,</span> 
     </span>
    </p>

    <p class='ocr_par' dir='ltr' id='par_1_18' title="bbox 1252 1300 2041 1349">
     <span class='ocr_line' id='line_1_58' title="bbox 1252 1300 2041 1349; baseline 0.005 -15"><span class='ocrx_word' id='word_1_399' title='bbox 1252 1303 1300 1334; x_wconf 86' lang='lat' dir='ltr'><strong>Et</strong></span> <span class='ocrx_word' id='word_1_400' title='bbox 1319 1300 1456 1347; x_wconf 78' lang='lat' dir='ltr'><strong>quaerit</strong></span> <span class='ocrx_word' id='word_1_401' title='bbox 1474 1300 1564 1349; x_wconf 75' lang='lat' dir='ltr'><strong>quod</strong></span> <span class='ocrx_word' id='word_1_402' title='bbox 1583 1310 1677 1336; x_wconf 78' lang='lat' dir='ltr'><strong>amet</strong></span> <span class='ocrx_word' id='word_1_403' title='bbox 1689 1328 1699 1345; x_wconf 86' lang='lat'><strong><em>,</em></strong></span> <span class='ocrx_word' id='word_1_404' title='bbox 1720 1309 1893 1349; x_wconf 73' lang='lat' dir='ltr'><strong>putatque</strong></span> <span class='ocrx_word' id='word_1_405' title='bbox 1909 1312 2041 1339; x_wconf 85' lang='lat' dir='ltr'><strong>amare.</strong></span> 
     </span>
    </p>

    <p class='ocr_par' dir='ltr' id='par_1_19' title="bbox 1253 1348 1910 1399">
     <span class='ocr_line' id='line_1_59' title="bbox 1253 1348 1910 1399; baseline 0.002 -15"><span class='ocrx_word' id='word_1_406' title='bbox 1253 1348 1316 1384; x_wconf 75' lang='lat' dir='ltr'><strong>Ille</strong></span> <span class='ocrx_word' id='word_1_407' title='bbox 1338 1349 1354 1384; x_wconf 81' lang='grc' dir='ltr'><em>ὂ</em></span> <span class='ocrx_word' id='word_1_408' title='bbox 1372 1349 1509 1385; x_wconf 66' lang='lat' dir='ltr'><strong>Plinius</strong></span> <span class='ocrx_word' id='word_1_409' title='bbox 1522 1377 1532 1393; x_wconf 91' lang='lat'>‚</span> <span class='ocrx_word' id='word_1_410' title='bbox 1558 1349 1616 1386; x_wconf 83' lang='lat' dir='ltr'><strong>ille</strong></span> <span class='ocrx_word' id='word_1_411' title='bbox 1635 1360 1716 1399; x_wconf 79' lang='lat' dir='ltr'><strong>quot</strong></span> <span class='ocrx_word' id='word_1_412' title='bbox 1735 1354 1910 1386; x_wconf 79' lang='lat' dir='ltr'><strong>Catones!</strong></span> 
     </span>
    </p>

    <p class='ocr_par' dir='ltr' id='par_1_20' title="bbox 1193 1399 2244 1754">
     <span class='ocr_line' id='line_1_60' title="bbox 1253 1399 1976 1450; baseline 0.004 -15"><span class='ocrx_word' id='word_1_413' title='bbox 1253 1405 1273 1435; x_wconf 86' lang='lat' dir='ltr'><em>I</em></span> <span class='ocrx_word' id='word_1_414' title='bbox 1288 1413 1381 1436; x_wconf 79' lang='lat' dir='ltr'><strong>nunc</strong></span> <span class='ocrx_word' id='word_1_415' title='bbox 1395 1428 1405 1444; x_wconf 92' lang='lat'>,</span> <span class='ocrx_word' id='word_1_416' title='bbox 1432 1399 1586 1450; x_wconf 72' lang='lat' dir='ltr'><strong>quisquis</strong></span> <span class='ocrx_word' id='word_1_417' title='bbox 1602 1414 1702 1436; x_wconf 80' lang='lat' dir='ltr'><strong>amas</strong></span> <span class='ocrx_word' id='word_1_418' title='bbox 1715 1428 1725 1444; x_wconf 91' lang='lat'><strong><em>‚</em></strong></span> <span class='ocrx_word' id='word_1_419' title='bbox 1753 1414 1873 1436; x_wconf 81' lang='lat' dir='ltr'><strong>amare</strong></span> <span class='ocrx_word' id='word_1_420' title='bbox 1894 1400 1976 1438; x_wconf 85' lang='lat' dir='ltr'><strong>noli.</strong></span> 
     </span>
     <span class='ocr_line' id='line_1_61' title="bbox 1199 1450 2244 1500; baseline 0.004 -13"><span class='ocrx_word' id='word_1_421' title='bbox 1199 1450 1289 1488; x_wconf 85' lang='lat' dir='ltr'><strong>Hoc</strong></span> <span class='ocrx_word' id='word_1_422' title='bbox 1318 1450 1387 1494; x_wconf 88' lang='lat' dir='ltr'><strong>est,</strong></span> <span class='ocrx_word' id='word_1_423' title='bbox 1414 1451 1479 1500; x_wconf 91' lang='lat' dir='ltr'><strong>qui</strong></span> <span class='ocrx_word' id='word_1_424' title='bbox 1509 1462 1601 1488; x_wconf 83' lang='lat' dir='ltr'><strong>unus</strong></span> <span class='ocrx_word' id='word_1_425' title='bbox 1628 1451 1737 1488; x_wconf 82' lang='lat' dir='ltr'><strong>habet</strong></span> <span class='ocrx_word' id='word_1_426' title='bbox 1763 1451 1869 1488; x_wconf 82' lang='lat' dir='ltr'><strong>instar</strong></span> <span class='ocrx_word' id='word_1_427' title='bbox 1896 1451 2100 1490; x_wconf 88' lang='lat' dir='ltr'><strong>multorum</strong></span> <span class='ocrx_word' id='word_1_428' title='bbox 2126 1451 2244 1492; x_wconf 84' lang='lat' dir='ltr'><strong>Cato-</strong></span> 
     </span>
     <span class='ocr_line' id='line_1_62' title="bbox 1197 1501 2242 1542; baseline 0.003 -4"><span class='ocrx_word' id='word_1_429' title='bbox 1197 1513 1299 1538; x_wconf 90' lang='lat' dir='ltr'><strong>num.</strong></span> <span class='ocrx_word' id='word_1_430' title='bbox 1337 1501 1390 1538; x_wconf 88' lang='lat' dir='ltr'><strong>Ita</strong></span> <span class='ocrx_word' id='word_1_431' title='bbox 1416 1501 1536 1539; x_wconf 83' lang='lat' dir='ltr'><strong>versus</strong></span> <span class='ocrx_word' id='word_1_432' title='bbox 1564 1502 1618 1539; x_wconf 85' lang='lat' dir='ltr'><strong>isti</strong></span> <span class='ocrx_word' id='word_1_433' title='bbox 1644 1514 1687 1539; x_wconf 83' lang='lat' dir='ltr'><strong>ex</strong></span> <span class='ocrx_word' id='word_1_434' title='bbox 1713 1503 1914 1539; x_wconf 83' lang='lat' dir='ltr'><strong>veterrimo</strong></span> <span class='ocrx_word' id='word_1_435' title='bbox 1942 1501 2034 1540; x_wconf 87' lang='lat' dir='ltr'><strong>libro</strong></span> <span class='ocrx_word' id='word_1_436' title='bbox 2064 1504 2242 1542; x_wconf 87' lang='lat' dir='ltr'><strong>Mediceo</strong></span> 
     </span>
     <span class='ocr_line' id='line_1_63' title="bbox 1194 1551 2243 1602; baseline 0.003 -14"><span class='ocrx_word' id='word_1_437' title='bbox 1194 1551 1275 1588; x_wconf 89' lang='lat' dir='ltr'><strong>sunt</strong></span> <span class='ocrx_word' id='word_1_438' title='bbox 1293 1551 1523 1596; x_wconf 87' lang='lat' dir='ltr'><strong>restituendi,</strong></span> <span class='ocrx_word' id='word_1_439' title='bbox 1551 1551 1617 1589; x_wconf 80' lang='lat' dir='ltr'><strong>nifi</strong></span> <span class='ocrx_word' id='word_1_440' title='bbox 1644 1552 1747 1602; x_wconf 92' lang='lat' dir='ltr'><strong>quod</strong></span> <span class='ocrx_word' id='word_1_441' title='bbox 1771 1553 1971 1590; x_wconf 86' lang='lat' dir='ltr'><strong>minimum</strong></span> <span class='ocrx_word' id='word_1_442' title='bbox 1992 1553 2097 1591; x_wconf 82' lang='lat' dir='ltr'><strong>nobis</strong></span> <span class='ocrx_word' id='word_1_443' title='bbox 2121 1554 2243 1592; x_wconf 88' lang='lat' dir='ltr'><strong>indul-</strong></span> 
     </span>
     <span class='ocr_line' id='line_1_64' title="bbox 1194 1601 2242 1652; baseline 0.002 -13"><span class='ocrx_word' id='word_1_444' title='bbox 1194 1601 1303 1639; x_wconf 82' lang='lat' dir='ltr'><strong>fimus</strong></span> <span class='ocrx_word' id='word_1_445' title='bbox 1321 1630 1331 1646; x_wconf 95' lang='lat'>,</span> <span class='ocrx_word' id='word_1_446' title='bbox 1356 1601 1572 1651; x_wconf 88' lang='lat' dir='ltr'><strong>reponendo</strong></span> <span class='ocrx_word' id='word_1_447' title='bbox 1602 1613 1684 1652; x_wconf 75' lang='lat' dir='ltr'><strong>quot</strong></span> <span class='ocrx_word' id='word_1_448' title='bbox 1702 1631 1712 1647; x_wconf 94' lang='lat'>‚</span> <span class='ocrx_word' id='word_1_449' title='bbox 1738 1615 1804 1651; x_wconf 89' lang='lat' dir='ltr'><strong>pro</strong></span> <span class='ocrx_word' id='word_1_450' title='bbox 1825 1603 1916 1651; x_wconf 79' lang='lat' dir='ltr'><strong>quod</strong></span> <span class='ocrx_word' id='word_1_451' title='bbox 1937 1608 2093 1640; x_wconf 82' lang='lat' dir='ltr'><strong>Catones.</strong></span> <span class='ocrx_word' id='word_1_452' title='bbox 2121 1605 2146 1639; x_wconf 84' lang='lat' dir='ltr'><em>d</em></span> <span class='ocrx_word' id='word_1_453' title='bbox 2165 1605 2199 1641; x_wconf 87' lang='lat' dir='ltr'><strong>in</strong></span> <span class='ocrx_word' id='word_1_454' title='bbox 2225 1615 2242 1641; x_wconf 82' lang='lat' dir='ltr'><strong>t</strong></span> 
     </span>
     <span class='ocr_line' id='line_1_65' title="bbox 1196 1653 2243 1702; baseline 0.003 -14"><span class='ocrx_word' id='word_1_455' title='bbox 1196 1660 1339 1690; x_wconf 83' lang='lat' dir='ltr'><strong>mutato</strong></span> <span class='ocrx_word' id='word_1_456' title='bbox 1352 1680 1361 1695; x_wconf 91' lang='lat'>‚</span> <span class='ocrx_word' id='word_1_457' title='bbox 1390 1653 1454 1702; x_wconf 90' lang='lat' dir='ltr'><strong>qui</strong></span> <span class='ocrx_word' id='word_1_458' title='bbox 1472 1664 1571 1690; x_wconf 89' lang='lat' dir='ltr'><strong>error</strong></span> <span class='ocrx_word' id='word_1_459' title='bbox 1590 1653 1638 1689; x_wconf 88' lang='lat' dir='ltr'><strong>est</strong></span> <span class='ocrx_word' id='word_1_460' title='bbox 1654 1654 1974 1701; x_wconf 82' lang='lat' dir='ltr'><strong>frequentiffimus.</strong></span> <span class='ocrx_word' id='word_1_461' title='bbox 2002 1653 2027 1690; x_wconf 91' lang='lat' dir='ltr'><strong>fi</strong></span> <span class='ocrx_word' id='word_1_462' title='bbox 2048 1654 2243 1702; x_wconf 59' lang='lat' dir='ltr'><strong>conjectu-v</strong></span> 
     </span>
     <span class='ocr_line' id='line_1_66' title="bbox 1193 1703 2203 1754; baseline 0.002 -14"><span class='ocrx_word' id='word_1_463' title='bbox 1193 1713 1230 1740; x_wconf 82' lang='lat' dir='ltr'><strong>ra</strong></span> <span class='ocrx_word' id='word_1_464' title='bbox 1248 1704 1367 1740; x_wconf 84' lang='lat' dir='ltr'><strong>nostra</strong></span> <span class='ocrx_word' id='word_1_465' title='bbox 1383 1703 1421 1740; x_wconf 89' lang='lat' dir='ltr'><strong>in</strong></span> <span class='ocrx_word' id='word_1_466' title='bbox 1443 1703 1598 1740; x_wconf 84' lang='lat' dir='ltr'><strong>Nasonis</strong></span> <span class='ocrx_word' id='word_1_467' title='bbox 1618 1703 1692 1740; x_wconf 88' lang='lat' dir='ltr'><strong>hoe</strong></span> <span class='ocrx_word' id='word_1_468' title='bbox 1710 1703 1798 1740; x_wconf 88' lang='lat' dir='ltr'><strong>loco</strong></span> <span class='ocrx_word' id='word_1_469' title='bbox 1819 1715 1897 1740; x_wconf 92' lang='lat' dir='ltr'><strong>non</strong></span> <span class='ocrx_word' id='word_1_470' title='bbox 1916 1703 2068 1750; x_wconf 85' lang='lat' dir='ltr'><strong>arridet,</strong></span> <span class='ocrx_word' id='word_1_471' title='bbox 2097 1703 2203 1754; x_wconf 82' lang='lat' dir='ltr'><strong>lege:</strong></span> 
     </span>
    </p>

    <p class='ocr_par' dir='ltr' id='par_1_21' title="bbox 1193 1752 1981 1851">
     <span class='ocr_line' id='line_1_67' title="bbox 1246 1752 1981 1802; baseline 0.005 -14"><span class='ocrx_word' id='word_1_472' title='bbox 1246 1760 1307 1788; x_wconf 83' lang='lat' dir='ltr'><strong>Me</strong></span> <span class='ocrx_word' id='word_1_473' title='bbox 1326 1767 1456 1802; x_wconf 74' lang='lat' dir='ltr'><strong>quoque</strong></span> <span class='ocrx_word' id='word_1_474' title='bbox 1477 1753 1615 1789; x_wconf 81' lang='lat' dir='ltr'><strong>dotatas</strong></span> <span class='ocrx_word' id='word_1_475' title='bbox 1634 1753 1725 1790; x_wconf 88' lang='lat' dir='ltr'><strong>inter</strong></span> <span class='ocrx_word' id='word_1_476' title='bbox 1741 1752 1864 1789; x_wconf 82' lang='lat' dir='ltr'><strong>habere</strong></span> <span class='ocrx_word' id='word_1_477' title='bbox 1873 1763 1981 1802; x_wconf 86' lang='lat' dir='ltr'><strong>potes.</strong></span> 
     </span>
     <span class='ocr_line' id='line_1_68' title="bbox 1193 1800 1669 1851; baseline 0.002 -12"><span class='ocrx_word' id='word_1_478' title='bbox 1193 1800 1252 1840; x_wconf 84' lang='lat' dir='ltr'><strong>Sic</strong></span> <span class='ocrx_word' id='word_1_479' title='bbox 1268 1803 1433 1851; x_wconf 87' lang='lat' dir='ltr'><strong>Propert.</strong></span> <span class='ocrx_word' id='word_1_480' title='bbox 1458 1816 1488 1840; x_wconf 90' lang='lat'><strong>1.</strong></span> <span class='ocrx_word' id='word_1_481' title='bbox 1512 1804 1616 1851; x_wconf 81' lang='lat' dir='ltr'><strong>Eleg.</strong></span> <span class='ocrx_word' id='word_1_482' title='bbox 1634 1803 1669 1840; x_wconf 86' lang='lat'><strong>8.</strong></span> 
     </span>
    </p>

    <p class='ocr_par' dir='ltr' id='par_1_22' title="bbox 1189 1852 1951 1955">
     <span class='ocr_line' id='line_1_69' title="bbox 1243 1852 1951 1904; baseline 0.004 -14"><span class='ocrx_word' id='word_1_483' title='bbox 1243 1858 1395 1890; x_wconf 82' lang='lat' dir='ltr'><strong>Dotatae</strong></span> <span class='ocrx_word' id='word_1_484' title='bbox 1411 1867 1553 1903; x_wconf 81' lang='lat' dir='ltr'><strong>regnum</strong></span> <span class='ocrx_word' id='word_1_485' title='bbox 1574 1863 1676 1890; x_wconf 77' lang='lat' dir='ltr'><strong>vetus</strong></span> <span class='ocrx_word' id='word_1_486' title='bbox 1693 1852 1951 1904; x_wconf 81' lang='lat' dir='ltr'><strong>Hippodamiae.</strong></span> 
     </span>
     <span class='ocr_line' id='line_1_70' title="bbox 1189 1902 1571 1955; baseline 0.003 -14"><span class='ocrx_word' id='word_1_487' title='bbox 1189 1902 1309 1942; x_wconf 81' lang='lat' dir='ltr'><strong>Poffet</strong></span> <span class='ocrx_word' id='word_1_488' title='bbox 1333 1906 1372 1942; x_wconf 66' lang='grc' dir='ltr'>ἃ</span> <span class='ocrx_word' id='word_1_489' title='bbox 1391 1905 1571 1955; x_wconf 85' lang='lat' dir='ltr'><strong>castigari:</strong></span> 
     </span>
    </p>

    <p class='ocr_par' dir='ltr' id='par_1_23' title="bbox 1189 1954 2004 2055">
     <span class='ocr_line' id='line_1_71' title="bbox 1240 1954 2004 2007; baseline 0.001 -15"><span class='ocrx_word' id='word_1_490' title='bbox 1240 1962 1342 1992; x_wconf 80' lang='lat' dir='ltr'><strong>Hanc</strong></span> <span class='ocrx_word' id='word_1_491' title='bbox 1360 1970 1490 2007; x_wconf 74' lang='lat' dir='ltr'><strong>quoque</strong></span> <span class='ocrx_word' id='word_1_492' title='bbox 1509 1955 1637 1992; x_wconf 85' lang='lat' dir='ltr'><strong>dotales</strong></span> <span class='ocrx_word' id='word_1_493' title='bbox 1654 1955 1745 1993; x_wconf 80' lang='lat' dir='ltr'><strong>inter</strong></span> <span class='ocrx_word' id='word_1_494' title='bbox 1763 1954 1885 1992; x_wconf 77' lang='lat' dir='ltr'><strong>habere</strong></span> <span class='ocrx_word' id='word_1_495' title='bbox 1898 1964 2004 2005; x_wconf 81' lang='lat' dir='ltr'><strong>potes.</strong></span> 
     </span>
     <span class='ocr_line' id='line_1_72' title="bbox 1189 2006 1959 2055; baseline 0.004 -14"><span class='ocrx_word' id='word_1_496' title='bbox 1189 2006 1367 2044; x_wconf 87' lang='lat' dir='ltr'><strong>Lemnon</strong></span> <span class='ocrx_word' id='word_1_497' title='bbox 1390 2007 1579 2050; x_wconf 88' lang='lat' dir='ltr'><strong>videlicet;</strong></span> <span class='ocrx_word' id='word_1_498' title='bbox 1601 2015 1643 2044; x_wconf 88' lang='lat' dir='ltr'><strong>ut</strong></span> <span class='ocrx_word' id='word_1_499' title='bbox 1661 2007 1753 2055; x_wconf 85' lang='lat' dir='ltr'><strong>supr.</strong></span> <span class='ocrx_word' id='word_1_500' title='bbox 1777 2006 1885 2055; x_wconf 88' lang='lat' dir='ltr'><strong>Epist.</strong></span> <span class='ocrx_word' id='word_1_501' title='bbox 1905 2020 1959 2045; x_wconf 77' lang='lat' dir='ltr'><strong>iv.</strong></span> 
     </span>
    </p>

    <p class='ocr_par' dir='ltr' id='par_1_24' title="bbox 1184 2056 2233 2348">
     <span class='ocr_line' id='line_1_73' title="bbox 1236 2056 2057 2106; baseline 0.006 -15"><span class='ocrx_word' id='word_1_502' title='bbox 1236 2057 1294 2104; x_wconf 83' lang='lat' dir='ltr'><strong>Est</strong></span> <span class='ocrx_word' id='word_1_503' title='bbox 1311 2057 1400 2094; x_wconf 82' lang='lat' dir='ltr'><em>mihi</em></span> <span class='ocrx_word' id='word_1_504' title='bbox 1421 2057 1546 2094; x_wconf 85' lang='lat' dir='ltr'><strong>dotalis</strong></span> <span class='ocrx_word' id='word_1_505' title='bbox 1565 2057 1667 2094; x_wconf 79' lang='lat' dir='ltr'><strong>tellus</strong></span> <span class='ocrx_word' id='word_1_506' title='bbox 1685 2057 1795 2103; x_wconf 78' lang='lat' dir='ltr'><strong>Jovis</strong></span> <span class='ocrx_word' id='word_1_507' title='bbox 1810 2056 1925 2106; x_wconf 82' lang='lat' dir='ltr'><strong>insula</strong></span> <span class='ocrx_word' id='word_1_508' title='bbox 1942 2059 2057 2097; x_wconf 61' lang='lat' dir='ltr'><strong>Crete:</strong></span> 
     </span>
     <span class='ocr_line' id='line_1_74' title="bbox 1187 2107 2231 2156; baseline 0.005 -13"><span class='ocrx_word' id='word_1_509' title='bbox 1187 2107 1322 2156; x_wconf 88' lang='lat' dir='ltr'><strong>Neque</strong></span> <span class='ocrx_word' id='word_1_510' title='bbox 1349 2107 1510 2156; x_wconf 84' lang='lat' dir='ltr'><strong>displicet</strong></span> <span class='ocrx_word' id='word_1_511' title='bbox 1535 2115 1661 2146; x_wconf 83' lang='lat' dir='ltr'><strong>tamen</strong></span> <span class='ocrx_word' id='word_1_512' title='bbox 1688 2107 1949 2146; x_wconf 87' lang='lat' dir='ltr'><strong>Salmafianum</strong></span> <span class='ocrx_word' id='word_1_513' title='bbox 1975 2137 1986 2153; x_wconf 92' lang='lat'>‚</span> <span class='ocrx_word' id='word_1_514' title='bbox 2025 2118 2065 2146; x_wconf 90' lang='lat' dir='ltr'><strong>ut</strong></span> <span class='ocrx_word' id='word_1_515' title='bbox 2093 2108 2127 2147; x_wconf 91' lang='lat' dir='ltr'><strong>se</strong></span> <span class='ocrx_word' id='word_1_516' title='bbox 2154 2121 2231 2148; x_wconf 90' lang='lat' dir='ltr'><strong>non</strong></span> 
     </span>
     <span class='ocr_line' id='line_1_75' title="bbox 1185 2157 2233 2208; baseline 0.004 -14"><span class='ocrx_word' id='word_1_517' title='bbox 1185 2165 1261 2194; x_wconf 85' lang='lat' dir='ltr'><strong>tam</strong></span> <span class='ocrx_word' id='word_1_518' title='bbox 1293 2157 1452 2194; x_wconf 82' lang='lat' dir='ltr'><strong>dotatam</strong></span> <span class='ocrx_word' id='word_1_519' title='bbox 1475 2187 1485 2203; x_wconf 92' lang='lat'>,</span> <span class='ocrx_word' id='word_1_520' title='bbox 1522 2171 1634 2208; x_wconf 87' lang='lat' dir='ltr'><strong>quam</strong></span> <span class='ocrx_word' id='word_1_521' title='bbox 1671 2157 1823 2194; x_wconf 85' lang='lat' dir='ltr'><strong>dotalem</strong></span> <span class='ocrx_word' id='word_1_522' title='bbox 1853 2159 1982 2196; x_wconf 88' lang='lat' dir='ltr'><strong>innuat</strong></span> <span class='ocrx_word' id='word_1_523' title='bbox 2013 2159 2233 2208; x_wconf 76' lang='lat' dir='ltr'><strong>Hypsipyle.</strong></span> 
     </span>
     <span class='ocr_line' id='line_1_76' title="bbox 1185 2207 2226 2258; baseline 0.005 -15"><span class='ocrx_word' id='word_1_524' title='bbox 1185 2207 1370 2244; x_wconf 83' lang='lat' dir='ltr'><strong>Dotaliam</strong></span> <span class='ocrx_word' id='word_1_525' title='bbox 1382 2208 1567 2257; x_wconf 77' lang='lat' dir='ltr'><strong>servorum</strong></span> <span class='ocrx_word' id='word_1_526' title='bbox 1585 2211 1756 2258; x_wconf 81' lang='lat' dir='ltr'><strong>frequens</strong></span> <span class='ocrx_word' id='word_1_527' title='bbox 1776 2210 1814 2246; x_wconf 91' lang='lat' dir='ltr'><strong>in</strong></span> <span class='ocrx_word' id='word_1_528' title='bbox 1829 2209 1912 2258; x_wconf 89' lang='lat' dir='ltr'><strong>jure</strong></span> <span class='ocrx_word' id='word_1_529' title='bbox 1934 2211 2088 2247; x_wconf 89' lang='lat' dir='ltr'><strong>mentio.</strong></span> <span class='ocrx_word' id='word_1_530' title='bbox 2116 2210 2226 2258; x_wconf 84' lang='lat' dir='ltr'><strong>Apud</strong></span> 
     </span>
     <span class='ocr_line' id='line_1_77' title="bbox 1184 2259 2228 2309; baseline 0.003 -14"><span class='ocrx_word' id='word_1_531' title='bbox 1184 2259 1355 2296; x_wconf 86' lang='lat' dir='ltr'><strong>Plautum</strong></span> <span class='ocrx_word' id='word_1_532' title='bbox 1392 2270 1544 2309; x_wconf 90' lang='lat' dir='ltr'><strong>quoque</strong></span> <span class='ocrx_word' id='word_1_533' title='bbox 1570 2288 1580 2305; x_wconf 95' lang='lat'><strong>,</strong></span> <span class='ocrx_word' id='word_1_534' title='bbox 1633 2260 1837 2309; x_wconf 72' lang='lat' dir='ltr'><strong>Apulejum</strong></span> <span class='ocrx_word' id='word_1_535' title='bbox 1885 2261 1924 2297; x_wconf 92' lang='lat'>&amp;</span> <span class='ocrx_word' id='word_1_536' title='bbox 1970 2260 2228 2298; x_wconf 83' lang='lat' dir='ltr'><strong>Claudianum.</strong></span> 
     </span>
     <span class='ocr_line' id='line_1_78' title="bbox 1185 2310 1394 2348; baseline 0.01 -2"><span class='ocrx_word' id='word_1_537' title='bbox 1185 2310 1394 2348; x_wconf 65' lang='lat' dir='ltr'><strong>Hfimsxus.</strong></span> 
     </span>
    </p>

    <p class='ocr_par' dir='ltr' id='par_1_25' title="bbox 1184 2360 2226 2462">
     <span class='ocr_line' id='line_1_79' title="bbox 1239 2360 2226 2411; baseline 0.002 -15"><span class='ocrx_word' id='word_1_538' title='bbox 1239 2372 1319 2408; x_wconf 88' lang='lat'><strong>119.</strong></span> <span class='ocrx_word' id='word_1_539' title='bbox 1348 2366 1498 2398; x_wconf 82' lang='lat' dir='ltr'><strong>Gratare</strong></span> <span class='ocrx_word' id='word_1_540' title='bbox 1516 2361 1699 2406; x_wconf 73' lang='lat' dir='ltr'><strong>ambobus,</strong></span> <span class='ocrx_word' id='word_1_541' title='bbox 1720 2360 1854 2411; x_wconf 57' lang='lat' dir='ltr'><strong>lafin]</strong></span> <span class='ocrx_word' id='word_1_542' title='bbox 1883 2361 2002 2399; x_wconf 76' lang='lat' dir='ltr'><strong>Barth.</strong></span> <span class='ocrx_word' id='word_1_543' title='bbox 2019 2360 2063 2398; x_wconf 85' lang='lat' dir='ltr'><strong>ad</strong></span> <span class='ocrx_word' id='word_1_544' title='bbox 2083 2360 2168 2399; x_wconf 80' lang='lat' dir='ltr'><strong>Stat.</strong></span> <span class='ocrx_word' id='word_1_545' title='bbox 2186 2371 2226 2399; x_wconf 83' lang='lat' dir='ltr'><strong>v.</strong></span> 
     </span>
     <span class='ocr_line' id='line_1_80' title="bbox 1184 2410 1710 2462; baseline 0.004 -14"><span class='ocrx_word' id='word_1_546' title='bbox 1184 2410 1308 2449; x_wconf 90' lang='lat' dir='ltr'><strong>Theb.</strong></span> <span class='ocrx_word' id='word_1_547' title='bbox 1326 2423 1408 2462; x_wconf 83' lang='lat'><strong>713.</strong></span> <span class='ocrx_word' id='word_1_548' title='bbox 1435 2414 1484 2450; x_wconf 89' lang='lat' dir='ltr'><strong>ita</strong></span> <span class='ocrx_word' id='word_1_549' title='bbox 1507 2413 1710 2462; x_wconf 81' lang='lat' dir='ltr'><strong>distinguit:</strong></span> 
     </span>
    </p>

    <p class='ocr_par' dir='ltr' id='par_1_26' title="bbox 1478 2460 1944 2509">
     <span class='ocr_line' id='line_1_81' title="bbox 1478 2460 1944 2509; baseline -0.006 -9"><span class='ocrx_word' id='word_1_550' title='bbox 1478 2469 1628 2500; x_wconf 81' lang='lat' dir='ltr'><strong>Gratare</strong></span> <span class='ocrx_word' id='word_1_551' title='bbox 1645 2461 1820 2499; x_wconf 77' lang='lat' dir='ltr'><strong>ambobus.</strong></span> <span class='ocrx_word' id='word_1_552' title='bbox 1848 2460 1944 2509; x_wconf 77' lang='lat' dir='ltr'><strong>Iafim</strong></span> 
     </span>
    </p>

    <p class='ocr_par' dir='ltr' id='par_1_27' title="bbox 1233 2511 2178 2561">
     <span class='ocr_line' id='line_1_82' title="bbox 1233 2511 2178 2561; baseline 0 -13"><span class='ocrx_word' id='word_1_553' title='bbox 1233 2511 1346 2549; x_wconf 83' lang='lat' dir='ltr'><strong>Dulce</strong></span> <span class='ocrx_word' id='word_1_554' title='bbox 1361 2513 1450 2550; x_wconf 82' lang='lat' dir='ltr'><em>mihi</em></span> <span class='ocrx_word' id='word_1_555' title='bbox 1462 2515 1633 2561; x_wconf 81' lang='lat' dir='ltr'><strong>gravidae</strong></span> <span class='ocrx_word' id='word_1_556' title='bbox 1638 2515 1773 2559; x_wconf 81' lang='lat' dir='ltr'><strong>fecerat</strong></span> <span class='ocrx_word' id='word_1_557' title='bbox 1791 2515 1909 2548; x_wconf 56' lang='lat' dir='ltr'><strong>auclor</strong></span> <span class='ocrx_word' id='word_1_558' title='bbox 1926 2525 2021 2548; x_wconf 80' lang='lat' dir='ltr'><strong>onus.</strong></span> <span class='ocrx_word' id='word_1_559' title='bbox 2175 2551 2178 2556; x_wconf 37' lang='lat'><strong><em>¹</em></strong></span> 
     </span>
    </p>

    <p class='ocr_par' dir='ltr' id='par_1_28' title="bbox 1181 2562 2224 2714">
     <span class='ocr_line' id='line_1_83' title="bbox 1238 2562 2224 2613; baseline -0.001 -13"><span class='ocrx_word' id='word_1_560' title='bbox 1238 2575 1318 2612; x_wconf 77' lang='lat'><strong>123.</strong></span> <span class='ocrx_word' id='word_1_561' title='bbox 1347 2565 1381 2600; x_wconf 80' lang='lat' dir='ltr'><strong>Si</strong></span> <span class='ocrx_word' id='word_1_562' title='bbox 1398 2563 1584 2613; x_wconf 73' lang='lat' dir='ltr'><strong>quaeras.]</strong></span> <span class='ocrx_word' id='word_1_563' title='bbox 1617 2562 1766 2610; x_wconf 57' lang='lat' dir='ltr'><strong>§Qaeris</strong></span> <span class='ocrx_word' id='word_1_564' title='bbox 1781 2562 1963 2599; x_wconf 84' lang='lat' dir='ltr'><strong>meliores.</strong></span> <span class='ocrx_word' id='word_1_565' title='bbox 1993 2563 2046 2600; x_wconf 86' lang='lat' dir='ltr'><strong>Ita</strong></span> <span class='ocrx_word' id='word_1_566' title='bbox 2065 2574 2133 2610; x_wconf 86' lang='lat' dir='ltr'><strong>pro</strong></span> <span class='ocrx_word' id='word_1_567' title='bbox 2151 2565 2224 2611; x_wconf 58' lang='lat' dir='ltr'><strong>cog4</strong></span> 
     </span>
     <span class='ocr_line' id='line_1_84' title="bbox 1182 2611 2221 2663; baseline 0.001 -14"><span class='ocrx_word' id='word_1_568' title='bbox 1182 2613 1321 2661; x_wconf 79' lang='lat' dir='ltr'><strong>nosceris</strong></span> <span class='ocrx_word' id='word_1_569' title='bbox 1340 2615 1414 2652; x_wconf 86' lang='lat' dir='ltr'><strong>duo</strong></span> <span class='ocrx_word' id='word_1_570' title='bbox 1440 2615 1519 2652; x_wconf 88' lang='lat' dir='ltr'><strong>libri</strong></span> <span class='ocrx_word' id='word_1_571' title='bbox 1546 2613 1729 2663; x_wconf 77' lang='lat' dir='ltr'><strong>ignosceris.</strong></span> <span class='ocrx_word' id='word_1_572' title='bbox 1755 2613 1829 2649; x_wconf 87' lang='lat' dir='ltr'><strong>hoe</strong></span> <span class='ocrx_word' id='word_1_573' title='bbox 1849 2611 1895 2648; x_wconf 87' lang='lat' dir='ltr'><strong>est</strong></span> <span class='ocrx_word' id='word_1_574' title='bbox 1913 2613 2108 2661; x_wconf 80' lang='lat' dir='ltr'><strong>agnosceris.</strong></span> <span class='ocrx_word' id='word_1_575' title='bbox 2134 2614 2221 2650; x_wconf 81' lang='lat' dir='ltr'><strong>vide</strong></span> 
     </span>
     <span class='ocr_line' id='line_1_85' title="bbox 1181 2660 2222 2714; baseline 0.001 -13"><span class='ocrx_word' id='word_1_576' title='bbox 1181 2664 1270 2702; x_wconf 83' lang='lat' dir='ltr'><strong>Fast.</strong></span> <span class='ocrx_word' id='word_1_577' title='bbox 1289 2678 1352 2702; x_wconf 90' lang='lat'><strong>111.</strong></span> <span class='ocrx_word' id='word_1_578' title='bbox 1371 2665 1475 2714; x_wconf 81' lang='lat' dir='ltr'><strong>v.65.</strong></span> <span class='ocrx_word' id='word_1_579' title='bbox 1491 2665 1550 2702; x_wconf 89' lang='lat' dir='ltr'><strong>sed</strong></span> <span class='ocrx_word' id='word_1_580' title='bbox 1568 2665 1620 2702; x_wconf 89' lang='lat' dir='ltr'><strong>nil</strong></span> <span class='ocrx_word' id='word_1_581' title='bbox 1639 2660 1791 2700; x_wconf 78' lang='lat' dir='ltr'><strong>neceffe.</strong></span> <span class='ocrx_word' id='word_1_582' title='bbox 1809 2662 1869 2699; x_wconf 85' lang='lat' dir='ltr'><strong>lib.</strong></span> <span class='ocrx_word' id='word_1_583' title='bbox 1887 2675 1941 2700; x_wconf 78' lang='lat' dir='ltr'><strong>xv.</strong></span> <span class='ocrx_word' id='word_1_584' title='bbox 1959 2664 2116 2701; x_wconf 78' lang='lat' dir='ltr'><strong>Met-ain.</strong></span> <span class='ocrx_word' id='word_1_585' title='bbox 2135 2676 2222 2713; x_wconf 76' lang='lat'><strong>290.</strong></span> 
     </span>
    </p>

    <p class='ocr_par' dir='ltr' id='par_1_29' title="bbox 1231 2715 2096 2764">
     <span class='ocr_line' id='line_1_86' title="bbox 1231 2715 2096 2764; baseline -0.001 -13"><span class='ocrx_word' id='word_1_586' title='bbox 1231 2716 1346 2764; x_wconf 63' lang='lat' dir='ltr'><em>Hujus</em></span> <span class='ocrx_word' id='word_1_587' title='bbox 1364 2727 1438 2752; x_wconf 84' lang='lat' dir='ltr'><strong>erat</strong></span> <span class='ocrx_word' id='word_1_588' title='bbox 1445 2716 1576 2763; x_wconf 68' lang='lat' dir='ltr'><strong>jacies,</strong></span> <span class='ocrx_word' id='word_1_589' title='bbox 1595 2715 1633 2752; x_wconf 75' lang='lat' dir='ltr'><strong>in</strong></span> <span class='ocrx_word' id='word_1_590' title='bbox 1648 2727 1718 2764; x_wconf 73' lang='lat' dir='ltr'><strong>qua</strong></span> <span class='ocrx_word' id='word_1_591' title='bbox 1739 2723 1916 2763; x_wconf 78' lang='lat' dir='ltr'><strong>materque</strong></span> <span class='ocrx_word' id='word_1_592' title='bbox 1927 2722 2096 2764; x_wconf 71' lang='lat' dir='ltr'><strong>paterque</strong></span> 
     </span>
    </p>

    <p class='ocr_par' dir='ltr' id='par_1_30' title="bbox 1179 2767 2218 2866">
     <span class='ocr_line' id='line_1_87' title="bbox 1232 2767 1514 2817; baseline 0.004 -15"><span class='ocrx_word' id='word_1_593' title='bbox 1232 2767 1390 2815; x_wconf 79' lang='lat' dir='ltr'><strong>Cognosci</strong></span> <span class='ocrx_word' id='word_1_594' title='bbox 1404 2767 1514 2817; x_wconf 57' lang='lat' dir='ltr'><strong>poffivt.</strong></span> 
     </span>
     <span class='ocr_line' id='line_1_88' title="bbox 1179 2814 2218 2866; baseline -0.002 -12"><span class='ocrx_word' id='word_1_595' title='bbox 1179 2815 1326 2866; x_wconf 84' lang='lat' dir='ltr'><strong>Apulej.</strong></span> <span class='ocrx_word' id='word_1_596' title='bbox 1351 2831 1387 2854; x_wconf 86' lang='lat' dir='ltr'><strong>v.</strong></span> <span class='ocrx_word' id='word_1_597' title='bbox 1410 2822 1565 2854; x_wconf 79' lang='lat' dir='ltr'><strong>Metam.</strong></span> <span class='ocrx_word' id='word_1_598' title='bbox 1590 2822 1629 2852; x_wconf 81' lang='lat' dir='ltr'><strong>In</strong></span> <span class='ocrx_word' id='word_1_599' title='bbox 1649 2814 1708 2852; x_wconf 84' lang='lat' dir='ltr'><strong>hoc</strong></span> <span class='ocrx_word' id='word_1_600' title='bbox 1718 2814 1847 2864; x_wconf 69' lang='lat' dir='ltr'><strong>saltem</strong></span> <span class='ocrx_word' id='word_1_601' title='bbox 1861 2815 2008 2864; x_wconf 83' lang='lat' dir='ltr'><strong>parvulo</strong></span> <span class='ocrx_word' id='word_1_602' title='bbox 2029 2817 2218 2865; x_wconf 77' lang='lat' dir='ltr'><strong>cognoscam</strong></span> 
     </span>
    </p>
   </div>
   <div class='ocr_carea' id='block_1_11' title="bbox 1168 2866 2219 2916">
    <p class='ocr_par' dir='ltr' id='par_1_31' title="bbox 1168 2866 2219 2916">
     <span class='ocr_line' id='line_1_89' title="bbox 1168 2866 2219 2916; baseline 0.001 -13"><span class='ocrx_word' id='word_1_603' title='bbox 1168 2868 1299 2913; x_wconf 83' lang='lat' dir='ltr'><strong>faciem</strong></span> <span class='ocrx_word' id='word_1_604' title='bbox 1334 2879 1446 2905; x_wconf 76' lang='lat' dir='ltr'><strong>taam.</strong></span> <span class='ocrx_word' id='word_1_605' title='bbox 1488 2869 1579 2905; x_wconf 81' lang='lat' dir='ltr'><strong>Sunt</strong></span> <span class='ocrx_word' id='word_1_606' title='bbox 1613 2867 1767 2916; x_wconf 82' lang='lat' dir='ltr'><strong>Psyches</strong></span> <span class='ocrx_word' id='word_1_607' title='bbox 1806 2866 1916 2904; x_wconf 80' lang='lat' dir='ltr'><strong>verba</strong></span> <span class='ocrx_word' id='word_1_608' title='bbox 1953 2867 1998 2904; x_wconf 82' lang='lat' dir='ltr'><strong>ad</strong></span> <span class='ocrx_word' id='word_1_609' title='bbox 2032 2876 2219 2905; x_wconf 74' lang='lat' dir='ltr'><strong>maritum.</strong></span> 
     </span>
    </p>
   </div>
   <div class='ocr_carea' id='block_1_12' title="bbox 1174 2917 2218 3172">
    <p class='ocr_par' dir='ltr' id='par_1_32' title="bbox 1174 2917 2218 3172">
     <span class='ocr_line' id='line_1_90' title="bbox 1177 2917 2218 2968; baseline -0.001 -14"><span class='ocrx_word' id='word_1_610' title='bbox 1177 2918 1442 2968; x_wconf 69' lang='lat' dir='ltr'><strong>Capofmreus,</strong></span> <span class='ocrx_word' id='word_1_611' title='bbox 1470 2918 1636 2967; x_wconf 81' lang='lat' dir='ltr'><strong>cognoscor</strong></span> <span class='ocrx_word' id='word_1_612' title='bbox 1661 2917 1801 2954; x_wconf 80' lang='lat' dir='ltr'><strong>inillis.</strong></span> <span class='ocrx_word' id='word_1_613' title='bbox 1828 2918 2037 2956; x_wconf 59' lang='lat' dir='ltr'><strong>Heinsius,</strong></span> <span class='ocrx_word' id='word_1_614' title='bbox 2065 2918 2218 2954; x_wconf 79' lang='lat' dir='ltr'><strong>Variant</strong></span> 
     </span>
     <span class='ocr_line' id='line_1_91' title="bbox 1175 2967 2215 3019; baseline -0.002 -14"><span class='ocrx_word' id='word_1_615' title='bbox 1175 2969 1251 3006; x_wconf 90' lang='lat' dir='ltr'><strong>fere</strong></span> <span class='ocrx_word' id='word_1_616' title='bbox 1278 2970 1419 3018; x_wconf 84' lang='lat' dir='ltr'><strong>semper</strong></span> <span class='ocrx_word' id='word_1_617' title='bbox 1447 2970 1591 3006; x_wconf 82' lang='lat' dir='ltr'><strong>codices</strong></span> <span class='ocrx_word' id='word_1_618' title='bbox 1613 2970 1651 3006; x_wconf 88' lang='lat' dir='ltr'><strong>in</strong></span> <span class='ocrx_word' id='word_1_619' title='bbox 1667 2970 1736 3006; x_wconf 86' lang='lat' dir='ltr'><strong>hac</strong></span> <span class='ocrx_word' id='word_1_620' title='bbox 1755 2968 1912 3006; x_wconf 86' lang='lat' dir='ltr'><strong>formula</strong></span> <span class='ocrx_word' id='word_1_621' title='bbox 1924 2967 1958 3016; x_wconf 87' lang='lat' dir='ltr'><em>fi</em></span> <span class='ocrx_word' id='word_1_622' title='bbox 1973 2968 2127 3019; x_wconf 78' lang='lat' dir='ltr'><strong>quaeris,</strong></span> <span class='ocrx_word' id='word_1_623' title='bbox 2157 2967 2215 3004; x_wconf 86' lang='lat' dir='ltr'><strong>vel</strong></span> 
     </span>
     <span class='ocr_line' id='line_1_92' title="bbox 1175 3020 2215 3069; baseline 0 -14"><span class='ocrx_word' id='word_1_624' title='bbox 1175 3032 1332 3069; x_wconf 80' lang='lat' dir='ltr'><strong>quaeras.</strong></span> <span class='ocrx_word' id='word_1_625' title='bbox 1352 3020 1426 3058; x_wconf 85' lang='lat' dir='ltr'><strong>vid.</strong></span> <span class='ocrx_word' id='word_1_626' title='bbox 1447 3020 1555 3069; x_wconf 81' lang='lat' dir='ltr'><strong>Epist.</strong></span> <span class='ocrx_word' id='word_1_627' title='bbox 1579 3032 1633 3058; x_wconf 88' lang='lat' dir='ltr'><strong>1v.</strong></span> <span class='ocrx_word' id='word_1_628' title='bbox 1655 3032 1734 3068; x_wconf 90' lang='lat'><strong>119.</strong></span> <span class='ocrx_word' id='word_1_629' title='bbox 1761 3032 1831 3056; x_wconf 73' lang='lat' dir='ltr'><strong>xri.</strong></span> <span class='ocrx_word' id='word_1_630' title='bbox 1857 3031 2030 3067; x_wconf 65' lang='lat' dir='ltr'><strong>115.xv1.</strong></span> <span class='ocrx_word' id='word_1_631' title='bbox 2057 3030 2133 3066; x_wconf 76' lang='lat'><strong>¹73-</strong></span> <span class='ocrx_word' id='word_1_632' title='bbox 2154 3030 2215 3055; x_wconf 74' lang='lat' dir='ltr'><strong>xx.</strong></span> 
     </span>
     <span class='ocr_line' id='line_1_93' title="bbox 1174 3069 2215 3123; baseline -0.006 -14"><span class='ocrx_word' id='word_1_633' title='bbox 1174 3084 1260 3120; x_wconf 85' lang='lat'><strong>219.</strong></span> <span class='ocrx_word' id='word_1_634' title='bbox 1278 3073 1435 3109; x_wconf 83' lang='lat' dir='ltr'><strong>Metam.</strong></span> <span class='ocrx_word' id='word_1_635' title='bbox 1454 3084 1518 3109; x_wconf 86' lang='lat'><strong>111.</strong></span> <span class='ocrx_word' id='word_1_636' title='bbox 1542 3083 1620 3118; x_wconf 77' lang='lat'><strong>141.</strong></span> <span class='ocrx_word' id='word_1_637' title='bbox 1650 3072 1688 3108; x_wconf 87' lang='lat'>&amp;</span> <span class='ocrx_word' id='word_1_638' title='bbox 1706 3071 1789 3108; x_wconf 78' lang='lat' dir='ltr'><strong>alibi</strong></span> <span class='ocrx_word' id='word_1_639' title='bbox 1808 3070 1954 3118; x_wconf 71' lang='lat' dir='ltr'><strong>saepius.</strong></span> <span class='ocrx_word' id='word_1_640' title='bbox 1983 3069 2129 3117; x_wconf 75' lang='lat' dir='ltr'><strong>peiliina</strong></span> <span class='ocrx_word' id='word_1_641' title='bbox 2149 3079 2215 3123; x_wconf 76' lang='lat' dir='ltr'><strong>ve-</strong></span> 
     </span>
     <span class='ocr_line' id='line_1_94' title="bbox 1174 3119 2212 3172; baseline -0.007 -12"><span class='ocrx_word' id='word_1_642' title='bbox 1174 3134 1216 3160; x_wconf 91' lang='lat' dir='ltr'><strong>ro</strong></span> <span class='ocrx_word' id='word_1_643' title='bbox 1238 3123 1453 3172; x_wconf 84' lang='lat' dir='ltr'><strong>Capoferrei</strong></span> <span class='ocrx_word' id='word_1_644' title='bbox 1471 3123 1671 3165; x_wconf 66' lang='lat' dir='ltr'><strong>corre6³ti03</strong></span> <span class='ocrx_word' id='word_1_645' title='bbox 1703 3122 1810 3169; x_wconf 84' lang='lat' dir='ltr'><strong>Jason</strong></span> <span class='ocrx_word' id='word_1_646' title='bbox 1828 3122 1927 3158; x_wconf 83' lang='lat' dir='ltr'><strong>enini</strong></span> <span class='ocrx_word' id='word_1_647' title='bbox 1943 3150 1953 3164; x_wconf 89' lang='lat'>‚</span> <span class='ocrx_word' id='word_1_648' title='bbox 1981 3131 2055 3157; x_wconf 85' lang='lat' dir='ltr'><strong>non</strong></span> <span class='ocrx_word' id='word_1_649' title='bbox 2076 3119 2212 3166; x_wconf 79' lang='lat' dir='ltr'><strong>Hypn-</strong></span> 
     </span>
    </p>
   </div>
   <div class='ocr_carea' id='block_1_13' title="bbox 84 3168 2213 3276">
    <p class='ocr_par' dir='ltr' id='par_1_33' title="bbox 84 3168 2213 3276">
     <span class='ocr_line' id='line_1_95' title="bbox 84 3168 2213 3228; baseline -0.001 -22"><span class='ocrx_word' id='word_1_650' title='bbox 84 3170 245 3216; x_wconf 76' lang='lat' dir='ltr'><strong>ficiendos</strong></span> <span class='ocrx_word' id='word_1_651' title='bbox 257 3172 420 3221; x_wconf 77' lang='lat' dir='ltr'><strong>principes</strong></span> <span class='ocrx_word' id='word_1_652' title='bbox 437 3171 580 3219; x_wconf 76' lang='lat' dir='ltr'><strong>intelligi</strong></span> <span class='ocrx_word' id='word_1_653' title='bbox 599 3175 700 3211; x_wconf 80' lang='lat' dir='ltr'><strong>vellet</strong></span> <span class='ocrx_word' id='word_1_654' title='bbox 732 3177 844 3228; x_wconf 72' lang='lat' dir='ltr'><strong>(quae</strong></span> <span class='ocrx_word' id='word_1_655' title='bbox 862 3176 1046 3226; x_wconf 77' lang='lat' dir='ltr'><strong>superbia)</strong></span> <span class='ocrx_word' id='word_1_656' title='bbox 1066 3175 1117 3226; x_wconf 83' lang='lat' dir='ltr'><strong>fic</strong></span> <span class='ocrx_word' id='word_1_657' title='bbox 1171 3174 1257 3223; x_wconf 87' lang='lat' dir='ltr'><strong>pyle</strong></span> <span class='ocrx_word' id='word_1_658' title='bbox 1279 3203 1289 3219; x_wconf 89' lang='lat'>‚</span> <span class='ocrx_word' id='word_1_659' title='bbox 1325 3175 1496 3224; x_wconf 81' lang='lat' dir='ltr'><strong>cognosci</strong></span> <span class='ocrx_word' id='word_1_660' title='bbox 1523 3174 1675 3212; x_wconf 84' lang='lat' dir='ltr'><strong>debebat</strong></span> <span class='ocrx_word' id='word_1_661' title='bbox 1698 3171 1932 3227; x_wconf 78' lang='lat' dir='ltr'><strong>similitudine</strong></span> <span class='ocrx_word' id='word_1_662' title='bbox 1951 3168 2183 3226; x_wconf 70' lang='lat' dir='ltr'><strong>parvulorum</strong></span> <span class='ocrx_word' id='word_1_663' title='bbox 2201 3195 2213 3211; x_wconf 93' lang='lat'><strong>,</strong></span> 
     </span>
     <span class='ocr_line' id='line_1_96' title="bbox 91 3222 2212 3276; baseline 0.001 -21"><span class='ocrx_word' id='word_1_664' title='bbox 91 3222 268 3270; x_wconf 74' lang='lat' dir='ltr'><strong>respondet.</strong></span> <span class='ocrx_word' id='word_1_665' title='bbox 297 3223 343 3260; x_wconf 83' lang='lat' dir='ltr'><strong>ita</strong></span> <span class='ocrx_word' id='word_1_666' title='bbox 372 3224 502 3259; x_wconf 78' lang='lat' dir='ltr'><strong>Tzetz.</strong></span> <span class='ocrx_word' id='word_1_667' title='bbox 535 3223 688 3261; x_wconf 83' lang='lat' dir='ltr'><strong>Chiliad.</strong></span> <span class='ocrx_word' id='word_1_668' title='bbox 709 3238 767 3262; x_wconf 79' lang='lat' dir='ltr'><strong>xx.</strong></span> <span class='ocrx_word' id='word_1_669' title='bbox 794 3240 846 3273; x_wconf 79' lang='lat'><strong>17,</strong></span> <span class='ocrx_word' id='word_1_670' title='bbox 867 3229 1117 3272; x_wconf 63' lang='lat' dir='ltr'><strong>1&lt;oe3ovaoi-</strong></span> <span class='ocrx_word' id='word_1_671' title='bbox 1172 3234 1213 3262; x_wconf 93' lang='lat' dir='ltr'><strong>ut</strong></span> <span class='ocrx_word' id='word_1_672' title='bbox 1241 3237 1395 3262; x_wconf 84' lang='lat' dir='ltr'><strong>omnem</strong></span> <span class='ocrx_word' id='word_1_673' title='bbox 1424 3226 1665 3276; x_wconf 77' lang='lat' dir='ltr'><strong>suspicionem</strong></span> <span class='ocrx_word' id='word_1_674' title='bbox 1685 3225 1793 3262; x_wconf 83' lang='lat' dir='ltr'><strong>alieni</strong></span> <span class='ocrx_word' id='word_1_675' title='bbox 1810 3231 1881 3260; x_wconf 80' lang='lat' dir='ltr'><strong>tori</strong></span> <span class='ocrx_word' id='word_1_676' title='bbox 1899 3234 1918 3258; x_wconf 78' lang='lat' dir='ltr'><strong>a</strong></span> <span class='ocrx_word' id='word_1_677' title='bbox 1939 3224 1972 3258; x_wconf 79' lang='lat' dir='ltr'><strong>lc</strong></span> <span class='ocrx_word' id='word_1_678' title='bbox 1988 3228 2212 3257; x_wconf 79' lang='lat' dir='ltr'><strong>removeret.</strong></span> 
     </span>
    </p>
   </div>
   <div class='ocr_carea' id='block_1_14' title="bbox 91 3272 1120 3325">
    <p class='ocr_par' dir='ltr' id='par_1_34' title="bbox 91 3272 1120 3325">
     <span class='ocr_line' id='line_1_97' title="bbox 91 3272 1120 3325; baseline 0.01 -17"><span class='ocrx_word' id='word_1_679' title='bbox 91 3274 182 3324; x_wconf 76' lang='grc' dir='ltr'><em>φεως</em></span> <span class='ocrx_word' id='word_1_680' title='bbox 208 3274 329 3312; x_wconf 74' lang='grc' dir='ltr'><strong><em>πόσων.</em></strong></span> <span class='ocrx_word' id='word_1_681' title='bbox 356 3285 399 3314; x_wconf 67' lang='lat'><strong>&amp;¹</strong></span> <span class='ocrx_word' id='word_1_682' title='bbox 423 3272 577 3310; x_wconf 76' lang='lat' dir='ltr'><strong>authoris</strong></span> <span class='ocrx_word' id='word_1_683' title='bbox 605 3285 686 3325; x_wconf 71' lang='lat' dir='ltr'><strong>quot</strong></span> <span class='ocrx_word' id='word_1_684' title='bbox 711 3287 849 3316; x_wconf 73' lang='lat' dir='ltr'><strong>rerum?</strong></span> <span class='ocrx_word' id='word_1_685' title='bbox 878 3278 1019 3317; x_wconf 80' lang='lat' dir='ltr'><strong>Sentius</strong></span> <span class='ocrx_word' id='word_1_686' title='bbox 1038 3280 1120 3318; x_wconf 86' lang='lat' dir='ltr'><strong>Au-</strong></span> 
     </span>
    </p>
   </div>
   <div class='ocr_carea' id='block_1_15' title="bbox 1172 3275 1433 3316">
    <p class='ocr_par' dir='ltr' id='par_1_35' title="bbox 1172 3275 1433 3316">
     <span class='ocr_line' id='line_1_98' title="bbox 1172 3275 1433 3316; baseline 0 -1"><span class='ocrx_word' id='word_1_687' title='bbox 1172 3275 1433 3316; x_wconf 51' lang='lat' dir='ltr'><strong>BunMANNu&amp;</strong></span> 
     </span>
    </p>
   </div>
   <div class='ocr_carea' id='block_1_16' title="bbox 1659 3325 1673 3350">
    <p class='ocr_par' dir='ltr' id='par_1_36' title="bbox 1659 3325 1673 3350">
     <span class='ocr_line' id='line_1_99' title="bbox 1659 3325 1673 3350; baseline 0 0"><span class='ocrx_word' id='word_1_688' title='bbox 1659 3325 1673 3350; x_wconf 82' lang='grc' dir='ltr'>Ῐ</span> 
     </span>
    </p>
   </div>
   <div class='ocr_carea' id='block_1_17' title="bbox 1659 3324 2215 3367">
    <p class='ocr_par' dir='ltr' id='par_1_37' title="bbox 1659 3324 2215 3367">
     <span class='ocr_line' id='line_1_100' title="bbox 1659 3324 2215 3367; baseline -0.005 -8"><span class='ocrx_word' id='word_1_689' title='bbox 1659 3347 1691 3363; x_wconf 37' lang='lat' dir='ltr'><em>A</em></span> <span class='ocrx_word' id='word_1_690' title='bbox 1718 3334 1738 3359; x_wconf 85' lang='lat'><strong>2.</strong></span> <span class='ocrx_word' id='word_1_691' title='bbox 2048 3331 2126 3367; x_wconf 77' lang='lat'><strong>125.</strong></span> <span class='ocrx_word' id='word_1_692' title='bbox 2155 3324 2215 3367; x_wconf 38' lang='grc' dir='ltr'><strong>[εξ</strong></span> 
     </span>
    </p>
   </div>
  </div>
 </body>
</html>
