2553 3676
601 187 1139 253 AMORUM
1212 209 1385 248 Lrss.

1456 193 1563 250 ΙΙΪ.
1637 211 1691 255 23

2079 213 2177 265 471

342 290 399 345 Si
420 289 552 345 mihi
575 282 807 341 currenti
833 281 993 336 fueris
1017 281 1293 354 conspee'm
1309 325 1324 348 ,
1358 286 1635 345 morabor:

413 359 605 432 Deque
628 355 758 410 meis
783 353 1021 408 manibus
1046 355 1157 410 lora
1180 357 1386 411 remiffa
1410 359 1596 415 fluent.

233 450 299 502 15
332 434 423 488 Α11
450 447 608 504 quam
631 445 768 500 pene
790 427 984 499 Pelops
1009 428 1183 481 Pisaea
1206 429 1644 498 concidithasta,

409 503 556 556 Dum
579 499 772 571 spestat
796 500 998 563 vultuS,
1034 499 1429 572 Hippodamia,
1467 507 1617 556 tuos!

337 575 548 645 Nempe
571 573 752 627 favore
777 572 895 627 suae
917 572 1046 627 vicit
1073 586 1250 627 tamen
1274 574 1360 628 ille
1383 574 1605 645 puellae.

405 645 697 701 Vincamus
724 645 972 699 dominae
996 645 1222 718 quisque
1245 645 1428 701 favore
1452 647 1588 700 suae.

340 717 492 791 Quid
513 717 698 772 frustra
720 717 948 789 refugis?
985 719 1133 788 cogit
1158 735 1253 771 nos
1277 719 1410 772 linea
1430 717 1597 789 jungi.

227 811 302 847 20
409 790 566 845 Haec
590 791 645 845 in
670 792 789 863 lege
812 790 918 846 loci
941 790 1231 853 commoda
1256 790 1448 846 Circus
1473 790 1650 846 habet.

59 991 223 1042 exprimit
242 991 406 1040 aurigae,
433 991 495 1030 ubi
526 1003 671 1030 currum
701 990 846 1029 11661616
866 989 1007 1030 necesse
1028 991 1088 1029 est.

10 1057 12 1093 ξ
63 1044 276 1081 Crounus.
301 1042 400 1079 Vide
421 1042 587 1080 Turneb.
613 1055 690 1080 xxv.
713 1042 812 1080 Adv.
831 1055 933 1081 xxxv.
963 1054 1022 1090 24.
1048 1043 1087 1079 &

11 1096 12 1109 ¹
61 1093 232 1134 Torrent.
252 1093 297 1130 ad
317 1093 448 1131 Horat.
470 1105 499 1131 1.
520 1093 594 1130 Od.
617 1106 646 1131 1.

10 1166 11 1171 =
112 1156 167 1190 ¹4.
196 1144 326 1180 Fluant.
345 1143 360 1193 ]
399 1145 551 1192 Legitur
570 1145 632 1188 &‚
661 1143 794 1182 cadent.
814 1145 990 1182 MAnxus.
1018 1149 1090 1180 Ca-

10 1199 12 1229 {
60 1193 139 1231 dent
166 1194 342 1232 Palatinus
372 1206 464 1232 unus
501 1195 538 1232 δε
575 1194 726 1244 quidam
757 1195 827 1234 alii.
864 1195 971 1234 male.
1006 1195 1089 1234 infr.

59 1243 159 1294 Eleg.
180 1257 250 1283 vu.
271 1256 329 1294 32.

10 1328 13 1343 ,
109 1295 215 1332 Nullo
237 1305 336 1345 poma
362 1305 520 1332 movente
535 1294 671 1346 fluunt.

12 1379 13 1382 ,
58 1344 138 1383 Ubi
154 1347 191 1383 in
212 1346 344 1394 scriptis
366 1346 494 1383 eadem
516 1347 709 1385 diversitas.
728 1356 769 1385 ut
791 1347 829 1384 &
850 1345 907 1385 El.
928 1358 1008 1384 xxv.
1030 1345 1090 1396 38.

109 1402 237 1445 Perque
255 1409 341 1432 meos
358 1407 457 1432 artus
466 1397 601 1445 frigida
616 1408 720 1446 gutta
732 1396 830 1447 fluit.

12 1482 13 1486 ,
60 1444 108 1485 Et
126 1446 174 1483 ibi
195 1447 287 1484 cadit
306 1448 344 1484 in
366 1448 563 1485 nonnullis.
591 1447 665 1485 vid.
693 1449 732 1486 ὅ(
754 1447 863 1496 Epist.
884 1460 940 1486 vx.
963 1449 1024 1496 63.
1051 1448 1090 1485 8<

62 1496 210 1534 Gevart.
232 1497 334 1535 Lect.
352 1498 437 1545 Pap.
455 1497 567 1547 lib2r.
585 1510 664 1547 cap.
684 1510 717 1544 4.
736 1498 935 1537 Siliusvu.
955 1499 1043 1548 632,

108 1547 276 1584 Membris
295 1548 431 1596 demiffa
442 1548 566 1595 filatis
586 1556 704 1586 Arma
716 1547 848 1598 fluunt.

12 1618 15 1636 ς
59 1598 137 1646 Qui
158 1600 205 1635 ita
224 1598 327 1646 saepe
347 1599 520 1647 loquitur.
541 1601 582 1637 ut
603 1611 655 1636 rx.
675 1611 731 1646 52.
755 1611 834 1636 120.
860 1611 921 1636 xv.
942 1610 1024 1647 377.
1042 1599 1090 1636 ita

58 1647 178 1698 defluit
198 1661 248 1688 vir.
270 1650 424 1686 Metam.
442 1660 527 1697 219.
553 1649 615 1686 ubi
636 1649 730 1687 male
749 1649 874 1685 decidit
893 1650 963 1687 alii.
989 1661 1092 1698 prae-

14 1697 15 1714 *
57 1705 156 1734 terea
175 1711 268 1736 unus
289 1700 487 1737 Vaticanus
504 1727 515 1744 ‚
550 1712 630 1749 eque
649 1699 732 1736 meis
760 1698 932 1736 manibus.
962 1709 1002 1737 ut
1036 1711 1092 1738 1x.

59 1747 214 1786 Metam.
239 1760 318 1797 344.

14 1803 15 1811 ¹
111 1798 322 1846 Vidi‘guttas
340 1798 454 1848 *eflore
471 1810 628 1836 cruentas
645 1800 816 1837 Decidere,
829 1800 1093 1838 Bunmannus.

111 1859 166 1896 15.
201 1849 265 1884 Ah
297 1862 402 1899 quam
422 1858 506 1898 pene
531 1849 645 1897 Pelops
673 1851 787 1898 Pisaeo
814 1851 959 1886 concidit
988 1851 1089 1899 axe.]

15 1929 18 1939 .
60 1899 269 1948 Quomodo
298 1911 342 1936 ex
370 1912 435 1934 axe
459 1899 574 1948 Pifizeo
601 1899 699 1948 quasi
727 1898 891 1937 cecidifl‘e
914 1900 1090 1948 Pelopem

15 1967 17 2000 3
60 1949 174 1987 dicit?
202 1961 287 1987 cum
316 1950 454 1987 constet
483 1961 527 1986 ex
556 1950 807 1997 interpretibus
832 1951 1093 1999 Lycophronis

60 2000 98 2036 ὃ(
127 2000 297 2044 Pindari,
324 2001 415 2038 item
441 2011 486 2036 ex
508 2000 703 2048 Apollonii
730 2001 971 2045 carminibus,
999 2000 1091 2039 duos

59 2048 160 2087 fuiffe
183 2062 302 2087 currus
315 2078 324 2094 ,
351 2051 385 2087 in
406 2062 565 2099 quorum
582 2051 696 2088 altero
717 2051 956 2095 Oenomaus,
983 2052 1021 2088 in
1041 2052 1091 2088 al-

17 2116 19 2132 1
58 2107 161 2144 1610,
191 2102 253 2149 qui
277 2100 418 2148 Pelopis
438 2102 602 2149 proprius
620 2109 718 2145 erat,
745 2102 819 2149 ipse
847 2101 977 2150 Pelops
1003 2114 1089 2139 cum

18 2164 21 2191 1,
59 2150 311 2198 Hippodamia
342 2149 589 2188 veherentur?
617 2151 714 2189 unde
740 2153 861 2189 alieno
892 2164 998 2189 curru
1026 2164 1091 2189 ve-

16 2193 20 2231 ἶ
60 2199 154 2237 &tam
187 2201 476 2250 Hippodamiam
505 2202 669 2239 certatim
708 2202 847 2240 Po'e‘tae
878 2201 1014 2242 dixere.
1051 2210 1091 2242 ut

18 2279 21 2288 .
60 2249 154 2288 Naso
174 2252 211 2288 in
234 2264 279 2288 11.
298 2252 343 2288 de
363 2254 453 2288 Arte
476 2251 511 2289 8.

19 2317 21 2321 ’
110 2300 202 2338 Talis
222 2313 294 2338 erat
308 2330 320 2346 ,
347 2301 408 2351 qui
427 2314 458 2338 te
475 2315 577 2338 curru
593 2301 864 2349 viblorefi’rebat
874 2331 884 2350 ‚

156 2355 254 2388 Vesta
270 2352 451 2401 peregrinis
471 2353 696 2402 Hippodamia
717 2353 810 2391 rotis.

61 2400 164 2440 Idem
182 2403 218 2439 in
238 2403 344 2451 Epist.
365 2404 588 2440 Hermiones
608 2405 669 2451 69.

77 2494 80 2499 Ι
111 2453 193 2500 §Qua
213 2453 276 2489 duo
289 2456 458 2501 porreblus
478 2453 570 2500 longe
581 2455 677 2500 freta
697 2454 831 2501 distinet
854 2453 1016 2502 Isthmos,

163 2505 258 2539 Vec‘la
273 2504 453 2553 peregrinis
476 2503 695 2552 Hippodamia
714 2506 806 2541 rotis.

63 2551 151 2590 Hoc
168 2552 264 2591 idem
285 2555 438 2591 ostendit
454 2553 512 2590 lib.
531 2567 576 2590 11.
593 2554 637 2591 de
659 2554 767 2592 Trist.
789 2555 872 2604 385.
899 2555 1086 2604 inquiens:

114 2603 210 2651 Quid
222 2614 235 2641 ,τ’
245 2617 330 2640 num
344 2603 550 2645 ,Tantalides
561 2632 571 2647 ‚
584 2605 738 2652 agitante
758 2606 926 2651 Cupidine
946 2619 1066 2642 currus
1078 2633 1090 2651 ,

24 2690 25 2696 ,
111 2693 113 2696 ,
161 2655 317 2702 Pisaeam
337 2654 494 2702 Phrygiis
510 2654 608 2690 vexit
629 2654 776 2691 eburnus
796 2656 914 2704 equis?

24 2726 25 2734 .
62 2701 110 2741 Et
125 2703 331 2752 Propertius
350 2705 440 2741 libro
463 2705 582 2752 primo
603 2705 704 2753 Eleg.
722 2717 754 2741 2.

24 2754 25 2759 ’
114 2760 184 2790 Nec
202 2754 388 2803 Phrygium
396 2753 487 2802 falfi)
507 2755 619 2791 traxit
638 2755 781 2791 candore
802 2754 999 2803 maritum,

61 2846 65 2850 Ι
164 2807 304 2841 Λνεὲἶα
322 2805 469 2840 externis
489 2805 714 2854 Hippodamia
733 2807 826 2844 rotis.

65 2853 135 2892 Sed
162 2854 209 2890 ita
236 2854 493 2901 exponendum
523 2857 571 2892 est
593 2870 601 2892 :
637 2858 816 2902 Concidit,
842 2858 916 2894 hoc
938 2858 1012 2902 est,
1036 2859 1092 2896 in-

25 2931 28 2940 .
65 2902 236 2941 terfezstus
256 2905 344 2947 fuit,
374 2911 453 2940 Axe
479 2905 591 2950 Pisaeo
606 2923 616 2942 .-
645 2907 681 2943 id
702 2907 775 2952 est,
801 2909 843 2945 ab
866 2908 1092 2953 Oenomao,

66 2955 130 3002 qui
153 2954 393 2996 curruy'rsaeo
413 2954 537 2991 vedius
570 2965 610 2994 ut
627 2957 727 3006 supra
747 2970 791 2995 ex
810 2958 982 2996 Diodoro
1001 2960 1095 2997 dixi-

26 3029 30 3050 ,
68 3004 172 3052 mus)
202 3003 335 3040 hastam
356 3006 627 3043 manutenebat
651 3035 661 3051 ,
697 3021 766 3057 qua
789 3021 919 3057 procos
937 3011 1095 3058 perime-

28 3068 29 3073 *
72 3053 159 3097 bat,
195 3053 283 3090 durn
320 3064 382 3090 eos
411 3064 673 3099 praecurrentes
697 3058 950 3108 assequeretur.
985 3069 1025 3098 ut
1054 3060 1097 3098 sit

72 3103 206 3141 sensus:
237 3103 387 3150 Pelops,
413 3102 500 3139 dum
524 3104 816 3153 Hippodamiae,
843 3122 955 3159 quam
974 3112 1097 3149 secum

74 3153 110 3190 in
127 3155 194 3191 suis
211 3153 389 3203 quadrigis
409 3152 582 3196 vehebat,
609 3154 739 3193 faciem
758 3159 914 3198 intentus
937 3163 1097 3199 nimium

77 3213 159 3240 curn
180 3205 322 3252 stupore
352 3202 593 3250 conspiceret,
621 3206 658 3241 ὅ(
682 3215 826 3253 propter
844 3210 917 3247 hoc
936 3212 1098 3260 aliquan-

77 3254 193 3293 tulum
229 3257 268 3293 ὅς
303 3254 376 3304 ipse
405 3261 607 3293 moraretur
627 3282 639 3302 ,
674 3266 803 3304 parum
830 3258 944 3299 abfuit
967 3288 980 3307 ‚
1011 3264 1102 3311 quin

2083 859 2184 916 Tu

1142 989 1186 1028 ab
1205 991 1416 1042 insequente
1436 991 1641 1029 Oenomao
1663 990 1774 1028 fuerit
1795 986 1944 1027 occisus.
1971 986 2086 1025 Hunc
2102 986 2187 1025 sene*

1142 1041 1218 1079 sum
1236 1071 1244 1084 ,
1274 1043 1300 1080 fi
1319 1043 1468 1093 quidam
1489 1040 1745 1086 advertissent,
1773 1052 1851 1078 non
1870 1048 1945 1077 tam
1970 1038 2120 1076 audaces
2142 1039 2182 1077 111

1142 1092 1266 1130 alienis
1295 1095 1463 1142 operibus
1502 1091 1647 1131 fuissent
1668 1122 1679 1138 ,
1714 1100 1755 1130 ut
1793 1092 1880 1129 citra
1912 1089 2017 1128 ullius
2047 1088 2182 1127 codicia

1143 1143 1398 1182 auctoritatem
1419 1146 1492 1182 1106
1512 1156 1658 1182 carmen
1676 1145 1724 1181 ita
1745 1143 1928 1191 legerent:

1198 1200 1227 1229 O
1245 1208 1351 1244 qaam
1364 1205 1445 1245 pene
1464 1194 1577 1245 Pelops
1595 1208 1699 1232 carra
1721 1192 1880 1242 cecidisset
1898 1191 2035 1228 eburno.
2158 1240 2164 1247 q

1145 1244 1261 1292 Pisaeo
1275 1261 1286 1281 .·
1314 1245 1335 1283 a
1362 1247 1435 1284 Pisa
1456 1247 1633 1284 Arcadiae
1652 1244 1791 1294 oppido
1804 1273 1814 1288 ‚
1841 1242 1943 1293 quod
1963 1239 2185 1291 praeterfluit

1145 1294 1309 1343 Alpheus
1330 1298 1466 1340 amnis,
1479 1306 1518 1335 ut
1537 1297 1672 1334 Plinius
1691 1296 1818 1333 scribit.
1846 1300 1949 1338 Axe,
1968 1304 2084 1330 curru.
2103 1302 2186 1339 par-

1143 1353 1221 1383 tem
1240 1359 1305 1395 pro
1322 1356 1405 1385 toto
1424 1359 1487 1396 per
1508 1347 1764 1396 synecdochen
1790 1344 1932 1393 posuit:
1963 1345 2001 1380 &
2018 1354 2082 1391 per
2104 1352 2185 1378 cur-

1144 1408 1225 1434 rum
1266 1398 1434 1446 intelligit
1465 1398 1588 1446 ipsum⁴
1618 1399 1860 1435 Oenomaum
1897 1394 1996 1431 Pisae
2029 1403 2155 1441 regem
2174 1417 2186 1435 ,

1144 1447 1327 1496 quadrigis
1349 1447 1566 1486 insidentem
1585 1477 1594 1493 ,
1623 1456 1664 1486 ut
1683 1448 1768 1486 dixi.
1797 1447 1976 1483 Manius.
2003 1449 2059 1481 At
2076 1453 2186 1493 qaam

1140 1507 1223 1546 pene
1248 1499 1451 1536 Puteaneus
1483 1511 1567 1537 cum
1599 1499 1829 1537 Menteliano
1852 1498 1889 1534 &
1921 1493 2188 1543 Neapolitano..

1145 1548 1244 1585 idem
1277 1560 1362 1586 cuin
1392 1549 1650 1587 Barberiniano
1684 1550 1722 1586 &
1751 1548 1894 1586 duobus
1918 1546 1992 1583 aliis
2016 1572 2026 1589 ,
2067 1544 2193 1591 Pisaea

1146 1597 1253 1645 hasta.
1281 1599 1383 1647 quod
1410 1612 1540 1638 verum
1564 1600 1624 1638 est.
1650 1611 1772 1648 neque
1789 1599 1890 1636 aliter
1906 1596 2019 1643 Jureti
2041 1594 2079 1631 ὃς
2102 1594 2188 1630 Sca-

1144 1649 1248 1696 ligeri
1279 1651 1471 1699 Excerpta.
1512 1651 1620 1688 habes
1656 1650 1815 1688 fabulam
1853 1646 1950 1696 apud
1985 1644 2184 1699 Pindarum

1147 1699 1302 1748 Olymp.
1330 1701 1405 1738 Od.
1433 1714 1464 1738 1.
1488 1703 1553 1750 qui
1574 1702 1778 1739 Oenomao
1798 1699 1960 1746 Pelopen
1982 1695 2190 1742 insequenti

1147 1749 1259 1795 ἔγχος
1279 1754 1446 1796 χάλκεον
1463 1764 1614 1800 quoque
1632 1752 1703 1789 dat.
1729 1749 1952 1799 Apollonius
1970 1746 2031 1783 lib.
2043 1756 2083 1806 1¹·
2103 1754 2193 1790 755,

1199 1804 1268 1837 ’Τὸν
1287 1802 1326 1837 δὲ
1338 1802 1611 1846 μεταδρομάδην
1624 1802 1686 1837 ἐπὶ
1700 1801 1879 1844 Μυρτίλος
1892 1799 2022 1838 ἤλασεν
2033 1794 2194 1855 ‘cetri-⁶114,

1199 1854 1268 1887 Σὺν
1289 1855 1336 1899 τῷ
1354 1847 1387 1888 3²
1405 1849 1584 1897 Ὀινὸμαος
1601 1854 1767 1895 προτενὲς
1782 1851 1862 1895 δὸρυ
1874 1849 1966 1894 χειρὶ
1982 1855 2189 1893 μεμαρπως,

1150 1902 1371 1941 Claudianus
1385 1902 1493 1941 laude
1514 1904 1668 1940 Serenae
1693 1903 1772 1939 166.
1815 1924 1818 1925 ν

1535 1959 1653 1990 Curru
1670 1953 1791 2002 Pisaea
1812 1949 1940 1988 marito

1201 2002 1301 2051 Fugit
1321 2004 1389 2040 tela
1408 2003 1530 2051 Pelops.
1584 2005 1795 2041 Hiamsms.

1146 2052 1234 2090 Vid.
1261 2054 1299 2091 &
1328 2055 1461 2092 Tzetz.
1482 2055 1526 2092 ad
1550 2055 1721 2105 Lycoph.
1743 2065 1780 2091 v.
1805 2064 1885 2101 157.
1906 2051 1945 2088 &
1965 2048 2121 2088 Parthas.
2140 2046 2188 2087 ad..

1147 2103 1276 2140 Claud.
1295 2117 1339 2141 11.
1362 2106 1468 2153 Rapt.
1490 2106 1575 2154 336.

1200 2166 1254 2201 19.
1283 2155 1380 2202 Cogit
1408 2169 1466 2191 nos
1494 2156 1586 2192 linea
1611 2155 1746 2205 jungi]
1776 2153 1921 2190 Lineam
1943 2152 2094 2201 exponit
2112 2151 2186 2205 1106

1143 2202 1231 2240 1060
1254 2205 1710 2254 Commentator„ipsum
1728 2205 1836 2242 sedile
1858 2218 1866 2242 :
1897 2204 2054 2252 opinor,
2081 2200 2191 2249 quod‘

1145 2253 1265 2291 sedilia
1292 2255 1362 2302 ipsa
1393 2256 1521 2293 ordine
1541 2284 1551 2300 ,
1588 2258 1626 2293 ὅ(
1654 2256 1752 2306 quasi
1783 2254 1827 2292 ad
1857 2256 1991 2292 lineam
2020 2251 2185 2306 fabrilem

1146 2305 1348 2342 constructa
1378 2306 1489 2343 fuere.
1520 2306 1590 2344 Sed
1619 2315 1660 2344 tu
1690 2306 1796 2350 vide,
1825 2318 1914 2343 num
1943 2316 1979 2341 re
2000 2302 2069 2350 ipsa
2090 2301 2186 2338 linea

1145 2356 1327 2403 quaedam
1349 2356 1511 2394 sedentes
1534 2357 1762 2401 co'e'rcuerit,
1789 2368 1836 2393 ne
1855 2356 1943 2393 alius
1961 2354 2032 2391 alio
2049 2353 2126 2400 plus
2146 2353 2192 2390 inv

1145 2406 1240 2444 hanc
1263 2406 1321 2443 vel
1347 2407 1445 2445 illam
1466 2416 1603 2456 partem
1628 2409 1837 2445 inclinaret:
1868 2417 1988 2452 eoque
2010 2404 2188 2452 pertineat

1146 2457 1186 2493 &
1204 2457 1305 2506 quod
1325 2458 1385 2495 hic
1406 2458 1537 2496 dicitur
1551 2486 1561 2504 ,
1589 2458 1687 2506 Cogit
1708 2471 1765 2494 nos
1786 2456 1877 2492 linea
1892 2455 1993 2503 jungi
2007 2482 2018 2498 ,
2045 2465 2117 2493 ωτ.
2145 2455 2186 2492 δί

1146 2508 1249 2555 quod
1267 2509 1303 2544 in
1327 2509 1439 2546 Arte:

1197 2562 1244 2593 Et
1263 2557 1342 2593 bene
1361 2568 1394 2593 te
1413 2558 1516 2605 cogit,
1536 2556 1572 2605 fi
1589 2557 1676 2593 nolit
1690 2585 1698 2599 ,
1726 2556 1816 2592 linea
1830 2555 1931 2603 jungi
1944 2570 1955 2590 .-

1247 2609 1331 2655 Qa
1348 2607 1410 2643 tibi
1429 2607 1601 2655 tangenda
1620 2607 1662 2652 est
1681 2606 1745 2655 lege
1759 2605 1873 2655 puella
1894 2606 1966 2642 loci.
1984 2606 2165 2644 MICYLLJ

1146 2662 1348 2706 Transenna
1375 2658 1505 2695 dicitur
1535 2658 1630 2694 funis
1658 2657 1701 2694 ab
1730 2668 1807 2693 uno
1838 2664 2006 2693 extremo
2033 2656 2078 2693 ad
2098 2657 2189 2694 alte-

1144 2720 1226 2745 rum
1248 2709 1434 2757 protensus
1450 2735 1459 2752 ‚
1490 2709 1526 2745 &
1545 2708 1593 2744 ita
1615 2709 1704 2744 haec
1724 2706 1815 2743 linea
1844 2707 2052 2744 vocabatur.
2080 2707 2190 2744 Glose

1144 2758 1201 2796 sae
1224 2774 1235 2802 ;
1275 2759 1497 2807 Transenna,
1524 2758 1651 2803 βρόχος
1677 2756 1713 2794 ἐν
1739 2757 1950 2805 ἀφετκρῑαις
1978 2760 2188 2801 τεταμένας.

1146 2808 1242 2847 Item
1276 2810 1472 2857 Transenna
1495 2837 1504 2853 ,
1544 2808 1714 2855 ῧσπλκξ,
1744 2812 1948 2854 παλλκγῆ,
1977 2810 2186 2853 pannutius

1148 2862 1297 2906 σημεῖον.
1324 2861 1426 2909 quod
1452 2872 1471 2897 a
1499 2860 1696 2898 carceribus
1725 2859 1768 2897 ad
1794 2868 1908 2897 metas
1933 2859 2187 2896 extenderetur

1150 2909 1296 2956 ὕππληξ
1316 2911 1481 2948 declarat.
1519 2911 1620 2960 quod
1650 2915 1833 2954 παλλαγῆ
1863 2910 2019 2947 ostendit
2048 2909 2186 2945 Cassio-

1150 2961 1259 2999 dorus
1289 2962 1384 3010 apud
1414 2961 1632 3010 Scaligerum
1659 2962 1704 2998 ad
1731 2960 1941 2998 Manilium.
1971 2959 2028 2996 Ad
2050 2970 2185 3013 cuneos

1151 3014 1252 3050 6111111
1275 3012 1429 3050 Theatri
1446 3022 1533 3049 tunc
1551 3012 1807 3049 discedendum
1828 3022 1902 3048 erat
1921 3011 1993 3048 loci
2017 3007 2185 3056 capiundi

1154 3061 1280 3101 cauffa.
1309 3063 1408 3111 Cogit
1434 3076 1490 3099 nos
1518 3062 1609 3099 linea
1629 3064 1754 3111 jungi,
1783 3062 1820 3099 id
1852 3061 1899 3098 est
1929 3060 2025 3107 cogit
2050 3070 2115 3112 nos
2140 3056 2185 3093 fi-

1153 3126 1266 3162 gnum
1295 3113 1420 3151 darum
1451 3115 1526 3149 65:¹2ae
1553 3113 1803 3158 κατκλαβεῑν,
1831 3113 1868 3148 &
1900 3112 1936 3147 in
1966 3119 2085 3145 cuncis
2117 3118 2186 3143 nos

1154 3164 1324 3201 densare:
1352 3164 1545 3201 densabant
1565 3165 1663 3201 enim
1685 3165 1717 3201 se
1737 3171 1912 3212 quantum
1934 3165 2122 3206 poterant,
2138 3168 2186 3212 ne

1156 3213 1296 3250 confusi
1317 3215 1353 3249 ὃ(
1372 3215 1530 3260 permilli
1556 3218 1594 3251 &
1620 3214 1684 3251 fibi
1706 3216 1743 3250 &
1764 3214 1837 3249 aliis
1856 3209 2094 3258 speetaculum
2118 3219 2188 3244 eri-

1154 3271 1296 3312 perent.
1315 3263 1474 3305 DouzA.
1508 3264 1613 3313 Quid
1636 3263 1679 3302 sit
1700 3263 1791 3301 linea
1809 3260 1983 3300 hocloco
2003 3259 2199 3307 quaeritur·

2172 3323 2191 3347 ’λ
