2553 3676
605 181 1447 263 HEROIDES.1-:1›.
1523 221 1647 258 κη

355 295 501 352 Ecce
522 290 722 363 pedum
745 285 895 358 pulsu
917 284 1021 339 visa
1048 283 1123 339 est
1153 283 1284 338 mihi
1310 295 1450 338 terra
1473 287 1708 341 moveri:

250 374 318 424 60

430 366 571 421 Vera
595 361 808 431 loquar,
847 358 961 412 veri
991 357 1083 412 vix
1106 357 1348 410 habitura
1374 357 1554 413 fidem.

355 431 604 492 Constitit
631 443 754 485 ante
779 431 993 494 ocul08‚
1032 428 1174 483 abius
1197 427 1469 484 velocibus
1494 433 1610 496 alis,

418 504 648 560 Atlantis
674 504 852 575 magni
877 504 1236 575 Pleionesque
1259 518 1443 572 nepos,

351 577 450 632 Fas
471 575 654 632 vidiffe
679 576 810 638 fuit;
853 576 926 630 fas
950 575 1010 629 fit
1035 575 1165 629 mibi
1190 574 1293 628 visa
1317 573 1546 629 referre:

425 651 590 723 Inque
615 648 723 703 Dei
748 650 928 720 digitis
952 666 1107 702 aurea
1131 648 1277 719 virga
1300 646 1416 701 fuit.
1553 708 1556 713 Α

246 729 312 793 65
349 723 603 796 Tresque
627 721 777 776 simul
798 722 999 784 Divae,
1037 720 1252 785 VenuS,
1291 719 1347 773 &
1372 737 1498 774 cum
1522 709 1736 776 Pallade
1759 718 1929 791 Jun0,

427 794 770 851 Graminibus
795 808 1008 848 teneros
1031 792 1332 865 imposuere
1365 793 1546 865 pedes,

350 868 638 940 Obstupui,
677 867 991 940 gelidusque
1016 883 1195 920 comas
1220 878 1463 920 erexerat
1490 866 1719 929 horror;

422 941 567 995 Cum
594 941 752 1004 mihi,
788 940 940 995 Pone
964 950 1198 1002 metum,
1232 938 1446 992 nuntius
1479 939 1581 991 ales
1608 940 1696 994 ait.

339 1012 561 1068 Arbiter
585 1031 638 1066 es
663 1012 895 1068 formae:
937 1012 1225 1066 certamina
1252 1011 1364 1064 siste
1392 1012 1662 1072 Dearum3

247 1104 314 1155 70

53 1322 56 1327 .
113 1295 168 1332 Ne
188 1295 330 1343 dubita,
359 1311 443 1336 nam
460 1312 545 1337 vera
557 1300 658 1348 fidesl

57 1355 195 1403 'Noster
215 1359 321 1398 Pont.
341 1360 403 1398 lib.
423 1373 488 1398 111.
510 1362 566 1399 El.
586 1374 658 1400 vn.

109 1421 293 1458 Proximus
312 1421 392 1458 huic
401 1422 533 1471 gradus
551 1423 594 1470 est*
609 1451 617 1467 ‚
645 1422 726 1459 bene
743 1422 912 1473 desperare
921 1420 1074 1472 salutem
1084 1435 1096 1465 ς

54 1475 58 1478 ’
161 1476 264 1523 Seque
270 1472 377 1522 fimel
394 1472 481 1510 verti
493 1474 580 1523 scire
589 1473 708 1525 perisse
718 1473 802 1522 fide.

0 1554 1 1578 ἢ
59 1531 169 1579 Trist.
186 1546 238 1572 xv.
260 1534 316 1572 El.
339 1547 370 1573 1.

109 1601 218 1647 thue
237 1611 296 1634 nec
314 1596 477 1646 infidias,
505 1598 686 1649 capitisque
705 1598 853 1648 pericula
871 1610 1009 1635 narrem
1020 1624 1032 1642 ,

165 1654 249 1684 Vera
270 1649 409 1699 quidem
422 1676 432 1691 ‚
460 1661 547 1684 vera
556 1649 618 1696 sed
633 1649 800 1696 graviora
810 1648 894 1694 fide.

60 1694 125 1733 sic
153 1698 191 1734 δε
221 1699 269 1736 ibi
296 1699 478 1746 eleganter
506 1707 649 1735 veteres
678 1698 781 1742 libri,
809 1700 848 1736 ὃς
870 1695 1032 1745 apposite
1055 1696 1102 1734 ad

56 1746 121 1801 illa
139 1747 272 1785 Paridis
286 1776 296 1792 ,
324 1748 369 1784 de
397 1749 526 1796 quibus
546 1760 645 1785 nunc
665 1749 819 1797 agimus.
846 1749 960 1796 vulgo
976 1774 987 1792 ,
1016 1752 1102 1784 Vera

55 1796 200 1846 quidem
222 1798 309 1833 vidi.
329 1799 501 1834 Lucanus
521 1799 613 1835 libro
636 1812 708 1835 VII.

111 1851 219 1902 Nunc
241 1847 304 1884 tibi
325 1860 409 1883 vera
418 1847 507 1893 fides
526 1845 690 1897 quaestti,
712 1854 843 1897 Magne
856 1876 866 1894 ‚
876 1847 1020 1895 favoris

112 1897 278 1946 Contigit.

59 1945 178 1993 Libro
198 1960 250 1986 nt.

113 1998 210 2035 Olim
225 2012 310 2036 vera
322 1999 411 2048 fides
429 1998 524 2049 sylla
545 1998 728 2050 Marioque
747 1997 882 2049 receptis

112 2048 298 2086 Libertatis
316 2050 398 2088 obit,

60 2097 116 2147 ,Et
133 2098 440 2149 Festusstrvrenus
458 2100 716 2148 Descriptione
736 2101 864 2139 Orbis:

65 2200 67 2202 Ι
116 2155 202 2186 Vera
210 2150 298 2198 fides
318 2150 390 2189 illic
400 2151 527 2199 femori
540 2150 607 2201 sub
629 2151 777 2200 imagine
792 2160 919 2199 partus

116 2200 300 2251 Disrupiffe
316 2202 447 2248 Jovem
459 2200 664 2251 penetralia.
823 2212 825 2215 “

64 2249 229 2300 Propert.
247 2253 309 2290 lib.
331 2266 385 2290 1v.
410 2253 511 2302 Eleg.
534 2265 566 2290 1.

119 2308 204 2339 Vera
214 2303 276 2352 sed
295 2303 410 2341 invito
430 2303 570 2351 contigit
585 2301 649 2350 ista
660 2301 761 2350 fidesi

0 2351 1 2354 ¹
66 2350 260 2392 Petronius
282 2367 291 2392 ι
329 2355 445 2400 Jurat
476 2353 662 2403 Eumolpus
680 2355 717 2403 se
738 2361 853 2391 mente
865 2351 1110 2404 fimpliciffima

71 2414 115 2443 (θ’
142 2418 227 2444 vera
247 2404 320 2452 fide
344 2407 382 2442 in
409 2404 592 2454 navigium
618 2405 753 2441 comites
771 2404 950 2456 induxiſje.
976 2406 1110 2444 Noster

0 2466 2 2471 ’
71 2452 167 2503 Met.
187 2469 250 2494 111.
269 2457 353 2493 660.

234 2507 372 2556 Adjuro
387 2535 397 2551 ,
425 2517 501 2544 tam
521 2519 575 2544 me
593 2505 657 2543 tibi
675 2519 761 2543 vera
779 2508 924 2554 referre,

124 2558 244 2604 Qum
261 2558 337 2593 veri
357 2559 491 2605 majora
499 2557 583 2606 fide.

0 2640 2 2642 ,
73 2605 277 2695 l(vlizutidiano
298 2636 309 2654 ‚
345 2609 423 2645 Veri
440 2621 526 2645 vera
547 2607 647 2656 fides.
672 2607 721 2646 fic
748 2616 876 2647 contra
896 2606 995 2657 falsa
1012 2607 1114 2658 fides.

66 2681 71 2694 .
123 2668 142 2695 e
160 2687 168 2695 .
184 2670 245 2696 xv.

123 2709 402 2760 ——Falsamque
422 2709 461 2747 in
480 2708 632 2759 imagine
653 2709 788 2748 credens

128 2758 197 2806 Effe
208 2759 327 2806 fidem.

0 2795 17 2869 »ᾗ
77 2808 157 2845 'Veri
174 2809 210 2844 in
225 2811 298 2847 hoc
318 2811 474 2849 Nasonis
491 2812 578 2850 loco
599 2811 670 2851 effe
688 2812 944 2862 reponendum
961 2813 1055 2852 vidit
1075 2814 1116 2851 &

76 2856 302 2897 doctissimus
318 2861 588 2901 Freinshemius
608 2864 653 2901 ad
666 2864 838 2901 Curtium
857 2876 910 2901 xx.
930 2878 962 2913 ς.
982 2877 1026 2902 ex
1050 2864 1113 2902 illo

80 2907 242 2962 Senecae
268 2909 337 2958 Ep.
353 2924 456 2950 xciv.
479 2919 581 2950 Duae
601 2929 651 2950 res
662 2914 859 2964 plurimum
881 2914 1007 2951 roboris
1027 2915 1117 2951 dant

80 2970 200 2994 animo
214 2985 224 3002 ,
244 2957 330 3005 fides
351 2963 425 2998 veri
445 2963 644 3009 &fiducia
672 2966 882 3002 Hnmsms.
910 2966 986 3001 Veri
1003 2966 1116 3002 etiam

82 3007 242 3047 Douzae
269 3009 439 3057 placebat.
467 3013 639 3053 Similiter
663 3027 753 3053 vero
785 3017 948 3064 Propert.
972 3028 1035 3054 111.
1060 3016 1117 3054 El.

19 3083 21 3103 2
81 3067 136 3097 xx.
156 3061 215 3096 61.
243 3071 357 3107 quem
377 3060 537 3099 imitatus
555 3066 697 3104 videtur
714 3066 869 3104 Noster:

185 3114 292 3146 Certa
315 3109 449 3158 loquor,
470 3110 531 3158 sed
549 3114 648 3151 nulla
658 3116 755 3162 fides,

134 3159 194 3217 63..
220 3160 385 3217 Atlantis
411 3161 528 3217 magni
549 3188 560 3205 ,
595 3164 807 3218 Pleionesque
834 3167 973 3219 nepos.]
1011 3169 1117 3206 Haec

83 3207 195 3250 letho
218 3212 372 3255 melior,
400 3222 512 3260 quam
526 3239 537 3255 ‚
561 3219 603 3249 ut
625 3215 773 3262 quidam
795 3220 930 3257 habent
944 3248 954 3264 ‚
983 3219 1120 3256 Atlan-

71 3260 194 3322 ‘eisque
208 3271 326 3314 nepos,
351 3262 565 3313 Pleionesque
586 3271 692 3312 nepos.
716 3266 884 3309 Tametsi
909 3271 1010 3309 enim
1028 3269 1121 3319 figu-

68 3324 78 3341 Χ

423 1085 661 1144 Vincere
686 1104 822 1160 quae
847 1086 1021 1142 forma
1046 1085 1208 1158 digna
1234 1083 1293 1138 fit
1319 1101 1422 1139 una
1446 1082 1591 1139 duas,

2039 1154 2192 1210 Neve

1152 1307 1229 1335 ram
1260 1297 1476 1346 captarunt}
1513 1298 1577 1345 qui
1609 1294 1657 1333 fiC
1681 1294 1836 1344 legunt:
1861 1293 1909 1331 est
1928 1301 2054 1332 tamen
2074 1295 2198 1343 inepta

1154 1348 1350 1385 affectatio.
1381 1347 1554 1396 intelligit
1572 1355 1695 1384 autem
1717 1346 1944 1383 Mercurium
1961 1373 1971 1389 ,
2000 1345 2099 1393 cujus
2120 1356 2199 1383 ina-

1153 1407 1209 1436 ter
1227 1399 1329 1435 Maia
1350 1399 1440 1442 fuit,
1469 1397 1540 1435 filia
1560 1397 1717 1434 Atlantis
1737 1396 1774 1433 δε
1792 1395 1976 1432 Pleiones.
1998 1396 2174 1431 M1crtr..

1205 1448 1266 1498 63.
1295 1455 1360 1485 Fas
1387 1447 1543 1499 vidiffe.]
1573 1448 1690 1485 Hunc
1714 1445 1856 1484 versum
1884 1443 2199 1483 Slichtenhorssius

1157 1500 1195 1535 δε
1208 1500 1378 1537 Francius
1396 1498 1599 1548 parenthesi
1618 1497 1885 1536 includendum
1907 1496 2108 1533 censebant.
2131 1494 2202 1532 sol-

1126 1561 1131 1566 ’
1154 1550 1320 1588 lemnem
1346 1562 1437 1588 vero
1467 1550 1562 1587 hanc
1590 1550 1628 1587 in
1654 1548 1805 1586 occursu
1824 1547 1996 1584 Deorum
2021 1545 2203 1595 precatio-

1157 1612 1245 1637 nem
1268 1600 1453 1638 illustravit
1473 1599 1638 1648 Lipfius,
1666 1599 1712 1636 ad
1739 1598 1799 1636 illa
1829 1598 1957 1635 Senec.
1984 1596 2095 1645 Epist.
2113 1606 2204 1634 cxv.

1159 1649 1330 1698 Utfasfit
1347 1650 1466 1701 vidiffie
1485 1650 1613 1687 tacitus
1625 1659 1798 1699 precatur.
1824 1648 1905 1686 Bur<
1915 1659 2087 1685 stannus.

1208 1703 1266 1747 64.
1295 1707 1402 1751 Inque
1431 1702 1498 1738 Dei
1524 1700 1640 1748 digitis
1666 1712 1772 1735 aurea
1792 1697 1894 1746 virga
1906 1697 2026 1747 suit.]
2057 1694 2201 1734 Alludit

1158 1751 1203 1789 ad
1231 1752 1514 1800 descriptionem
1539 1750 1687 1799 Virgilii
1711 1750 1772 1787 hb,
1797 1760 1852 1787 ιν.
1872 1760 1956 1794 242.
1977 1748 2042 1798 qui
2061 1747 2204 1794 virgam

1159 1802 1348 1840 Mercurio
1364 1802 1510 1846 tribuit,
1537 1802 1591 1838 his
1611 1801 1746 1837 verbis:

1235 1858 1325 1890 Tum
1344 1852 1484 1901 virgam
1504 1852 1593 1901 capit
1606 1879 1616 1894 ‚
1645 1850 1710 1886 hac
1732 1847 1870 1885 animas
1892 1846 1950 1884 ille
1968 1855 2088 1883 evocat
2107 1858 2180 1882 orco

1236 1903 1430 1947 Pallentes,
1457 1901 1548 1938 alias
1561 1900 1627 1950 sub
1647 1899 1760 1948 tristia
1780 1908 1920 1935 tartara
1939 1898 2065 1935 mittit.

1236 1960 1315 1991 Dat
1323 1954 1472 2003 fhmnos,
1483 1952 1679 2002 adimitque
1691 1968 1701 1988 .·
1714 1962 1757 1991 <9⁴
1772 1949 1910 1987 lumina
1926 1958 2033 1985 morte
2050 1945 2208 1997 resigna&

1237 2005 1305 2041 Illa
1319 2006 1433 2051 fretus
1450 2004 1524 2053 agit
1543 2012 1664 2040 ventos
1677 2030 1688 2047 ,
1715 2013 1760 2041 (φ
1777 1999 1921 2037 turbida
1936 2009 2061 2036 tranat

1240 2054 1375 2091 Nubila
1395 2066 1467 2094 effic.
1594 2054 1822 2090 Mica-uus.

1214 2105 1274 2150 67.
1304 2105 1511 2156 Gelidus-que
1539 2117 1651 2142 comas
1676 2111 1830 2141 erexerat
1856 2100 2014 2151 berron]
2046 2100 2206 2139 Notatio

1162 2155 1412 2204 obstupefacti.
1444 2157 1672 2193 Mmums.

1213 2207 1273 2243 68.
1302 2206 1461 2243 Nuntius
1487 2206 1597 2255 ales.]
1627 2205 1856 2248 Mercurius,
1884 2204 1944 2241 cui
1970 2202 2060 2240 alata
2085 2201 2209 2239 talaria

1162 2257 1379 2296 tribuuntur.
1406 2266 1447 2295 ut
1468 2257 1564 2306 apud
1585 2256 1746 2293 cundem
1767 2254 1899 2304 Virgil.
1919 2254 1980 2290 lib.
2001 2265 2052 2291 ιν.
2070 2264 2156 2301 239.

1558 2306 1706 2345 Pedibus
1727 2305 1859 2343 talaria
1877 2304 1982 2342 nectit

1214 2362 1360 2404 Aurea,
1387 2372 1474 2409 quae
1484 2358 1675 2408 sublimem
1697 2357 1763 2394 alis
1776 2385 1786 2401 ,
1798 2354 1874 2406 five
1892 2368 2038 2404 aequora
2049 2354 2180 2402 fizpra‚‘

1217 2415 1280 2446 Seu
1297 2420 1427 2447 terram
1443 2438 1452 2455 ,
1471 2409 1588 2460 rapido
1600 2409 1734 2460 pariter
1755 2421 1831 2444 cum
1843 2406 1992 2457 flamine
2004 2414 2160 2453 portant.

1166 2461 1393 2498 MrcrLLus.

1219 2513 1279 2559 69.
1309 2511 1456 2548 Arbiter
1482 2525 1514 2547 es
1526 2509 1705 2558 formae]
1734 2510 1824 2545 Hoc
1846 2507 1892 2543 est
1918 2505 2074 2542 delectus
2096 2516 2132 2541 es
2147 2504 2213 2552 ju-‘

1168 2561 1239 2599 dex
1255 2590 1265 2607 ,
1289 2563 1353 2611 qui
1374 2562 1419 2599 de
1445 2562 1565 2598 forma
1584 2561 1713 2597 harum
1735 2557 1953 2606 pronuncies
1977 2583 1988 2600 ,
2025 2565 2211 2604 quaenam

1168 2612 1211 2650 fit
1230 2613 1482 2661 pulcherrima.
1510 2612 1734 2647 Mrcrttus.

1219 2666 1280 2712 69.
1308 2663 1514 2700 Certamina
1534 2659 1610 2710 fiste
1637 2657 1834 2707 Dauum]
1864 2656 1943 2704 siste
1968 2655 2059 2693 dixit
2081 2683 2092 2700 ,
2119 2658 2213 2703 pro,⁴

1170 2726 1359 2763 compone
1384 2741 1394 2758 ,
1431 2714 1469 2750 ὃς
1498 2711 1574 2749 fini.
1614 2709 1820 2747 certamina
1850 2716 1974 2745 autem
2004 2705 2210 2754 pluraliter,

1168 2777 1236 2816 pro
1260 2773 1468 2809 certamen,
1497 2757 1581 2798 κατ’
1601 2761 1822 2804 {laxamus-zv.
1851 2759 2071 2795 Mrcrtrus.

1222 2828 1283 2863 70.
1309 2816 1448 2852 Vincere
1466 2810 1685 2866 quaeformoi
1701 2811 1807 2859 digna
1818 2807 1864 2859 fit
1884 2821 1957 2844 una
1975 2806 2100 2856 dua5.]
2119 2807 2211 2844 Pro-

1169 2866 1395 2904 nunciando.
1424 2865 1479 2902 Ita
1511 2873 1634 2900 autem
1667 2863 1777 2899 habet
1808 2860 1938 2897 fabula.
1971 2859 2053 2896 Diis
2081 2858 2214 2895 convi-

1171 2918 1273 2954 vium
1299 2918 1393 2954 inter
1419 2916 1454 2952 sc
1481 2914 1723 2963 agitantibus,
1750 2911 1873 2950 relicta
1894 2911 2011 2948 fuerat
2030 2909 2108 2945 Eris
2125 2937 2135 2951 ‚
2163 2918 2210 2943 nc

1172 2979 1285 3017 quam
1314 2968 1373 3004 illa
1401 2966 1683 3004 contentionem
1714 2970 1776 3000 aut
1803 2963 1907 3000 litem
1934 2961 2074 2998 sereret.
2101 2959 2212 3010 Cete-

1171 3031 1253 3056 rum
1283 3017 1387 3067 quod
1412 3016 1433 3053 a
1462 3015 1647 3065 praesente
1675 3013 1930 3056 metuebatur,
1956 3011 1993 3048 id
2013 3009 2131 3045 absens
2153 3006 2211 3065 ¹1³²}

1171 3069 1283 3107 dedit,
1317 3068 1416 3105 Nam
1437 3078 1595 3116 pomum
1625 3077 1777 3103 aureum
1807 3063 2038 3110 inscriptum,
2067 3059 2083 3098 ἦ
2112 3060 2210 3096 καλή

1171 3120 1323 3164 λαβέτω
1344 3148 1356 3164 ,
1391 3121 1484 3156 inter
1514 3117 1755 3155 convivantes
1782 3107 2067 3166 abjecinQuogl
2085 3107 2184 3162 Juno
2198 3133 2214 3149 ,,

1170 3171 1282 3208 Pallas
1296 3198 1307 3214 ‚
1335 3171 1373 3206 δε
1393 3170 1523 3206 Venus
1551 3168 1777 3216 conspicatae
1792 3194 1800 3208 ‚
1829 3161 2008 3215 quaelibet
2033 3158 2097 3193 nbi
2119 3166 2214 3212 ven-

1173 3220 1366 3258 dicabant:
1395 3220 1578 3268 quaelibet
1605 3219 1706 3256 enim
1735 3218 1863 3253 harum
1889 3239 1899 3253 ‚
1934 3214 2054 3246 torma
2084 3214 2213 3243 ceteris

1174 3271 1348 3322 praestare
1376 3270 1447 3311 sese
1474 3268 1652 3322 censebat.
1681 3268 1808 3314 Itaque
1835 3271 1920 3301 cum
1951 3270 1999 3298 ex
2025 3268 2072 3296 co
2097 3264 2220 3350 ‘³⁶32ss

2127 3331 2140 3347 Δ
2194 3338 2224 3346 Δ.
