<?xml version="1.0" encoding="UTF-8"?>
<!DOCTYPE html PUBLIC "-//W3C//DTD XHTML 1.0 Transitional//EN"
    "http://www.w3.org/TR/xhtml1/DTD/xhtml1-transitional.dtd">
<html xmlns="http://www.w3.org/1999/xhtml" xml:lang="en" lang="en">
 <head>
  <title>
</title>
<meta http-equiv="Content-Type" content="text/html;charset=utf-8" />
  <meta name='ocr-system' content='tesseract 3.04.00' />
  <meta name='ocr-capabilities' content='ocr_page ocr_carea ocr_par ocr_line ocrx_word'/>
</head>
<body>
  <div class='ocr_page' id='page_1' title='image "./publiiovidiinaso01ovid_0166.png"; bbox 0 0 2553 3676; ppageno 0'>
   <div class='ocr_carea' id='block_1_1' title="bbox 772 204 1327 264">
    <p class='ocr_par' dir='ltr' id='par_1_1' title="bbox 772 204 1327 264">
     <span class='ocr_line' id='line_1_1' title="bbox 772 204 1327 264; baseline -0.007 0"><span class='ocrx_word' id='word_1_1' title='bbox 772 207 834 264; x_wconf 89' lang='lat' dir='ltr'><strong>P.</strong></span> <span class='ocrx_word' id='word_1_2' title='bbox 909 204 1327 263; x_wconf 91' lang='lat' dir='ltr'>OVIDII</span> 
     </span>
    </p>
   </div>
   <div class='ocr_carea' id='block_1_2' title="bbox 1398 201 1933 260">
    <p class='ocr_par' dir='ltr' id='par_1_2' title="bbox 1398 201 1933 260">
     <span class='ocr_line' id='line_1_2' title="bbox 1398 201 1933 260; baseline -0.002 0"><span class='ocrx_word' id='word_1_3' title='bbox 1398 201 1933 260; x_wconf 90' lang='lat' dir='ltr'><strong>NASONIS</strong></span> 
     </span>
    </p>
   </div>
   <div class='ocr_carea' id='block_1_3' title="bbox 472 292 2143 951">
    <p class='ocr_par' dir='ltr' id='par_1_3' title="bbox 574 292 1981 442">
     <span class='ocr_line' id='line_1_3' title="bbox 574 292 1981 368; baseline -0.005 -10"><span class='ocrx_word' id='word_1_4' title='bbox 574 301 689 358; x_wconf 86' lang='lat' dir='ltr'><strong>Aut</strong></span> <span class='ocrx_word' id='word_1_5' title='bbox 712 297 850 352; x_wconf 83' lang='lat' dir='ltr'><strong>vidi:</strong></span> <span class='ocrx_word' id='word_1_6' title='bbox 892 310 981 352; x_wconf 90' lang='lat' dir='ltr'><strong>aut</strong></span> <span class='ocrx_word' id='word_1_7' title='bbox 1007 298 1197 360; x_wconf 84' lang='lat' dir='ltr'><strong>etiam,</strong></span> <span class='ocrx_word' id='word_1_8' title='bbox 1235 313 1361 350; x_wconf 91' lang='lat' dir='ltr'><strong>cum</strong></span> <span class='ocrx_word' id='word_1_9' title='bbox 1386 312 1473 349; x_wconf 90' lang='lat' dir='ltr'><strong>me</strong></span> <span class='ocrx_word' id='word_1_10' title='bbox 1499 292 1684 349; x_wconf 83' lang='lat' dir='ltr'><strong>vidiffe</strong></span> <span class='ocrx_word' id='word_1_11' title='bbox 1709 308 1981 368; x_wconf 86' lang='lat' dir='ltr'><strong>putarem,</strong></span> 
     </span>
     <span class='ocr_line' id='line_1_4' title="bbox 646 367 1653 442; baseline -0.008 -14"><span class='ocrx_word' id='word_1_12' title='bbox 646 370 917 442; x_wconf 82' lang='lat' dir='ltr'>Frigidior</span> <span class='ocrx_word' id='word_1_13' title='bbox 943 370 1109 441; x_wconf 87' lang='lat' dir='ltr'><strong>glacie</strong></span> <span class='ocrx_word' id='word_1_14' title='bbox 1132 369 1538 441; x_wconf 81' lang='lat' dir='ltr'><strong>semanimisque</strong></span> <span class='ocrx_word' id='word_1_15' title='bbox 1561 367 1653 421; x_wconf 89' lang='lat' dir='ltr'><strong>fui.</strong></span> 
     </span>
    </p>

    <p class='ocr_par' dir='ltr' id='par_1_4' title="bbox 573 440 1909 579">
     <span class='ocr_line' id='line_1_5' title="bbox 573 440 1909 515; baseline -0.005 -12"><span class='ocrx_word' id='word_1_16' title='bbox 573 447 691 503; x_wconf 86' lang='lat' dir='ltr'><strong>Nec</strong></span> <span class='ocrx_word' id='word_1_17' title='bbox 716 445 968 514; x_wconf 75' lang='lat' dir='ltr'><strong>languere</strong></span> <span class='ocrx_word' id='word_1_18' title='bbox 995 442 1089 497; x_wconf 90' lang='lat' dir='ltr'><strong>diu</strong></span> <span class='ocrx_word' id='word_1_19' title='bbox 1111 443 1309 515; x_wconf 88' lang='lat' dir='ltr'><strong>patitur</strong></span> <span class='ocrx_word' id='word_1_20' title='bbox 1339 440 1511 495; x_wconf 89' lang='lat' dir='ltr'><strong>dolor.</strong></span> <span class='ocrx_word' id='word_1_21' title='bbox 1553 441 1763 495; x_wconf 79' lang='lat' dir='ltr'><strong>excitor</strong></span> <span class='ocrx_word' id='word_1_22' title='bbox 1788 442 1909 506; x_wconf 88' lang='grc'><strong>1110,</strong></span> 
     </span>
     <span class='ocr_line' id='line_1_6' title="bbox 648 514 1810 579; baseline -0.002 -8"><span class='ocrx_word' id='word_1_23' title='bbox 648 516 906 579; x_wconf 76' lang='lat' dir='ltr'><strong>Excitor-3</strong></span> <span class='ocrx_word' id='word_1_24' title='bbox 950 516 1006 570; x_wconf 83' lang='lat'>&amp;</span> <span class='ocrx_word' id='word_1_25' title='bbox 1030 515 1234 571; x_wconf 74' lang='lat' dir='ltr'><strong>summa</strong></span> <span class='ocrx_word' id='word_1_26' title='bbox 1258 514 1470 568; x_wconf 88' lang='lat' dir='ltr'><strong>Thesea</strong></span> <span class='ocrx_word' id='word_1_27' title='bbox 1492 531 1629 567; x_wconf 81' lang='lat' dir='ltr'><strong>voce</strong></span> <span class='ocrx_word' id='word_1_28' title='bbox 1653 532 1810 569; x_wconf 81' lang='lat' dir='ltr'><strong>voco,</strong></span> 
     </span>
    </p>

    <p class='ocr_par' dir='ltr' id='par_1_5' title="bbox 472 586 2143 807">
     <span class='ocr_line' id='line_1_7' title="bbox 472 586 2143 663; baseline -0.002 -19"><span class='ocrx_word' id='word_1_29' title='bbox 472 611 534 662; x_wconf 78' lang='lat'><strong>35</strong></span> <span class='ocrx_word' id='word_1_30' title='bbox 576 590 706 663; x_wconf 87' lang='lat' dir='ltr'><strong>Quo</strong></span> <span class='ocrx_word' id='word_1_31' title='bbox 732 589 898 660; x_wconf 80' lang='lat' dir='ltr'><strong>fugis?</strong></span> <span class='ocrx_word' id='word_1_32' title='bbox 937 591 1207 644; x_wconf 84' lang='lat' dir='ltr'><strong>exclamo:</strong></span> <span class='ocrx_word' id='word_1_33' title='bbox 1248 587 1529 649; x_wconf 83' lang='lat' dir='ltr'><strong>scelerate,</strong></span> <span class='ocrx_word' id='word_1_34' title='bbox 1565 600 1866 652; x_wconf 83' lang='lat' dir='ltr'><strong>revertere,</strong></span> <span class='ocrx_word' id='word_1_35' title='bbox 1902 586 2143 642; x_wconf 67' lang='lat' dir='ltr'><strong>Theseu,</strong></span> 
     </span>
     <span class='ocr_line' id='line_1_8' title="bbox 650 658 1984 723; baseline -0.001 -6"><span class='ocrx_word' id='word_1_36' title='bbox 650 662 830 717; x_wconf 65' lang='lat' dir='ltr'><strong>Flecte</strong></span> <span class='ocrx_word' id='word_1_37' title='bbox 846 679 1044 723; x_wconf 89' lang='lat' dir='ltr'><strong>ratem;</strong></span> <span class='ocrx_word' id='word_1_38' title='bbox 1088 676 1372 714; x_wconf 89' lang='lat' dir='ltr'><strong>numerum</strong></span> <span class='ocrx_word' id='word_1_39' title='bbox 1395 676 1506 712; x_wconf 88' lang='lat' dir='ltr'><strong>non</strong></span> <span class='ocrx_word' id='word_1_40' title='bbox 1530 658 1689 712; x_wconf 91' lang='lat' dir='ltr'><strong>habet</strong></span> <span class='ocrx_word' id='word_1_41' title='bbox 1712 661 1795 714; x_wconf 88' lang='lat' dir='ltr'><strong>illa</strong></span> <span class='ocrx_word' id='word_1_42' title='bbox 1816 661 1984 715; x_wconf 87' lang='lat' dir='ltr'><strong>suum.</strong></span> 
     </span>
     <span class='ocr_line' id='line_1_9' title="bbox 575 731 2063 807; baseline -0.003 -16"><span class='ocrx_word' id='word_1_43' title='bbox 575 735 735 792; x_wconf 88' lang='lat' dir='ltr'><strong>Haec</strong></span> <span class='ocrx_word' id='word_1_44' title='bbox 760 753 877 806; x_wconf 85' lang='lat' dir='ltr'><strong>ego.</strong></span> <span class='ocrx_word' id='word_1_45' title='bbox 919 734 1070 807; x_wconf 89' lang='lat' dir='ltr'><strong>quod</strong></span> <span class='ocrx_word' id='word_1_46' title='bbox 1094 732 1218 787; x_wconf 79' lang='lat' dir='ltr'><strong>voci</strong></span> <span class='ocrx_word' id='word_1_47' title='bbox 1244 731 1457 796; x_wconf 81' lang='lat' dir='ltr'><strong>deerat,</strong></span> <span class='ocrx_word' id='word_1_48' title='bbox 1494 732 1750 804; x_wconf 81' lang='lat' dir='ltr'>plangore</span> <span class='ocrx_word' id='word_1_49' title='bbox 1777 733 2063 806; x_wconf 80' lang='lat' dir='ltr'><strong>replebam.</strong></span> 
     </span>
    </p>

    <p class='ocr_par' dir='ltr' id='par_1_6' title="bbox 580 804 1815 951">
     <span class='ocr_line' id='line_1_10' title="bbox 653 804 1781 864; baseline -0.004 0"><span class='ocrx_word' id='word_1_50' title='bbox 653 809 703 864; x_wconf 69' lang='lat' dir='ltr'>V</span> <span class='ocrx_word' id='word_1_51' title='bbox 713 809 897 862; x_wconf 84' lang='lat' dir='ltr'><strong>erbera</strong></span> <span class='ocrx_word' id='word_1_52' title='bbox 923 825 1049 860; x_wconf 88' lang='lat' dir='ltr'><strong>eum</strong></span> <span class='ocrx_word' id='word_1_53' title='bbox 1071 805 1246 859; x_wconf 78' lang='lat' dir='ltr'><strong>verbis</strong></span> <span class='ocrx_word' id='word_1_54' title='bbox 1270 804 1438 858; x_wconf 85' lang='lat' dir='ltr'><strong>mixta</strong></span> <span class='ocrx_word' id='word_1_55' title='bbox 1460 804 1610 858; x_wconf 89' lang='lat' dir='ltr'><strong>fuere</strong></span> <span class='ocrx_word' id='word_1_56' title='bbox 1634 806 1781 860; x_wconf 79' lang='lat' dir='ltr'><strong>meis,</strong></span> 
     </span>
     <span class='ocr_line' id='line_1_11' title="bbox 580 878 1815 951; baseline -0.001 -16"><span class='ocrx_word' id='word_1_57' title='bbox 580 882 635 936; x_wconf 86' lang='lat' dir='ltr'><strong>Si</strong></span> <span class='ocrx_word' id='word_1_58' title='bbox 660 899 770 934; x_wconf 88' lang='lat' dir='ltr'><strong>non</strong></span> <span class='ocrx_word' id='word_1_59' title='bbox 797 879 1035 943; x_wconf 65' lang='lat' dir='ltr'><strong>audires,</strong></span> <span class='ocrx_word' id='word_1_60' title='bbox 1073 892 1132 932; x_wconf 89' lang='lat' dir='ltr'><strong>ut</strong></span> <span class='ocrx_word' id='word_1_61' title='bbox 1156 879 1339 932; x_wconf 79' lang='lat' dir='ltr'><strong>saltem</strong></span> <span class='ocrx_word' id='word_1_62' title='bbox 1363 895 1585 931; x_wconf 88' lang='lat' dir='ltr'><strong>cernere</strong></span> <span class='ocrx_word' id='word_1_63' title='bbox 1610 878 1780 951; x_wconf 80' lang='lat' dir='ltr'><strong>poffes</strong></span> <span class='ocrx_word' id='word_1_64' title='bbox 1798 919 1815 943; x_wconf 82' lang='lat'>‚</span> 
     </span>
    </p>
   </div>
   <div class='ocr_carea' id='block_1_4' title="bbox 472 974 543 1025">
    <p class='ocr_par' dir='ltr' id='par_1_7' title="bbox 472 974 543 1025">
     <span class='ocr_line' id='line_1_12' title="bbox 472 974 543 1025; baseline 0 -18"><span class='ocrx_word' id='word_1_65' title='bbox 472 974 543 1025; x_wconf 82' lang='lat'><strong>40</strong></span> 
     </span>
    </p>
   </div>
   <div class='ocr_carea' id='block_1_5' title="bbox 647 950 1630 1032">
    <p class='ocr_par' dir='ltr' id='par_1_8' title="bbox 647 950 1630 1032">
     <span class='ocr_line' id='line_1_13' title="bbox 647 950 1630 1032; baseline -0.001 -27"><span class='ocrx_word' id='word_1_66' title='bbox 647 952 879 1024; x_wconf 62' lang='lat' dir='ltr'><strong>jactatae</strong></span> <span class='ocrx_word' id='word_1_67' title='bbox 906 952 1009 1006; x_wconf 87' lang='lat' dir='ltr'><strong>late</strong></span> <span class='ocrx_word' id='word_1_68' title='bbox 1034 951 1175 1032; x_wconf 76' lang='lat' dir='ltr'><strong>signa</strong></span> <span class='ocrx_word' id='word_1_69' title='bbox 1202 950 1406 1005; x_wconf 83' lang='lat' dir='ltr'><strong>dedere</strong></span> <span class='ocrx_word' id='word_1_70' title='bbox 1430 968 1630 1005; x_wconf 80' lang='lat' dir='ltr'><strong>manus,</strong></span> 
     </span>
    </p>
   </div>
   <div class='ocr_carea' id='block_1_6' title="bbox 582 1024 1929 1153">
    <p class='ocr_par' dir='ltr' id='par_1_9' title="bbox 582 1024 1929 1153">
     <span class='ocr_line' id='line_1_14' title="bbox 582 1024 1929 1099; baseline -0.001 -18"><span class='ocrx_word' id='word_1_71' title='bbox 582 1025 938 1099; x_wconf 76' lang='lat' dir='ltr'><strong>Candidaque</strong></span> <span class='ocrx_word' id='word_1_72' title='bbox 962 1025 1189 1098; x_wconf 76' lang='lat' dir='ltr'><strong>impoiui</strong></span> <span class='ocrx_word' id='word_1_73' title='bbox 1215 1026 1406 1095; x_wconf 86' lang='lat' dir='ltr'><strong>longae</strong></span> <span class='ocrx_word' id='word_1_74' title='bbox 1432 1024 1692 1079; x_wconf 80' lang='lat' dir='ltr'><strong>velamina</strong></span> <span class='ocrx_word' id='word_1_75' title='bbox 1716 1025 1929 1097; x_wconf 84' lang='lat' dir='ltr'><strong>virgae,</strong></span> 
     </span>
     <span class='ocr_line' id='line_1_15' title="bbox 660 1097 1611 1153; baseline -0.002 0"><span class='ocrx_word' id='word_1_76' title='bbox 660 1100 875 1153; x_wconf 83' lang='lat' dir='ltr'><strong>Scilicet</strong></span> <span class='ocrx_word' id='word_1_77' title='bbox 901 1098 1096 1153; x_wconf 81' lang='lat' dir='ltr'><strong>oblitos</strong></span> <span class='ocrx_word' id='word_1_78' title='bbox 1125 1097 1462 1152; x_wconf 82' lang='lat' dir='ltr'><strong>admonitura</strong></span> <span class='ocrx_word' id='word_1_79' title='bbox 1489 1098 1611 1151; x_wconf 90' lang='lat' dir='ltr'><strong>mei.</strong></span> 
     </span>
    </p>
   </div>
   <div class='ocr_carea' id='block_1_7' title="bbox 575 1170 2003 1318">
    <p class='ocr_par' dir='ltr' id='par_1_10' title="bbox 575 1170 2003 1318">
     <span class='ocr_line' id='line_1_16' title="bbox 575 1170 2003 1246; baseline -0.001 -19"><span class='ocrx_word' id='word_1_80' title='bbox 575 1174 804 1246; x_wconf 87' lang='lat' dir='ltr'><strong>Jamque</strong></span> <span class='ocrx_word' id='word_1_81' title='bbox 828 1173 995 1226; x_wconf 82' lang='lat' dir='ltr'><strong>oculis</strong></span> <span class='ocrx_word' id='word_1_82' title='bbox 1022 1185 1235 1244; x_wconf 81' lang='lat' dir='ltr'><strong>ereptus</strong></span> <span class='ocrx_word' id='word_1_83' title='bbox 1260 1189 1397 1226; x_wconf 83' lang='lat' dir='ltr'><strong>eras:</strong></span> <span class='ocrx_word' id='word_1_84' title='bbox 1440 1186 1556 1225; x_wconf 90' lang='lat' dir='ltr'><strong>tum</strong></span> <span class='ocrx_word' id='word_1_85' title='bbox 1582 1170 1818 1244; x_wconf 88' lang='lat' dir='ltr'><strong>denique</strong></span> <span class='ocrx_word' id='word_1_86' title='bbox 1843 1170 2003 1234; x_wconf 82' lang='lat' dir='ltr'><strong>flevi3</strong></span> 
     </span>
     <span class='ocr_line' id='line_1_17' title="bbox 655 1244 1791 1318; baseline -0.002 -18"><span class='ocrx_word' id='word_1_87' title='bbox 655 1245 1005 1318; x_wconf 84' lang='lat' dir='ltr'><strong>Torpuerant</strong></span> <span class='ocrx_word' id='word_1_88' title='bbox 1031 1246 1217 1300; x_wconf 83' lang='lat' dir='ltr'><strong>molles</strong></span> <span class='ocrx_word' id='word_1_89' title='bbox 1241 1259 1364 1298; x_wconf 85' lang='lat' dir='ltr'><strong>ante</strong></span> <span class='ocrx_word' id='word_1_90' title='bbox 1391 1244 1582 1299; x_wconf 89' lang='lat' dir='ltr'><strong>dolore</strong></span> <span class='ocrx_word' id='word_1_91' title='bbox 1607 1261 1791 1316; x_wconf 86' lang='lat' dir='ltr'><strong>genae.</strong></span> 
     </span>
    </p>
   </div>
   <div class='ocr_carea' id='block_1_8' title="bbox 475 1337 543 1387">
    <p class='ocr_par' dir='ltr' id='par_1_11' title="bbox 475 1337 543 1387">
     <span class='ocr_line' id='line_1_18' title="bbox 475 1337 543 1387; baseline 0 0"><span class='ocrx_word' id='word_1_92' title='bbox 475 1337 543 1387; x_wconf 78' lang='lat'><strong>45</strong></span> 
     </span>
    </p>
   </div>
   <div class='ocr_carea' id='block_1_9' title="bbox 583 1316 2166 1392">
    <p class='ocr_par' dir='ltr' id='par_1_12' title="bbox 583 1316 2166 1392">
     <span class='ocr_line' id='line_1_19' title="bbox 583 1316 2166 1392; baseline -0.002 -19"><span class='ocrx_word' id='word_1_93' title='bbox 583 1319 736 1392; x_wconf 90' lang='lat' dir='ltr'><strong>Quid</strong></span> <span class='ocrx_word' id='word_1_94' title='bbox 761 1319 942 1391; x_wconf 83' lang='lat' dir='ltr'><strong>potius</strong></span> <span class='ocrx_word' id='word_1_95' title='bbox 966 1319 1234 1381; x_wconf 83' lang='lat' dir='ltr'><strong>facerent,</strong></span> <span class='ocrx_word' id='word_1_96' title='bbox 1272 1336 1432 1392; x_wconf 88' lang='lat' dir='ltr'><strong>quam</strong></span> <span class='ocrx_word' id='word_1_97' title='bbox 1457 1335 1545 1372; x_wconf 90' lang='lat' dir='ltr'><strong>me</strong></span> <span class='ocrx_word' id='word_1_98' title='bbox 1571 1336 1691 1371; x_wconf 91' lang='lat' dir='ltr'><strong>mea</strong></span> <span class='ocrx_word' id='word_1_99' title='bbox 1715 1317 1915 1373; x_wconf 86' lang='lat' dir='ltr'><strong>lumina</strong></span> <span class='ocrx_word' id='word_1_100' title='bbox 1937 1316 2166 1382; x_wconf 85' lang='lat' dir='ltr'><strong>flerent,</strong></span> 
     </span>
    </p>
   </div>
   <div class='ocr_carea' id='block_1_10' title="bbox 660 1391 1740 1467">
    <p class='ocr_par' dir='ltr' id='par_1_13' title="bbox 660 1391 1740 1467">
     <span class='ocr_line' id='line_1_20' title="bbox 660 1391 1740 1467; baseline -0.004 -20"><span class='ocrx_word' id='word_1_101' title='bbox 660 1393 950 1467; x_wconf 87' lang='lat' dir='ltr'><strong>Postquam</strong></span> <span class='ocrx_word' id='word_1_102' title='bbox 974 1391 1236 1448; x_wconf 83' lang='lat' dir='ltr'><strong>defierant</strong></span> <span class='ocrx_word' id='word_1_103' title='bbox 1259 1393 1376 1447; x_wconf 84' lang='lat' dir='ltr'><strong>vela</strong></span> <span class='ocrx_word' id='word_1_104' title='bbox 1401 1391 1590 1447; x_wconf 85' lang='lat' dir='ltr'><strong>videre</strong></span> <span class='ocrx_word' id='word_1_105' title='bbox 1615 1391 1740 1445; x_wconf 85' lang='lat' dir='ltr'><strong>tua?</strong></span> 
     </span>
    </p>
   </div>
   <div class='ocr_carea' id='block_1_11' title="bbox 293 1579 1371 2944">
    <p class='ocr_par' dir='ltr' id='par_1_14' title="bbox 293 1579 1352 1783">
     <span class='ocr_line' id='line_1_21' title="bbox 346 1579 1347 1632; baseline 0 -14"><span class='ocrx_word' id='word_1_106' title='bbox 346 1590 408 1630; x_wconf 77' lang='lat'><strong>31.</strong></span> <span class='ocrx_word' id='word_1_107' title='bbox 434 1583 516 1617; x_wconf 79' lang='lat' dir='ltr'><strong>Aut</strong></span> <span class='ocrx_word' id='word_1_108' title='bbox 537 1580 638 1625; x_wconf 79' lang='lat' dir='ltr'><em>vidi,</em></span> <span class='ocrx_word' id='word_1_109' title='bbox 666 1591 731 1618; x_wconf 80' lang='lat' dir='ltr'><strong>aut</strong></span> <span class='ocrx_word' id='word_1_110' title='bbox 757 1592 841 1620; x_wconf 84' lang='lat' dir='ltr'><strong>certe</strong></span> <span class='ocrx_word' id='word_1_111' title='bbox 865 1582 949 1632; x_wconf 79' lang='lat' dir='ltr'><strong>qnia</strong></span> <span class='ocrx_word' id='word_1_112' title='bbox 971 1596 1025 1620; x_wconf 88' lang='lat' dir='ltr'><strong>me</strong></span> <span class='ocrx_word' id='word_1_113' title='bbox 1043 1579 1164 1629; x_wconf 80' lang='lat' dir='ltr'><strong>vidisse</strong></span> <span class='ocrx_word' id='word_1_114' title='bbox 1176 1579 1347 1630; x_wconf 77' lang='lat' dir='ltr'><strong>putavi.]</strong></span> 
     </span>
     <span class='ocr_line' id='line_1_22' title="bbox 293 1632 1350 1681; baseline 0 -13"><span class='ocrx_word' id='word_1_115' title='bbox 293 1632 393 1669; x_wconf 87' lang='lat' dir='ltr'><strong>Mire</strong></span> <span class='ocrx_word' id='word_1_116' title='bbox 425 1632 572 1669; x_wconf 82' lang='lat' dir='ltr'><strong>turbant</strong></span> <span class='ocrx_word' id='word_1_117' title='bbox 600 1633 661 1669; x_wconf 88' lang='lat' dir='ltr'><strong>hic</strong></span> <span class='ocrx_word' id='word_1_118' title='bbox 691 1632 816 1670; x_wconf 81' lang='lat' dir='ltr'><strong>denuo</strong></span> <span class='ocrx_word' id='word_1_119' title='bbox 849 1633 959 1681; x_wconf 83' lang='lat' dir='ltr'><strong>prisca</strong></span> <span class='ocrx_word' id='word_1_120' title='bbox 991 1632 1223 1680; x_wconf 80' lang='lat' dir='ltr'><strong>exemplaria.</strong></span> <span class='ocrx_word' id='word_1_121' title='bbox 1261 1633 1350 1669; x_wconf 87' lang='lat' dir='ltr'><strong>alter</strong></span> 
     </span>
     <span class='ocr_line' id='line_1_23' title="bbox 293 1682 1352 1732; baseline 0.001 -13"><span class='ocrx_word' id='word_1_122' title='bbox 293 1682 468 1719; x_wconf 86' lang='lat' dir='ltr'><strong>Mentelii</strong></span> <span class='ocrx_word' id='word_1_123' title='bbox 484 1711 492 1725; x_wconf 89' lang='lat'><em>,</em></span> <span class='ocrx_word' id='word_1_124' title='bbox 510 1683 596 1719; x_wconf 84' lang='lat' dir='ltr'><strong>dum</strong></span> <span class='ocrx_word' id='word_1_125' title='bbox 614 1696 668 1719; x_wconf 84' lang='lat' dir='ltr'><strong>me</strong></span> <span class='ocrx_word' id='word_1_126' title='bbox 688 1683 808 1732; x_wconf 72' lang='lat' dir='ltr'><strong>vidiffle</strong></span> <span class='ocrx_word' id='word_1_127' title='bbox 823 1684 1213 1732; x_wconf 74' lang='lat' dir='ltr'><strong>putarem.‘Puteaneus</strong></span> <span class='ocrx_word' id='word_1_128' title='bbox 1226 1684 1352 1728; x_wconf 81' lang='lat' dir='ltr'><strong>‚hiatu</strong></span> 
     </span>
     <span class='ocr_line' id='line_1_24' title="bbox 294 1732 1113 1783; baseline 0.001 -13"><span class='ocrx_word' id='word_1_129' title='bbox 294 1732 425 1771; x_wconf 65' lang='lat' dir='ltr'><strong>relicto</strong></span> <span class='ocrx_word' id='word_1_130' title='bbox 446 1734 483 1770; x_wconf 90' lang='lat' dir='ltr'><strong>in</strong></span> <span class='ocrx_word' id='word_1_131' title='bbox 502 1734 569 1770; x_wconf 88' lang='lat' dir='ltr'><strong>illis</strong></span> <span class='ocrx_word' id='word_1_132' title='bbox 582 1762 590 1777; x_wconf 94' lang='lat'><strong>‚</strong></span> <span class='ocrx_word' id='word_1_133' title='bbox 619 1745 714 1783; x_wconf 81' lang='lat' dir='ltr'><strong>quae</strong></span> <span class='ocrx_word' id='word_1_134' title='bbox 734 1734 806 1783; x_wconf 83' lang='lat' dir='ltr'><strong>legi</strong></span> <span class='ocrx_word' id='word_1_135' title='bbox 829 1747 906 1772; x_wconf 87' lang='lat' dir='ltr'><strong>non</strong></span> <span class='ocrx_word' id='word_1_136' title='bbox 924 1743 1113 1783; x_wconf 83' lang='lat' dir='ltr'><strong>poterant:</strong></span> 
     </span>
    </p>

    <p class='ocr_par' dir='ltr' id='par_1_15' title="bbox 300 1784 1217 1873">
     <span class='ocr_line' id='line_1_25' title="bbox 300 1784 1217 1873; baseline 0.002 -53"><span class='ocrx_word' id='word_1_137' title='bbox 300 1834 329 1873; x_wconf 74' lang='lat' dir='ltr'><strong>P</strong></span> <span class='ocrx_word' id='word_1_138' title='bbox 348 1788 429 1820; x_wconf 79' lang='lat' dir='ltr'><strong>Aut</strong></span> <span class='ocrx_word' id='word_1_139' title='bbox 449 1784 528 1821; x_wconf 78' lang='lat' dir='ltr'><em>vidi</em></span> <span class='ocrx_word' id='word_1_140' title='bbox 548 1784 620 1821; x_wconf 54' lang='lat' dir='ltr'><strong>ln...</strong></span> <span class='ocrx_word' id='word_1_141' title='bbox 633 1785 712 1833; x_wconf 86' lang='lat' dir='ltr'><strong>jam</strong></span> <span class='ocrx_word' id='word_1_142' title='bbox 731 1799 820 1836; x_wconf 76' lang='lat' dir='ltr'><strong>quae</strong></span> <span class='ocrx_word' id='word_1_143' title='bbox 837 1799 890 1823; x_wconf 90' lang='lat' dir='ltr'><strong>me</strong></span> <span class='ocrx_word' id='word_1_144' title='bbox 909 1785 1029 1835; x_wconf 82' lang='lat' dir='ltr'><strong>vidiffe</strong></span> <span class='ocrx_word' id='word_1_145' title='bbox 1038 1794 1217 1836; x_wconf 80' lang='lat' dir='ltr'><strong>putarem.</strong></span> 
     </span>
     <span class='ocr_line' id='line_1_26' title="bbox 333 1842 425 1871; baseline 0 0"><span class='ocrx_word' id='word_1_146' title='bbox 333 1842 399 1871; x_wconf 88' lang='lat' dir='ltr'><strong>uto</strong></span> <span class='ocrx_word' id='word_1_147' title='bbox 417 1848 425 1871; x_wconf 92' lang='lat'><strong>:</strong></span> 
     </span>
    </p>

    <p class='ocr_par' dir='ltr' id='par_1_16' title="bbox 299 1885 1353 1987">
     <span class='ocr_line' id='line_1_27' title="bbox 352 1885 1353 1938; baseline 0.002 -17"><span class='ocrx_word' id='word_1_148' title='bbox 352 1889 433 1921; x_wconf 85' lang='lat' dir='ltr'><strong>Aut</strong></span> <span class='ocrx_word' id='word_1_149' title='bbox 454 1885 547 1929; x_wconf 78' lang='lat' dir='ltr'><em>vidi,</em></span> <span class='ocrx_word' id='word_1_150' title='bbox 560 1895 623 1922; x_wconf 79' lang='lat' dir='ltr'><strong>aut</strong></span> <span class='ocrx_word' id='word_1_151' title='bbox 642 1886 733 1937; x_wconf 79' lang='lat' dir='ltr'><strong>quod</strong></span> <span class='ocrx_word' id='word_1_152' title='bbox 750 1897 850 1923; x_wconf 85' lang='lat' dir='ltr'><strong>erant</strong></span> <span class='ocrx_word' id='word_1_153' title='bbox 868 1900 956 1938; x_wconf 74' lang='lat' dir='ltr'><strong>quae</strong></span> <span class='ocrx_word' id='word_1_154' title='bbox 973 1900 1026 1924; x_wconf 85' lang='lat' dir='ltr'><strong>me</strong></span> <span class='ocrx_word' id='word_1_155' title='bbox 1044 1885 1164 1935; x_wconf 77' lang='lat' dir='ltr'><strong>vidtffe</strong></span> <span class='ocrx_word' id='word_1_156' title='bbox 1181 1895 1353 1935; x_wconf 81' lang='lat' dir='ltr'><strong>putarem.</strong></span> 
     </span>
     <span class='ocr_line' id='line_1_28' title="bbox 299 1936 1206 1987; baseline 0.002 -14"><span class='ocrx_word' id='word_1_157' title='bbox 299 1936 393 1985; x_wconf 90' lang='lat' dir='ltr'><strong>Quo</strong></span> <span class='ocrx_word' id='word_1_158' title='bbox 415 1937 630 1974; x_wconf 85' lang='lat' dir='ltr'><strong>&amp;alludunt</strong></span> <span class='ocrx_word' id='word_1_159' title='bbox 650 1947 721 1975; x_wconf 89' lang='lat' dir='ltr'><strong>tres</strong></span> <span class='ocrx_word' id='word_1_160' title='bbox 737 1938 798 1975; x_wconf 91' lang='lat' dir='ltr'><strong>alii</strong></span> <span class='ocrx_word' id='word_1_161' title='bbox 823 1939 1031 1982; x_wconf 86' lang='lat' dir='ltr'><strong>codices‚in</strong></span> <span class='ocrx_word' id='word_1_162' title='bbox 1052 1939 1206 1987; x_wconf 82' lang='lat' dir='ltr'><strong>quibus:</strong></span> 
     </span>
    </p>

    <p class='ocr_par' dir='ltr' id='par_1_17' title="bbox 298 1988 1355 2193">
     <span class='ocr_line' id='line_1_29' title="bbox 352 1988 1309 2040; baseline 0 -17"><span class='ocrx_word' id='word_1_163' title='bbox 352 1992 434 2023; x_wconf 87' lang='lat' dir='ltr'><strong>Aut</strong></span> <span class='ocrx_word' id='word_1_164' title='bbox 455 1988 533 2024; x_wconf 81' lang='lat' dir='ltr'><strong>vidi</strong></span> <span class='ocrx_word' id='word_1_165' title='bbox 548 2016 557 2032; x_wconf 89' lang='lat'>‚</span> <span class='ocrx_word' id='word_1_166' title='bbox 585 1998 648 2024; x_wconf 77' lang='lat' dir='ltr'><strong>aut</strong></span> <span class='ocrx_word' id='word_1_167' title='bbox 658 1988 808 2035; x_wconf 84' lang='lat' dir='ltr'><strong>fuerant</strong></span> <span class='ocrx_word' id='word_1_168' title='bbox 825 2003 912 2040; x_wconf 78' lang='lat' dir='ltr'><strong>quae</strong></span> <span class='ocrx_word' id='word_1_169' title='bbox 934 2003 988 2026; x_wconf 86' lang='lat' dir='ltr'><strong>me</strong></span> <span class='ocrx_word' id='word_1_170' title='bbox 1005 1988 1125 2038; x_wconf 73' lang='lat' dir='ltr'><strong>vidisse</strong></span> <span class='ocrx_word' id='word_1_171' title='bbox 1135 1998 1309 2038; x_wconf 68' lang='lat' dir='ltr'><strong>putarem.</strong></span> 
     </span>
     <span class='ocr_line' id='line_1_30' title="bbox 298 2037 1355 2078; baseline -0.003 -1"><span class='ocrx_word' id='word_1_172' title='bbox 298 2037 349 2077; x_wconf 71' lang='lat' dir='ltr'><strong>Et</strong></span> <span class='ocrx_word' id='word_1_173' title='bbox 375 2038 425 2075; x_wconf 83' lang='lat' dir='ltr'><strong>ita</strong></span> <span class='ocrx_word' id='word_1_174' title='bbox 455 2039 578 2076; x_wconf 79' lang='lat' dir='ltr'><strong>Scliot.</strong></span> <span class='ocrx_word' id='word_1_175' title='bbox 607 2051 663 2077; x_wconf 91' lang='lat'><strong>11.</strong></span> <span class='ocrx_word' id='word_1_176' title='bbox 695 2040 848 2078; x_wconf 82' lang='lat' dir='ltr'><strong>observ.</strong></span> <span class='ocrx_word' id='word_1_177' title='bbox 877 2052 985 2078; x_wconf 76' lang='lat' dir='ltr'><strong>L111.</strong></span> <span class='ocrx_word' id='word_1_178' title='bbox 1014 2053 1059 2077; x_wconf 84' lang='lat' dir='ltr'><strong>ex</strong></span> <span class='ocrx_word' id='word_1_179' title='bbox 1081 2040 1224 2078; x_wconf 87' lang='lat' dir='ltr'><strong>duobus</strong></span> <span class='ocrx_word' id='word_1_180' title='bbox 1246 2037 1355 2076; x_wconf 88' lang='lat' dir='ltr'><strong>MSS.</strong></span> 
     </span>
     <span class='ocr_line' id='line_1_31' title="bbox 299 2088 530 2128; baseline -0.004 0"><span class='ocrx_word' id='word_1_181' title='bbox 299 2089 410 2128; x_wconf 88' lang='lat' dir='ltr'><strong>multi</strong></span> <span class='ocrx_word' id='word_1_182' title='bbox 428 2088 507 2127; x_wconf 83' lang='lat' dir='ltr'><strong>libri</strong></span> <span class='ocrx_word' id='word_1_183' title='bbox 522 2103 530 2127; x_wconf 74' lang='grc' dir='ltr'><strong><em>ε</em></strong></span> 
     </span>
     <span class='ocr_line' id='line_1_32' title="bbox 467 2140 1181 2193; baseline 0.003 -16"><span class='ocrx_word' id='word_1_184' title='bbox 467 2146 546 2177; x_wconf 88' lang='lat' dir='ltr'><strong>Aut</strong></span> <span class='ocrx_word' id='word_1_185' title='bbox 565 2140 672 2177; x_wconf 83' lang='lat' dir='ltr'><strong>etiam</strong></span> <span class='ocrx_word' id='word_1_186' title='bbox 696 2154 775 2178; x_wconf 83' lang='lat' dir='ltr'><strong>cum</strong></span> <span class='ocrx_word' id='word_1_187' title='bbox 797 2155 851 2178; x_wconf 83' lang='lat' dir='ltr'><strong>me</strong></span> <span class='ocrx_word' id='word_1_188' title='bbox 871 2141 992 2191; x_wconf 81' lang='lat' dir='ltr'><strong>vidiffe</strong></span> <span class='ocrx_word' id='word_1_189' title='bbox 1003 2151 1181 2193; x_wconf 82' lang='lat' dir='ltr'><strong>putarem.</strong></span> 
     </span>
    </p>

    <p class='ocr_par' dir='ltr' id='par_1_18' title="bbox 301 2189 983 2242">
     <span class='ocr_line' id='line_1_33' title="bbox 301 2189 983 2242; baseline 0.003 -14"><span class='ocrx_word' id='word_1_190' title='bbox 301 2189 427 2229; x_wconf 85' lang='lat' dir='ltr'><strong>Etiam</strong></span> <span class='ocrx_word' id='word_1_191' title='bbox 449 2204 526 2229; x_wconf 86' lang='lat' dir='ltr'><strong>non</strong></span> <span class='ocrx_word' id='word_1_192' title='bbox 550 2193 655 2229; x_wconf 74' lang='lat' dir='ltr'><strong>male.</strong></span> <span class='ocrx_word' id='word_1_193' title='bbox 675 2193 804 2242; x_wconf 83' lang='lat' dir='ltr'><strong>Virgil.</strong></span> <span class='ocrx_word' id='word_1_194' title='bbox 827 2205 881 2230; x_wconf 77' lang='lat' dir='ltr'><strong>vx.</strong></span> <span class='ocrx_word' id='word_1_195' title='bbox 899 2206 983 2242; x_wconf 79' lang='lat'><strong>454.</strong></span> 
     </span>
    </p>

    <p class='ocr_par' dir='ltr' id='par_1_19' title="bbox 303 2242 1299 2343">
     <span class='ocr_line' id='line_1_34' title="bbox 354 2242 1299 2293; baseline 0.002 -15"><span class='ocrx_word' id='word_1_196' title='bbox 354 2245 437 2278; x_wconf 78' lang='lat' dir='ltr'><strong>Aut</strong></span> <span class='ocrx_word' id='word_1_197' title='bbox 454 2242 553 2279; x_wconf 75' lang='lat' dir='ltr'><strong>videt</strong></span> <span class='ocrx_word' id='word_1_198' title='bbox 565 2271 574 2287; x_wconf 90' lang='lat'>‚</span> <span class='ocrx_word' id='word_1_199' title='bbox 602 2254 667 2279; x_wconf 78' lang='lat' dir='ltr'><strong>aut</strong></span> <span class='ocrx_word' id='word_1_200' title='bbox 685 2244 806 2293; x_wconf 76' lang='lat' dir='ltr'><strong>vicliſje</strong></span> <span class='ocrx_word' id='word_1_201' title='bbox 820 2252 925 2292; x_wconf 79' lang='lat' dir='ltr'><strong>putat</strong></span> <span class='ocrx_word' id='word_1_202' title='bbox 941 2253 1000 2293; x_wconf 81' lang='lat' dir='ltr'><strong>per</strong></span> <span class='ocrx_word' id='word_1_203' title='bbox 1018 2242 1140 2280; x_wconf 79' lang='lat' dir='ltr'><strong>nubila</strong></span> <span class='ocrx_word' id='word_1_204' title='bbox 1161 2242 1299 2280; x_wconf 77' lang='lat' dir='ltr'><strong>lunam.</strong></span> 
     </span>
     <span class='ocr_line' id='line_1_35' title="bbox 303 2292 1265 2343; baseline -0.001 -12"><span class='ocrx_word' id='word_1_205' title='bbox 303 2292 383 2331; x_wconf 82' lang='lat' dir='ltr'><strong>Alii</strong></span> <span class='ocrx_word' id='word_1_206' title='bbox 401 2293 514 2331; x_wconf 88' lang='lat' dir='ltr'><strong>aliter.</strong></span> <span class='ocrx_word' id='word_1_207' title='bbox 541 2293 602 2331; x_wconf 88' lang='lat' dir='ltr'><strong>sed</strong></span> <span class='ocrx_word' id='word_1_208' title='bbox 624 2295 723 2343; x_wconf 85' lang='lat' dir='ltr'><strong>piget</strong></span> <span class='ocrx_word' id='word_1_209' title='bbox 743 2296 779 2331; x_wconf 87' lang='lat' dir='ltr'><strong>in</strong></span> <span class='ocrx_word' id='word_1_210' title='bbox 800 2294 854 2331; x_wconf 83' lang='lat' dir='ltr'><strong>his</strong></span> <span class='ocrx_word' id='word_1_211' title='bbox 873 2295 1021 2332; x_wconf 86' lang='lat' dir='ltr'><strong>morari.</strong></span> <span class='ocrx_word' id='word_1_212' title='bbox 1050 2295 1265 2331; x_wconf 68' lang='lat' dir='ltr'><strong>Hizmsrus.</strong></span> 
     </span>
    </p>

    <p class='ocr_par' dir='ltr' id='par_1_20' title="bbox 306 2343 1359 2444">
     <span class='ocr_line' id='line_1_36' title="bbox 359 2343 1359 2394; baseline 0 -13"><span class='ocrx_word' id='word_1_213' title='bbox 359 2354 417 2392; x_wconf 87' lang='lat'><strong>34.</strong></span> <span class='ocrx_word' id='word_1_214' title='bbox 444 2349 491 2381; x_wconf 86' lang='lat' dir='ltr'><strong>Et</strong></span> <span class='ocrx_word' id='word_1_215' title='bbox 510 2343 659 2394; x_wconf 62' lang='lat' dir='ltr'><strong>summai</strong></span> <span class='ocrx_word' id='word_1_216' title='bbox 691 2345 813 2394; x_wconf 83' lang='lat' dir='ltr'><strong>Thesea</strong></span> <span class='ocrx_word' id='word_1_217' title='bbox 842 2358 923 2381; x_wconf 84' lang='lat' dir='ltr'><strong>voce</strong></span> <span class='ocrx_word' id='word_1_218' title='bbox 955 2345 1086 2394; x_wconf 56' lang='grc' dir='ltr'>ναίω]</span> <span class='ocrx_word' id='word_1_219' title='bbox 1126 2345 1215 2382; x_wconf 77' lang='lat' dir='ltr'><strong>Alio</strong></span> <span class='ocrx_word' id='word_1_220' title='bbox 1239 2344 1359 2383; x_wconf 86' lang='lat' dir='ltr'><strong>modo</strong></span> 
     </span>
     <span class='ocr_line' id='line_1_37' title="bbox 306 2392 1249 2444; baseline 0 -11"><span class='ocrx_word' id='word_1_221' title='bbox 306 2392 441 2433; x_wconf 81' lang='lat' dir='ltr'><strong>dicitur</strong></span> <span class='ocrx_word' id='word_1_222' title='bbox 460 2395 555 2432; x_wconf 89' lang='lat' dir='ltr'><strong>clara</strong></span> <span class='ocrx_word' id='word_1_223' title='bbox 574 2409 677 2440; x_wconf 84' lang='lat' dir='ltr'><strong>voce,</strong></span> <span class='ocrx_word' id='word_1_224' title='bbox 706 2397 744 2433; x_wconf 62' lang='grc' dir='ltr'><strong>ὃς</strong></span> <span class='ocrx_word' id='word_1_225' title='bbox 763 2409 891 2444; x_wconf 82' lang='lat' dir='ltr'><strong>magna</strong></span> <span class='ocrx_word' id='word_1_226' title='bbox 909 2410 1001 2433; x_wconf 87' lang='lat' dir='ltr'><strong>voce.</strong></span> <span class='ocrx_word' id='word_1_227' title='bbox 1030 2396 1249 2433; x_wconf 72' lang='lat' dir='ltr'><strong>CIOFANus.</strong></span> 
     </span>
    </p>

    <p class='ocr_par' dir='ltr' id='par_1_21' title="bbox 309 2445 1362 2547">
     <span class='ocr_line' id='line_1_38' title="bbox 362 2445 1362 2497; baseline 0.002 -15"><span class='ocrx_word' id='word_1_228' title='bbox 362 2445 423 2496; x_wconf 84' lang='lat'><strong>36.</strong></span> <span class='ocrx_word' id='word_1_229' title='bbox 451 2446 691 2496; x_wconf 67' lang='lat' dir='ltr'><strong>Numerum]</strong></span> <span class='ocrx_word' id='word_1_230' title='bbox 724 2448 891 2485; x_wconf 86' lang='lat' dir='ltr'><strong>Locutio</strong></span> <span class='ocrx_word' id='word_1_231' title='bbox 921 2448 1014 2485; x_wconf 84' lang='lat' dir='ltr'><strong>haec</strong></span> <span class='ocrx_word' id='word_1_232' title='bbox 1044 2447 1199 2497; x_wconf 87' lang='lat' dir='ltr'><strong>quidem</strong></span> <span class='ocrx_word' id='word_1_233' title='bbox 1226 2448 1265 2485; x_wconf 89' lang='lat' dir='ltr'><strong>in</strong></span> <span class='ocrx_word' id='word_1_234' title='bbox 1294 2446 1362 2484; x_wconf 86' lang='lat' dir='ltr'><strong>alia</strong></span> 
     </span>
     <span class='ocr_line' id='line_1_39' title="bbox 309 2498 1131 2547; baseline -0.002 -11"><span class='ocrx_word' id='word_1_235' title='bbox 309 2509 349 2536; x_wconf 79' lang='lat' dir='ltr'><strong>re</strong></span> <span class='ocrx_word' id='word_1_236' title='bbox 365 2498 503 2546; x_wconf 84' lang='lat' dir='ltr'><strong>saepius</strong></span> <span class='ocrx_word' id='word_1_237' title='bbox 520 2499 704 2543; x_wconf 77' lang='lat' dir='ltr'><strong>occurrit,</strong></span> <span class='ocrx_word' id='word_1_238' title='bbox 732 2507 772 2536; x_wconf 88' lang='lat' dir='ltr'><strong>ut</strong></span> <span class='ocrx_word' id='word_1_239' title='bbox 793 2511 837 2535; x_wconf 86' lang='lat'><strong>11.</strong></span> <span class='ocrx_word' id='word_1_240' title='bbox 858 2499 968 2536; x_wconf 85' lang='lat' dir='ltr'><strong>Pont.</strong></span> <span class='ocrx_word' id='word_1_241' title='bbox 984 2511 1077 2535; x_wconf 79' lang='lat' dir='ltr'><strong>vnx.</strong></span> <span class='ocrx_word' id='word_1_242' title='bbox 1098 2509 1131 2547; x_wconf 84' lang='lat'><strong>3.</strong></span> 
     </span>
    </p>

    <p class='ocr_par' dir='ltr' id='par_1_22' title="bbox 309 2547 1371 2942">
     <span class='ocr_line' id='line_1_40' title="bbox 361 2547 1365 2600; baseline 0.001 -16"><span class='ocrx_word' id='word_1_243' title='bbox 361 2554 472 2597; x_wconf 73' lang='lat' dir='ltr'><strong>thue</strong></span> <span class='ocrx_word' id='word_1_244' title='bbox 483 2549 733 2598; x_wconf 80' lang='lat' dir='ltr'><strong>suummunus</strong></span> <span class='ocrx_word' id='word_1_245' title='bbox 745 2563 1060 2600; x_wconf 72' lang='lat' dir='ltr'><strong>nzcmerum,quem</strong></span> <span class='ocrx_word' id='word_1_246' title='bbox 1080 2548 1176 2586; x_wconf 79' lang='lat' dir='ltr'><strong>debet</strong></span> <span class='ocrx_word' id='word_1_247' title='bbox 1190 2547 1365 2593; x_wconf 52' lang='lat' dir='ltr'><strong>,betheren</strong></span> 
     </span>
     <span class='ocr_line' id='line_1_41' title="bbox 309 2599 1363 2650; baseline 0 -14"><span class='ocrx_word' id='word_1_248' title='bbox 309 2599 381 2637; x_wconf 77' lang='lat' dir='ltr'><strong>Sed</strong></span> <span class='ocrx_word' id='word_1_249' title='bbox 403 2600 465 2636; x_wconf 88' lang='lat' dir='ltr'><strong>hic</strong></span> <span class='ocrx_word' id='word_1_250' title='bbox 488 2600 651 2637; x_wconf 85' lang='lat' dir='ltr'><strong>maxime</strong></span> <span class='ocrx_word' id='word_1_251' title='bbox 669 2601 815 2650; x_wconf 86' lang='lat' dir='ltr'><strong>proprie</strong></span> <span class='ocrx_word' id='word_1_252' title='bbox 835 2600 951 2649; x_wconf 81' lang='lat' dir='ltr'><strong>posita</strong></span> <span class='ocrx_word' id='word_1_253' title='bbox 970 2600 1128 2638; x_wconf 83' lang='lat' dir='ltr'><strong>videtur.</strong></span> <span class='ocrx_word' id='word_1_254' title='bbox 1149 2611 1236 2637; x_wconf 78' lang='lat' dir='ltr'><strong>nain</strong></span> <span class='ocrx_word' id='word_1_255' title='bbox 1259 2599 1306 2636; x_wconf 86' lang='lat' dir='ltr'><strong>fic</strong></span> <span class='ocrx_word' id='word_1_256' title='bbox 1324 2601 1363 2637; x_wconf 91' lang='lat'>&amp;</span> 
     </span>
     <span class='ocr_line' id='line_1_42' title="bbox 315 2650 1364 2700; baseline 0 -14"><span class='ocrx_word' id='word_1_257' title='bbox 315 2650 435 2687; x_wconf 84' lang='lat' dir='ltr'><strong>Cicer.</strong></span> <span class='ocrx_word' id='word_1_258' title='bbox 460 2663 496 2688; x_wconf 81' lang='lat' dir='ltr'><strong>v.</strong></span> <span class='ocrx_word' id='word_1_259' title='bbox 530 2651 678 2688; x_wconf 79' lang='lat' dir='ltr'><strong>Verrin.</strong></span> <span class='ocrx_word' id='word_1_260' title='bbox 709 2663 766 2698; x_wconf 81' lang='lat'><strong>51.</strong></span> <span class='ocrx_word' id='word_1_261' title='bbox 795 2656 889 2687; x_wconf 78' lang='lat' dir='ltr'><strong>Tuus</strong></span> <span class='ocrx_word' id='word_1_262' title='bbox 918 2651 1029 2698; x_wconf 86' lang='lat' dir='ltr'><strong>testis,</strong></span> <span class='ocrx_word' id='word_1_263' title='bbox 1050 2662 1132 2688; x_wconf 77' lang='lat' dir='ltr'><strong>tuus</strong></span> <span class='ocrx_word' id='word_1_264' title='bbox 1155 2651 1364 2700; x_wconf 84' lang='lat' dir='ltr'><strong>imperator,</strong></span> 
     </span>
     <span class='ocr_line' id='line_1_43' title="bbox 316 2701 1367 2751; baseline 0.003 -16"><span class='ocrx_word' id='word_1_265' title='bbox 316 2710 397 2736; x_wconf 62' lang='lat' dir='ltr'><strong>susas</strong></span> <span class='ocrx_word' id='word_1_266' title='bbox 426 2701 534 2750; x_wconf 74' lang='lat' dir='ltr'><strong>hospes</strong></span> <span class='ocrx_word' id='word_1_267' title='bbox 560 2701 756 2738; x_wconf 81' lang='lat' dir='ltr'><strong>Cleomenes</strong></span> <span class='ocrx_word' id='word_1_268' title='bbox 773 2730 783 2747; x_wconf 92' lang='lat'><strong>,</strong></span> <span class='ocrx_word' id='word_1_269' title='bbox 821 2701 881 2738; x_wconf 74' lang='lat' dir='ltr'><strong>hoc</strong></span> <span class='ocrx_word' id='word_1_270' title='bbox 913 2702 997 2738; x_wconf 79' lang='lat' dir='ltr'><strong>dicit</strong></span> <span class='ocrx_word' id='word_1_271' title='bbox 1020 2702 1058 2751; x_wconf 91' lang='lat' dir='ltr'><strong>se</strong></span> <span class='ocrx_word' id='word_1_272' title='bbox 1086 2703 1124 2738; x_wconf 85' lang='lat' dir='ltr'><strong>in</strong></span> <span class='ocrx_word' id='word_1_273' title='bbox 1150 2712 1281 2738; x_wconf 85' lang='lat' dir='ltr'><strong>terram</strong></span> <span class='ocrx_word' id='word_1_274' title='bbox 1310 2702 1367 2750; x_wconf 83' lang='lat' dir='ltr'><strong>effe</strong></span> 
     </span>
     <span class='ocr_line' id='line_1_44' title="bbox 319 2751 1368 2803; baseline 0.003 -18"><span class='ocrx_word' id='word_1_275' title='bbox 319 2752 476 2799; x_wconf 72' lang='lat' dir='ltr'><strong>egreffum</strong></span> <span class='ocrx_word' id='word_1_276' title='bbox 499 2780 509 2796; x_wconf 95' lang='lat'>,</span> <span class='ocrx_word' id='word_1_277' title='bbox 547 2753 600 2789; x_wconf 86' lang='lat' dir='ltr'><strong>uti</strong></span> <span class='ocrx_word' id='word_1_278' title='bbox 628 2754 790 2802; x_wconf 69' lang='lat' dir='ltr'><strong>Pachyno</strong></span> <span class='ocrx_word' id='word_1_279' title='bbox 816 2753 834 2789; x_wconf 69' lang='grc' dir='ltr'>ὲ</span> <span class='ocrx_word' id='word_1_280' title='bbox 872 2753 1019 2800; x_wconf 80' lang='lat' dir='ltr'><strong>terrestri</strong></span> <span class='ocrx_word' id='word_1_281' title='bbox 1048 2751 1212 2803; x_wconf 78' lang='lat' dir='ltr'><strong>praefidio</strong></span> <span class='ocrx_word' id='word_1_282' title='bbox 1238 2751 1368 2788; x_wconf 81' lang='lat' dir='ltr'><strong>milites</strong></span> 
     </span>
     <span class='ocr_line' id='line_1_45' title="bbox 319 2800 1371 2854; baseline 0.002 -16"><span class='ocrx_word' id='word_1_283' title='bbox 319 2800 486 2849; x_wconf 78' lang='lat' dir='ltr'><strong>colligeret</strong></span> <span class='ocrx_word' id='word_1_284' title='bbox 508 2831 518 2845; x_wconf 91' lang='lat'>‚</span> <span class='ocrx_word' id='word_1_285' title='bbox 553 2817 635 2852; x_wconf 74' lang='lat' dir='ltr'><strong>quos</strong></span> <span class='ocrx_word' id='word_1_286' title='bbox 667 2804 706 2841; x_wconf 83' lang='lat' dir='ltr'><strong>in</strong></span> <span class='ocrx_word' id='word_1_287' title='bbox 733 2803 886 2841; x_wconf 70' lang='lat' dir='ltr'><strong>navibus</strong></span> <span class='ocrx_word' id='word_1_288' title='bbox 914 2803 1089 2841; x_wconf 80' lang='lat' dir='ltr'><strong>collocaret</strong></span> <span class='ocrx_word' id='word_1_289' title='bbox 1113 2833 1121 2849; x_wconf 91' lang='lat'>,</span> <span class='ocrx_word' id='word_1_290' title='bbox 1161 2803 1252 2854; x_wconf 75' lang='lat' dir='ltr'><strong>quod</strong></span> <span class='ocrx_word' id='word_1_291' title='bbox 1285 2813 1371 2840; x_wconf 86' lang='lat' dir='ltr'><strong>certe</strong></span> 
     </span>
     <span class='ocr_line' id='line_1_46' title="bbox 320 2853 1371 2942; baseline 0.001 -51"><span class='ocrx_word' id='word_1_292' title='bbox 320 2865 390 2942; x_wconf 57' lang='lat' dir='ltr'><strong>{on</strong></span> <span class='ocrx_word' id='word_1_293' title='bbox 416 2853 544 2901; x_wconf 70' lang='lat' dir='ltr'><strong>fecisset</strong></span> <span class='ocrx_word' id='word_1_294' title='bbox 563 2882 572 2896; x_wconf 93' lang='lat'>‚</span> <span class='ocrx_word' id='word_1_295' title='bbox 609 2853 644 2903; x_wconf 82' lang='lat' dir='ltr'><strong><em>fi</em></strong></span> <span class='ocrx_word' id='word_1_296' title='bbox 670 2856 781 2902; x_wconf 72' lang='lat' dir='ltr'><strong>snum</strong></span> <span class='ocrx_word' id='word_1_297' title='bbox 818 2869 1005 2893; x_wconf 77' lang='lat' dir='ltr'><strong>numerum</strong></span> <span class='ocrx_word' id='word_1_298' title='bbox 1048 2869 1156 2892; x_wconf 77' lang='lat' dir='ltr'><strong>naves</strong></span> <span class='ocrx_word' id='word_1_299' title='bbox 1194 2854 1371 2892; x_wconf 84' lang='lat' dir='ltr'><strong>haberent.</strong></span> 
     </span>
    </p>

    <p class='ocr_par' dir='ltr' id='par_1_23' title="bbox 354 2915 588 2944">
     <span class='ocr_line' id='line_1_47' title="bbox 354 2915 588 2944; baseline -0.004 -4"><span class='ocrx_word' id='word_1_300' title='bbox 354 2915 588 2944; x_wconf 44' lang='lat' dir='ltr'><strong>unMANNu&amp;</strong></span> 
     </span>
    </p>
   </div>
   <div class='ocr_carea' id='block_1_12' title="bbox 324 2957 1372 3055">
    <p class='ocr_par' dir='ltr' id='par_1_24' title="bbox 324 2957 1372 3055">
     <span class='ocr_line' id='line_1_48' title="bbox 375 2957 1372 3007; baseline 0.003 -16"><span class='ocrx_word' id='word_1_301' title='bbox 375 2966 435 3003; x_wconf 84' lang='lat'><strong>37.</strong></span> <span class='ocrx_word' id='word_1_302' title='bbox 464 2961 534 2990; x_wconf 83' lang='lat' dir='ltr'><strong>Hoc</strong></span> <span class='ocrx_word' id='word_1_303' title='bbox 563 2968 614 3002; x_wconf 82' lang='lat' dir='ltr'><strong>ego</strong></span> <span class='ocrx_word' id='word_1_304' title='bbox 642 2958 734 3005; x_wconf 74' lang='lat' dir='ltr'><strong>quod</strong></span> <span class='ocrx_word' id='word_1_305' title='bbox 759 2958 836 2993; x_wconf 85' lang='lat' dir='ltr'><strong>voci</strong></span> <span class='ocrx_word' id='word_1_306' title='bbox 861 2957 1015 3007; x_wconf 55' lang='lat' dir='ltr'><strong>deerat]</strong></span> <span class='ocrx_word' id='word_1_307' title='bbox 1045 2965 1139 2995; x_wconf 73' lang='lat' dir='ltr'><strong>Haec</strong></span> <span class='ocrx_word' id='word_1_308' title='bbox 1165 2958 1372 2996; x_wconf 77' lang='lat' dir='ltr'><strong>Puteaneus</strong></span> 
     </span>
     <span class='ocr_line' id='line_1_49' title="bbox 324 3004 904 3055; baseline 0.003 -12"><span class='ocrx_word' id='word_1_309' title='bbox 324 3004 364 3043; x_wconf 71' lang='grc' dir='ltr'>δί</span> <span class='ocrx_word' id='word_1_310' title='bbox 382 3005 583 3043; x_wconf 74' lang='lat' dir='ltr'><strong>duodecim</strong></span> <span class='ocrx_word' id='word_1_311' title='bbox 604 3007 676 3043; x_wconf 80' lang='lat' dir='ltr'><strong>alii.</strong></span> <span class='ocrx_word' id='word_1_312' title='bbox 703 3008 904 3055; x_wconf 85' lang='lat' dir='ltr'><strong>distingue:</strong></span> 
     </span>
    </p>
   </div>
   <div class='ocr_carea' id='block_1_13' title="bbox 324 3057 1335 3208">
    <p class='ocr_par' dir='ltr' id='par_1_25' title="bbox 324 3057 1335 3208">
     <span class='ocr_line' id='line_1_50' title="bbox 380 3057 1304 3107; baseline 0.003 -15"><span class='ocrx_word' id='word_1_313' title='bbox 380 3063 472 3093; x_wconf 87' lang='lat' dir='ltr'><strong>Haec</strong></span> <span class='ocrx_word' id='word_1_314' title='bbox 483 3071 544 3105; x_wconf 80' lang='lat' dir='ltr'><strong>ego.</strong></span> <span class='ocrx_word' id='word_1_315' title='bbox 574 3057 665 3105; x_wconf 74' lang='lat' dir='ltr'><em>quod</em></span> <span class='ocrx_word' id='word_1_316' title='bbox 683 3058 759 3093; x_wconf 79' lang='lat' dir='ltr'><strong>voci</strong></span> <span class='ocrx_word' id='word_1_317' title='bbox 781 3058 898 3093; x_wconf 84' lang='lat' dir='ltr'><strong>deerat</strong></span> <span class='ocrx_word' id='word_1_318' title='bbox 911 3086 921 3102; x_wconf 88' lang='lat'><strong>,</strong></span> <span class='ocrx_word' id='word_1_319' title='bbox 942 3058 1104 3107; x_wconf 81' lang='lat' dir='ltr'><strong>plangore</strong></span> <span class='ocrx_word' id='word_1_320' title='bbox 1121 3058 1304 3107; x_wconf 80' lang='lat' dir='ltr'><strong>replebam.</strong></span> 
     </span>
     <span class='ocr_line' id='line_1_51' title="bbox 324 3108 693 3156; baseline -0.005 -10"><span class='ocrx_word' id='word_1_321' title='bbox 324 3108 461 3156; x_wconf 80' lang='lat' dir='ltr'><strong>Sulpic.</strong></span> <span class='ocrx_word' id='word_1_322' title='bbox 486 3109 522 3145; x_wconf 86' lang='lat' dir='ltr'><strong>in</strong></span> <span class='ocrx_word' id='word_1_323' title='bbox 546 3108 693 3156; x_wconf 80' lang='lat' dir='ltr'><strong>Satyra:</strong></span> 
     </span>
     <span class='ocr_line' id='line_1_52' title="bbox 382 3158 1335 3208; baseline 0.001 -13"><span class='ocrx_word' id='word_1_324' title='bbox 382 3165 474 3195; x_wconf 80' lang='lat' dir='ltr'><strong>Haec</strong></span> <span class='ocrx_word' id='word_1_325' title='bbox 490 3172 563 3207; x_wconf 82' lang='lat' dir='ltr'><strong>ego.-</strong></span> <span class='ocrx_word' id='word_1_326' title='bbox 592 3168 669 3194; x_wconf 78' lang='lat' dir='ltr'><strong>tum</strong></span> <span class='ocrx_word' id='word_1_327' title='bbox 685 3159 804 3207; x_wconf 81' lang='lat' dir='ltr'><strong>paucis</strong></span> <span class='ocrx_word' id='word_1_328' title='bbox 826 3164 900 3195; x_wconf 84' lang='lat' dir='ltr'><strong>Dea</strong></span> <span class='ocrx_word' id='word_1_329' title='bbox 920 3173 974 3195; x_wconf 85' lang='lat' dir='ltr'><strong>me</strong></span> <span class='ocrx_word' id='word_1_330' title='bbox 993 3159 1162 3208; x_wconf 78' lang='lat' dir='ltr'><strong>dignatur</strong></span> <span class='ocrx_word' id='word_1_331' title='bbox 1181 3170 1226 3200; x_wconf 65' lang='lat' dir='ltr'><strong>&lt;J</strong></span> <span class='ocrx_word' id='word_1_332' title='bbox 1242 3158 1335 3206; x_wconf 79' lang='lat' dir='ltr'><strong>infit.</strong></span> 
     </span>
    </p>
   </div>
   <div class='ocr_carea' id='block_1_14' title="bbox 330 3208 1082 3259">
    <p class='ocr_par' dir='ltr' id='par_1_26' title="bbox 330 3208 1082 3259">
     <span class='ocr_line' id='line_1_53' title="bbox 330 3208 1082 3259; baseline 0 -12"><span class='ocrx_word' id='word_1_333' title='bbox 330 3209 463 3248; x_wconf 85' lang='lat' dir='ltr'><strong>Noster</strong></span> <span class='ocrx_word' id='word_1_334' title='bbox 481 3208 639 3259; x_wconf 62' lang='lat' dir='ltr'><strong>Epistola</strong></span> <span class='ocrx_word' id='word_1_335' title='bbox 652 3210 972 3259; x_wconf 69' lang='lat' dir='ltr'><strong>Hypermestrae</strong></span> <span class='ocrx_word' id='word_1_336' title='bbox 985 3239 995 3255; x_wconf 88' lang='lat'>‚</span> <span class='ocrx_word' id='word_1_337' title='bbox 1023 3213 1082 3257; x_wconf 85' lang='lat'><strong>67.</strong></span> 
     </span>
    </p>
   </div>
   <div class='ocr_carea' id='block_1_15' title="bbox 379 3260 1376 3364">
    <p class='ocr_par' dir='ltr' id='par_1_27' title="bbox 379 3260 1376 3364">
     <span class='ocr_line' id='line_1_54' title="bbox 379 3260 1376 3313; baseline 0 -13"><span class='ocrx_word' id='word_1_338' title='bbox 379 3267 473 3300; x_wconf 75' lang='lat' dir='ltr'><strong>Haec</strong></span> <span class='ocrx_word' id='word_1_339' title='bbox 496 3274 562 3310; x_wconf 80' lang='lat' dir='ltr'><strong>ego.</strong></span> <span class='ocrx_word' id='word_1_340' title='bbox 596 3260 748 3311; x_wconf 71' lang='lat' dir='ltr'><strong>dumque</strong></span> <span class='ocrx_word' id='word_1_341' title='bbox 772 3275 893 3313; x_wconf 74' lang='lat' dir='ltr'><strong>queror</strong></span> <span class='ocrx_word' id='word_1_342' title='bbox 910 3290 923 3309; x_wconf 86' lang='lat'>,</span> <span class='ocrx_word' id='word_1_343' title='bbox 968 3261 1143 3313; x_wconf 66' lang='lat' dir='ltr'><strong>lacrymae</strong></span> <span class='ocrx_word' id='word_1_344' title='bbox 1160 3260 1231 3311; x_wconf 83' lang='lat' dir='ltr'><strong>sua</strong></span> <span class='ocrx_word' id='word_1_345' title='bbox 1267 3261 1376 3300; x_wconf 82' lang='lat' dir='ltr'><strong>verba</strong></span> 
     </span>
     <span class='ocr_line' id='line_1_55' title="bbox 502 3313 714 3364; baseline 0.014 -15"><span class='ocrx_word' id='word_1_346' title='bbox 502 3313 714 3364; x_wconf 57' lang='lat' dir='ltr'><strong>sequuntur„</strong></span> 
     </span>
    </p>
   </div>
   <div class='ocr_carea' id='block_1_16' title="bbox 353 2159 455 2166">
    <p class='ocr_par' dir='ltr' id='par_1_28' title="bbox 353 2159 455 2166">
     <span class='ocr_line' id='line_1_56' title="bbox 353 2159 455 2166; baseline 0 0"><span class='ocrx_word' id='word_1_347' title='bbox 353 2159 455 2166; x_wconf 95' lang='lat' dir='ltr'><strong> </strong></span> 
     </span>
    </p>
   </div>
   <div class='ocr_carea' id='block_1_17' title="bbox 1404 1579 1834 1632">
    <p class='ocr_par' dir='ltr' id='par_1_29' title="bbox 1404 1579 1834 1632">
     <span class='ocr_line' id='line_1_57' title="bbox 1404 1579 1834 1632; baseline 0.002 -14"><span class='ocrx_word' id='word_1_348' title='bbox 1404 1579 1538 1618; x_wconf 85' lang='lat' dir='ltr'><strong>Amor.</strong></span> <span class='ocrx_word' id='word_1_349' title='bbox 1564 1592 1621 1619; x_wconf 86' lang='lat'><strong>11.</strong></span> <span class='ocrx_word' id='word_1_350' title='bbox 1642 1581 1698 1619; x_wconf 88' lang='lat' dir='ltr'><strong>El.</strong></span> <span class='ocrx_word' id='word_1_351' title='bbox 1716 1593 1754 1619; x_wconf 87' lang='lat' dir='ltr'><strong>v.</strong></span> <span class='ocrx_word' id='word_1_352' title='bbox 1773 1591 1834 1632; x_wconf 82' lang='lat'><strong>33.</strong></span> 
     </span>
    </p>
   </div>
   <div class='ocr_carea' id='block_1_18' title="bbox 1406 1629 2286 1732">
    <p class='ocr_par' dir='ltr' id='par_1_30' title="bbox 1406 1629 2286 1732">
     <span class='ocr_line' id='line_1_58' title="bbox 1458 1629 2286 1682; baseline 0.002 -14"><span class='ocrx_word' id='word_1_353' title='bbox 1458 1639 1551 1668; x_wconf 86' lang='lat' dir='ltr'><strong>Haec</strong></span> <span class='ocrx_word' id='word_1_354' title='bbox 1567 1646 1641 1680; x_wconf 83' lang='lat' dir='ltr'><strong>ego:</strong></span> <span class='ocrx_word' id='word_1_355' title='bbox 1672 1646 1826 1682; x_wconf 76' lang='lat' dir='ltr'><strong>quaeque</strong></span> <span class='ocrx_word' id='word_1_356' title='bbox 1843 1630 1940 1668; x_wconf 85' lang='lat' dir='ltr'><strong>dolor</strong></span> <span class='ocrx_word' id='word_1_357' title='bbox 1964 1630 2102 1681; x_wconf 79' lang='lat' dir='ltr'><strong>linguae</strong></span> <span class='ocrx_word' id='word_1_358' title='bbox 2118 1629 2286 1670; x_wconf 65' lang='lat' dir='ltr'><strong>dift&#39;avit.</strong></span> 
     </span>
     <span class='ocr_line' id='line_1_59' title="bbox 1406 1681 1883 1732; baseline 0.006 -14"><span class='ocrx_word' id='word_1_359' title='bbox 1406 1681 1598 1719; x_wconf 81' lang='lat' dir='ltr'><strong>Remediis</strong></span> <span class='ocrx_word' id='word_1_360' title='bbox 1618 1683 1788 1721; x_wconf 82' lang='lat' dir='ltr'><strong>Amoris:</strong></span> <span class='ocrx_word' id='word_1_361' title='bbox 1823 1695 1883 1732; x_wconf 84' lang='lat'><strong>39.</strong></span> 
     </span>
    </p>
   </div>
   <div class='ocr_carea' id='block_1_19' title="bbox 1409 1731 2462 1879">
    <p class='ocr_par' dir='ltr' id='par_1_31' title="bbox 1409 1731 2462 1879">
     <span class='ocr_line' id='line_1_60' title="bbox 1461 1731 2394 1782; baseline 0.001 -13"><span class='ocrx_word' id='word_1_362' title='bbox 1461 1739 1554 1769; x_wconf 84' lang='lat' dir='ltr'><strong>Haec</strong></span> <span class='ocrx_word' id='word_1_363' title='bbox 1575 1746 1648 1782; x_wconf 79' lang='lat' dir='ltr'><strong>ego.-</strong></span> <span class='ocrx_word' id='word_1_364' title='bbox 1678 1733 1793 1770; x_wconf 83' lang='lat' dir='ltr'><strong>movit</strong></span> <span class='ocrx_word' id='word_1_365' title='bbox 1811 1740 1926 1770; x_wconf 85' lang='lat' dir='ltr'><strong>Amor</strong></span> <span class='ocrx_word' id='word_1_366' title='bbox 1943 1742 2141 1782; x_wconf 86' lang='lat' dir='ltr'><strong>gemmatas</strong></span> <span class='ocrx_word' id='word_1_367' title='bbox 2161 1745 2286 1770; x_wconf 82' lang='lat' dir='ltr'><strong>aureus</strong></span> <span class='ocrx_word' id='word_1_368' title='bbox 2304 1731 2394 1771; x_wconf 84' lang='lat' dir='ltr'><strong>alas.</strong></span> 
     </span>
     <span class='ocr_line' id='line_1_61' title="bbox 1410 1783 2462 1834; baseline 0.003 -13"><span class='ocrx_word' id='word_1_369' title='bbox 1410 1783 1585 1822; x_wconf 86' lang='lat' dir='ltr'><strong>Similiter</strong></span> <span class='ocrx_word' id='word_1_370' title='bbox 1604 1784 1667 1833; x_wconf 72' lang='lat' dir='ltr'><strong>fi&#39;d</strong></span> <span class='ocrx_word' id='word_1_371' title='bbox 1696 1785 1782 1834; x_wconf 77' lang='lat' dir='ltr'><strong>quid</strong></span> <span class='ocrx_word' id='word_1_372' title='bbox 1811 1799 1866 1834; x_wconf 82' lang='lat' dir='ltr'><strong>ego</strong></span> <span class='ocrx_word' id='word_1_373' title='bbox 1890 1784 1973 1821; x_wconf 83' lang='lat' dir='ltr'><strong>haec</strong></span> <span class='ocrx_word' id='word_1_374' title='bbox 1991 1794 2007 1823; x_wconf 73' lang='lat'><strong>‚2</strong></span> <span class='ocrx_word' id='word_1_375' title='bbox 2041 1784 2088 1821; x_wconf 89' lang='lat' dir='ltr'><strong>de</strong></span> <span class='ocrx_word' id='word_1_376' title='bbox 2114 1796 2192 1833; x_wconf 90' lang='lat' dir='ltr'><strong>quo</strong></span> <span class='ocrx_word' id='word_1_377' title='bbox 2215 1783 2377 1832; x_wconf 78' lang='lat' dir='ltr'><strong>Epistola</strong></span> <span class='ocrx_word' id='word_1_378' title='bbox 2397 1788 2462 1824; x_wconf 52' lang='lat' dir='ltr'><strong>xvss</strong></span> 
     </span>
     <span class='ocr_line' id='line_1_62' title="bbox 1409 1835 1801 1879; baseline 0.003 -7"><span class='ocrx_word' id='word_1_379' title='bbox 1409 1847 1446 1873; x_wconf 87' lang='lat' dir='ltr'><strong>v.</strong></span> <span class='ocrx_word' id='word_1_380' title='bbox 1475 1846 1560 1879; x_wconf 85' lang='lat'><em>207.</em></span> <span class='ocrx_word' id='word_1_381' title='bbox 1586 1835 1801 1874; x_wconf 64' lang='lat' dir='ltr'><strong>Hnmsms.</strong></span> 
     </span>
    </p>
   </div>
   <div class='ocr_carea' id='block_1_20' title="bbox 1408 1937 1840 1974">
    <p class='ocr_par' dir='ltr' id='par_1_32' title="bbox 1408 1937 1840 1974">
     <span class='ocr_line' id='line_1_63' title="bbox 1408 1937 1840 1974; baseline -0.005 0"><span class='ocrx_word' id='word_1_382' title='bbox 1408 1946 1480 1974; x_wconf 84' lang='lat' dir='ltr'><strong>tem</strong></span> <span class='ocrx_word' id='word_1_383' title='bbox 1501 1946 1553 1972; x_wconf 87' lang='lat' dir='ltr'><strong>ut.</strong></span> <span class='ocrx_word' id='word_1_384' title='bbox 1579 1937 1840 1973; x_wconf 75' lang='lat' dir='ltr'><strong>BuRMANNus.</strong></span> 
     </span>
    </p>
   </div>
   <div class='ocr_carea' id='block_1_21' title="bbox 1402 1983 2547 2087">
    <p class='ocr_par' dir='ltr' id='par_1_33' title="bbox 1402 1983 2547 2087">
     <span class='ocr_line' id='line_1_64' title="bbox 1461 1983 2547 2041; baseline 0.003 -17"><span class='ocrx_word' id='word_1_385' title='bbox 1461 1998 1521 2032; x_wconf 79' lang='lat'><strong>40.</strong></span> <span class='ocrx_word' id='word_1_386' title='bbox 1547 1986 1755 2036; x_wconf 52' lang='lat' dir='ltr'><strong>[tamma]</strong></span> <span class='ocrx_word' id='word_1_387' title='bbox 1787 1986 1921 2024; x_wconf 81' lang='lat' dir='ltr'><strong>Codex</strong></span> <span class='ocrx_word' id='word_1_388' title='bbox 1941 1987 2100 2026; x_wconf 88' lang='lat' dir='ltr'><strong>Douzae</strong></span> <span class='ocrx_word' id='word_1_389' title='bbox 2123 1987 2313 2034; x_wconf 64' lang='lat' dir='ltr'><strong>Jaaetantes</strong></span> <span class='ocrx_word' id='word_1_390' title='bbox 2323 2002 2336 2032; x_wconf 82' lang='lat'>3</span> <span class='ocrx_word' id='word_1_391' title='bbox 2364 1995 2466 2027; x_wconf 82' lang='lat' dir='ltr'><strong>certe</strong></span> <span class='ocrx_word' id='word_1_392' title='bbox 2494 2025 2498 2033; x_wconf 84' lang='grc'><em>,</em></span> <span class='ocrx_word' id='word_1_393' title='bbox 2526 1983 2547 2041; x_wconf 63' lang='grc' dir='ltr'><strong>,ἴ</strong></span> 
     </span>
     <span class='ocr_line' id='line_1_65' title="bbox 1402 2037 1906 2087; baseline 0.004 -14"><span class='ocrx_word' id='word_1_394' title='bbox 1402 2038 1564 2087; x_wconf 58' lang='lat' dir='ltr'><strong>jactatae</strong></span> <span class='ocrx_word' id='word_1_395' title='bbox 1583 2037 1653 2074; x_wconf 82' lang='lat' dir='ltr'><strong>late</strong></span> <span class='ocrx_word' id='word_1_396' title='bbox 1675 2050 1752 2075; x_wconf 86' lang='lat' dir='ltr'><strong>non</strong></span> <span class='ocrx_word' id='word_1_397' title='bbox 1776 2038 1906 2086; x_wconf 84' lang='lat' dir='ltr'><strong>placet.</strong></span> 
     </span>
    </p>
   </div>
   <div class='ocr_carea' id='block_1_22' title="bbox 1413 2088 2466 2184">
    <p class='ocr_par' dir='ltr' id='par_1_34' title="bbox 1413 2088 2466 2184">
     <span class='ocr_line' id='line_1_66' title="bbox 1464 2088 2466 2138; baseline 0.003 -14"><span class='ocrx_word' id='word_1_398' title='bbox 1464 2100 1523 2134; x_wconf 81' lang='lat'><strong>42.</strong></span> <span class='ocrx_word' id='word_1_399' title='bbox 1552 2088 1836 2138; x_wconf 81' lang='lat' dir='ltr'><strong>Admonitura.]</strong></span> <span class='ocrx_word' id='word_1_400' title='bbox 1873 2089 1916 2125; x_wconf 90' lang='lat' dir='ltr'><strong>In</strong></span> <span class='ocrx_word' id='word_1_401' title='bbox 1936 2090 2184 2126; x_wconf 84' lang='lat' dir='ltr'><strong>Gronoviano</strong></span> <span class='ocrx_word' id='word_1_402' title='bbox 2203 2097 2304 2132; x_wconf 87' lang='lat' dir='ltr'><strong>erat,</strong></span> <span class='ocrx_word' id='word_1_403' title='bbox 2329 2101 2466 2127; x_wconf 84' lang='lat' dir='ltr'><strong>ammo-</strong></span> 
     </span>
     <span class='ocr_line' id='line_1_67' title="bbox 1413 2138 2464 2184; baseline 0.001 -7"><span class='ocrx_word' id='word_1_404' title='bbox 1413 2149 1595 2177; x_wconf 76' lang='lat' dir='ltr'><strong>numenta.</strong></span> <span class='ocrx_word' id='word_1_405' title='bbox 1627 2141 1722 2177; x_wconf 79' lang='lat' dir='ltr'><strong>forte</strong></span> <span class='ocrx_word' id='word_1_406' title='bbox 1737 2168 1748 2184; x_wconf 90' lang='lat'>‚</span> <span class='ocrx_word' id='word_1_407' title='bbox 1765 2138 1879 2175; x_wconf 84' lang='lat' dir='ltr'><strong>oblitis</strong></span> <span class='ocrx_word' id='word_1_408' title='bbox 1899 2139 1946 2176; x_wconf 86' lang='lat' dir='ltr'><strong>ah</strong></span> <span class='ocrx_word' id='word_1_409' title='bbox 1966 2150 2194 2176; x_wconf 78' lang='lat' dir='ltr'><strong>monumenta</strong></span> <span class='ocrx_word' id='word_1_410' title='bbox 2214 2140 2293 2178; x_wconf 84' lang='lat' dir='ltr'><strong>mei.</strong></span> <span class='ocrx_word' id='word_1_411' title='bbox 2315 2140 2464 2179; x_wconf 68' lang='lat' dir='ltr'><strong>HI-Lms.</strong></span> 
     </span>
    </p>
   </div>
   <div class='ocr_carea' id='block_1_23' title="bbox 1465 2189 2508 2241">
    <p class='ocr_par' dir='ltr' id='par_1_35' title="bbox 1465 2189 2508 2241">
     <span class='ocr_line' id='line_1_68' title="bbox 1465 2189 2508 2241; baseline 0.002 -14"><span class='ocrx_word' id='word_1_412' title='bbox 1465 2191 1524 2238; x_wconf 80' lang='lat'><strong>46.</strong></span> <span class='ocrx_word' id='word_1_413' title='bbox 1552 2189 1770 2241; x_wconf 58' lang='lat' dir='ltr'><strong>Desierant]</strong></span> <span class='ocrx_word' id='word_1_414' title='bbox 1800 2189 1977 2240; x_wconf 79' lang='lat' dir='ltr'><strong>Defieram</strong></span> <span class='ocrx_word' id='word_1_415' title='bbox 2003 2192 2209 2228; x_wconf 79' lang='lat' dir='ltr'><strong>Puteaneus</strong></span> <span class='ocrx_word' id='word_1_416' title='bbox 2232 2192 2271 2228; x_wconf 89' lang='lat'>&amp;</span> <span class='ocrx_word' id='word_1_417' title='bbox 2297 2192 2465 2241; x_wconf 84' lang='lat' dir='ltr'><strong>quinque</strong></span> <span class='ocrx_word' id='word_1_418' title='bbox 2494 2190 2508 2234; x_wconf 57' lang='grc' dir='ltr'><strong>ἵ,</strong></span> 
     </span>
    </p>
   </div>
   <div class='ocr_carea' id='block_1_24' title="bbox 1414 2242 2541 2343">
    <p class='ocr_par' dir='ltr' id='par_1_36' title="bbox 1414 2242 2541 2343">
     <span class='ocr_line' id='line_1_69' title="bbox 1414 2242 2466 2291; baseline 0.001 -12"><span class='ocrx_word' id='word_1_419' title='bbox 1414 2242 1486 2279; x_wconf 83' lang='lat' dir='ltr'><strong>alii.</strong></span> <span class='ocrx_word' id='word_1_420' title='bbox 1516 2242 1726 2279; x_wconf 65' lang='lat' dir='ltr'><strong>Hnmsms.</strong></span> <span class='ocrx_word' id='word_1_421' title='bbox 1762 2242 1843 2279; x_wconf 87' lang='lat' dir='ltr'><strong>Nos</strong></span> <span class='ocrx_word' id='word_1_422' title='bbox 1874 2242 2065 2291; x_wconf 85' lang='lat' dir='ltr'><strong>antiquam</strong></span> <span class='ocrx_word' id='word_1_423' title='bbox 2094 2242 2297 2279; x_wconf 68' lang='lat' dir='ltr'><strong>lectionem</strong></span> <span class='ocrx_word' id='word_1_424' title='bbox 2319 2242 2466 2280; x_wconf 85' lang='lat' dir='ltr'><strong>reduxi·</strong></span> 
     </span>
     <span class='ocr_line' id='line_1_70' title="bbox 1415 2290 2541 2343; baseline 0.002 -13"><span class='ocrx_word' id='word_1_425' title='bbox 1415 2305 1518 2336; x_wconf 84' lang='lat' dir='ltr'><strong>mus;</strong></span> <span class='ocrx_word' id='word_1_426' title='bbox 1548 2305 1661 2342; x_wconf 86' lang='lat' dir='ltr'><strong>quam</strong></span> <span class='ocrx_word' id='word_1_427' title='bbox 1690 2294 1804 2341; x_wconf 82' lang='lat' dir='ltr'><strong>magis</strong></span> <span class='ocrx_word' id='word_1_428' title='bbox 1831 2293 2022 2330; x_wconf 70' lang='lat' dir='ltr'><strong>Poeticam</strong></span> <span class='ocrx_word' id='word_1_429' title='bbox 2053 2293 2236 2331; x_wconf 87' lang='lat' dir='ltr'><strong>credimus</strong></span> <span class='ocrx_word' id='word_1_430' title='bbox 2254 2321 2265 2338; x_wconf 91' lang='lat'>‚</span> <span class='ocrx_word' id='word_1_431' title='bbox 2294 2293 2468 2343; x_wconf 81' lang='lat' dir='ltr'><strong>&amp;poscit</strong></span> <span class='ocrx_word' id='word_1_432' title='bbox 2495 2290 2508 2312; x_wconf 88' lang='grc'><strong>·’</strong></span> <span class='ocrx_word' id='word_1_433' title='bbox 2540 2295 2541 2299; x_wconf 73' lang='grc'>’</span> 
     </span>
    </p>
   </div>
   <div class='ocr_carea' id='block_1_25' title="bbox 1414 2343 2507 3058">
    <p class='ocr_par' dir='ltr' id='par_1_37' title="bbox 1414 2343 2507 3058">
     <span class='ocr_line' id='line_1_71' title="bbox 1414 2343 2112 2393; baseline -0.001 -12"><span class='ocrx_word' id='word_1_434' title='bbox 1414 2345 1635 2393; x_wconf 81' lang='lat' dir='ltr'><strong>praeaedens</strong></span> <span class='ocrx_word' id='word_1_435' title='bbox 1648 2346 1818 2391; x_wconf 84' lang='lat' dir='ltr'><strong>facerent.</strong></span> <span class='ocrx_word' id='word_1_436' title='bbox 1839 2356 1894 2382; x_wconf 71' lang='lat' dir='ltr'><strong>vx.</strong></span> <span class='ocrx_word' id='word_1_437' title='bbox 1914 2345 2008 2381; x_wconf 87' lang='lat' dir='ltr'><strong>Met.</strong></span> <span class='ocrx_word' id='word_1_438' title='bbox 2026 2343 2112 2382; x_wconf 83' lang='lat'><strong>680.</strong></span> 
     </span>
     <span class='ocr_line' id='line_1_72' title="bbox 1470 2394 2206 2444; baseline 0.001 -13"><span class='ocrx_word' id='word_1_439' title='bbox 1470 2395 1639 2432; x_wconf 81' lang='lat' dir='ltr'><strong>Viderunt</strong></span> <span class='ocrx_word' id='word_1_440' title='bbox 1656 2395 1744 2431; x_wconf 87' lang='lat' dir='ltr'><strong>oculi</strong></span> <span class='ocrx_word' id='word_1_441' title='bbox 1761 2394 1871 2432; x_wconf 80' lang='lat' dir='ltr'><strong>telum</strong></span> <span class='ocrx_word' id='word_1_442' title='bbox 1881 2394 2073 2444; x_wconf 71' lang='lat' dir='ltr'><strong>jaculabile</strong></span> <span class='ocrx_word' id='word_1_443' title='bbox 2091 2395 2206 2443; x_wconf 81' lang='lat' dir='ltr'><strong>nostri.</strong></span> 
     </span>
     <span class='ocr_line' id='line_1_73' title="bbox 1417 2444 2469 2496; baseline 0.002 -13"><span class='ocrx_word' id='word_1_444' title='bbox 1417 2446 1473 2484; x_wconf 76' lang='lat' dir='ltr'><strong>Ita</strong></span> <span class='ocrx_word' id='word_1_445' title='bbox 1505 2447 1631 2496; x_wconf 83' lang='lat' dir='ltr'><strong>paffim</strong></span> <span class='ocrx_word' id='word_1_446' title='bbox 1660 2446 1780 2496; x_wconf 81' lang='lat' dir='ltr'><strong>lingua</strong></span> <span class='ocrx_word' id='word_1_447' title='bbox 1806 2447 1846 2484; x_wconf 73' lang='grc' dir='ltr'><strong>δε</strong></span> <span class='ocrx_word' id='word_1_448' title='bbox 1875 2460 1909 2483; x_wconf 88' lang='lat' dir='ltr'><strong>os</strong></span> <span class='ocrx_word' id='word_1_449' title='bbox 1933 2446 2065 2490; x_wconf 83' lang='lat' dir='ltr'><strong>dicere,</strong></span> <span class='ocrx_word' id='word_1_450' title='bbox 2092 2448 2131 2484; x_wconf 86' lang='lat'>&amp;</span> <span class='ocrx_word' id='word_1_451' title='bbox 2153 2448 2221 2484; x_wconf 80' lang='lat' dir='ltr'><strong>alia</strong></span> <span class='ocrx_word' id='word_1_452' title='bbox 2244 2445 2409 2484; x_wconf 84' lang='lat' dir='ltr'><strong>membra</strong></span> <span class='ocrx_word' id='word_1_453' title='bbox 2429 2444 2469 2486; x_wconf 78' lang='lat' dir='ltr'><strong>id</strong></span> 
     </span>
     <span class='ocr_line' id='line_1_74' title="bbox 1416 2496 2495 2548; baseline 0.002 -13"><span class='ocrx_word' id='word_1_454' title='bbox 1416 2498 1538 2535; x_wconf 83' lang='lat' dir='ltr'><strong>facere</strong></span> <span class='ocrx_word' id='word_1_455' title='bbox 1556 2498 1752 2544; x_wconf 85' lang='lat' dir='ltr'><strong>dicuntur,</strong></span> <span class='ocrx_word' id='word_1_456' title='bbox 1780 2496 1885 2546; x_wconf 86' lang='lat' dir='ltr'><strong>quod</strong></span> <span class='ocrx_word' id='word_1_457' title='bbox 1909 2509 1977 2535; x_wconf 86' lang='lat' dir='ltr'><strong>nos</strong></span> <span class='ocrx_word' id='word_1_458' title='bbox 2005 2509 2069 2546; x_wconf 88' lang='lat' dir='ltr'><strong>per</strong></span> <span class='ocrx_word' id='word_1_459' title='bbox 2092 2509 2135 2536; x_wconf 84' lang='lat' dir='ltr'><strong>ea</strong></span> <span class='ocrx_word' id='word_1_460' title='bbox 2155 2499 2276 2536; x_wconf 80' lang='lat' dir='ltr'><strong>facere</strong></span> <span class='ocrx_word' id='word_1_461' title='bbox 2297 2497 2495 2548; x_wconf 51' lang='lat' dir='ltr'><strong>solemus.e</strong></span> 
     </span>
     <span class='ocr_line' id='line_1_75' title="bbox 1418 2548 2494 2587; baseline 0 -1"><span class='ocrx_word' id='word_1_462' title='bbox 1418 2548 1493 2586; x_wconf 86' lang='lat' dir='ltr'><strong>vid.</strong></span> <span class='ocrx_word' id='word_1_463' title='bbox 1516 2550 1554 2586; x_wconf 68' lang='grc' dir='ltr'><strong>δε</strong></span> <span class='ocrx_word' id='word_1_464' title='bbox 1573 2550 1638 2586; x_wconf 78' lang='lat' dir='ltr'><strong>inf.</strong></span> <span class='ocrx_word' id='word_1_465' title='bbox 1660 2561 1753 2586; x_wconf 85' lang='lat' dir='ltr'><strong>vers.</strong></span> <span class='ocrx_word' id='word_1_466' title='bbox 1780 2561 1861 2586; x_wconf 87' lang='lat'><strong>120.</strong></span> <span class='ocrx_word' id='word_1_467' title='bbox 1891 2549 2152 2587; x_wconf 63' lang='lat' dir='ltr'><strong>BURMANNus.</strong></span> <span class='ocrx_word' id='word_1_468' title='bbox 2487 2550 2494 2557; x_wconf 83' lang='lat'><em>&#39;</em></span> 
     </span>
     <span class='ocr_line' id='line_1_76' title="bbox 1470 2595 2507 2674; baseline 0.002 -38"><span class='ocrx_word' id='word_1_469' title='bbox 1470 2599 1531 2646; x_wconf 83' lang='lat'><strong>48.</strong></span> <span class='ocrx_word' id='word_1_470' title='bbox 1552 2600 1682 2649; x_wconf 70' lang='lat' dir='ltr'><strong>Qalis</strong></span> <span class='ocrx_word' id='word_1_471' title='bbox 1699 2600 1743 2637; x_wconf 82' lang='lat' dir='ltr'><strong>ab</strong></span> <span class='ocrx_word' id='word_1_472' title='bbox 1762 2599 1917 2649; x_wconf 60' lang='lat' dir='ltr'><strong>Ogygia]</strong></span> <span class='ocrx_word' id='word_1_473' title='bbox 1935 2602 2130 2649; x_wconf 84' lang='lat' dir='ltr'><strong>Ogygium</strong></span> <span class='ocrx_word' id='word_1_474' title='bbox 2142 2601 2268 2638; x_wconf 86' lang='lat' dir='ltr'><strong>Deum</strong></span> <span class='ocrx_word' id='word_1_475' title='bbox 2281 2595 2507 2674; x_wconf 31' lang='lat' dir='ltr'><strong>Bacchum}</strong></span> 
     </span>
     <span class='ocr_line' id='line_1_77' title="bbox 1420 2651 2502 2701; baseline 0.002 -13"><span class='ocrx_word' id='word_1_476' title='bbox 1420 2652 1569 2700; x_wconf 82' lang='lat' dir='ltr'><strong>accipe,</strong></span> <span class='ocrx_word' id='word_1_477' title='bbox 1598 2652 1643 2689; x_wconf 85' lang='lat' dir='ltr'><strong>ab</strong></span> <span class='ocrx_word' id='word_1_478' title='bbox 1669 2652 1810 2701; x_wconf 81' lang='lat' dir='ltr'><strong>Ogygo</strong></span> <span class='ocrx_word' id='word_1_479' title='bbox 1831 2651 2082 2700; x_wconf 74' lang='lat' dir='ltr'><strong>antiquiffimo</strong></span> <span class='ocrx_word' id='word_1_480' title='bbox 2108 2652 2340 2688; x_wconf 82' lang='lat' dir='ltr'><strong>Boeotorum</strong></span> <span class='ocrx_word' id='word_1_481' title='bbox 2362 2662 2502 2700; x_wconf 74' lang='lat' dir='ltr'><strong>rege,&#39;-v</strong></span> 
     </span>
     <span class='ocr_line' id='line_1_78' title="bbox 1421 2700 2494 2751; baseline 0.001 -12"><span class='ocrx_word' id='word_1_482' title='bbox 1421 2714 1535 2751; x_wconf 88' lang='lat' dir='ltr'><strong>quem</strong></span> <span class='ocrx_word' id='word_1_483' title='bbox 1554 2703 1742 2741; x_wconf 84' lang='lat' dir='ltr'><strong>Pausanias</strong></span> <span class='ocrx_word' id='word_1_484' title='bbox 1762 2702 1964 2747; x_wconf 68' lang='grc' dir='ltr'><em>ἀυτόχθονει</em></span> <span class='ocrx_word' id='word_1_485' title='bbox 1978 2700 2103 2745; x_wconf 79' lang='lat' dir='ltr'><strong>fm&#39;ffe,</strong></span> <span class='ocrx_word' id='word_1_486' title='bbox 2123 2702 2378 2750; x_wconf 82' lang='lat' dir='ltr'><strong>Boeotiaeque</strong></span> <span class='ocrx_word' id='word_1_487' title='bbox 2399 2702 2494 2745; x_wconf 41' lang='lat' dir='ltr'><strong>im-„r</strong></span> 
     </span>
     <span class='ocr_line' id='line_1_79' title="bbox 1421 2750 2491 2804; baseline 0.001 -14"><span class='ocrx_word' id='word_1_488' title='bbox 1421 2751 1557 2802; x_wconf 70' lang='lat' dir='ltr'><strong>pei-affe</strong></span> <span class='ocrx_word' id='word_1_489' title='bbox 1576 2753 1717 2800; x_wconf 86' lang='lat' dir='ltr'><strong>scribit,</strong></span> <span class='ocrx_word' id='word_1_490' title='bbox 1745 2753 2003 2803; x_wconf 86' lang='lat' dir='ltr'><strong>populumque</strong></span> <span class='ocrx_word' id='word_1_491' title='bbox 2031 2754 2107 2804; x_wconf 82' lang='lat' dir='ltr'><strong>ejus</strong></span> <span class='ocrx_word' id='word_1_492' title='bbox 2133 2750 2237 2790; x_wconf 90' lang='lat' dir='ltr'><strong>fuisse</strong></span> <span class='ocrx_word' id='word_1_493' title='bbox 2259 2752 2491 2799; x_wconf 46' lang='lat' dir='ltr'><strong>Hestenesf</strong></span> 
     </span>
     <span class='ocr_line' id='line_1_80' title="bbox 1422 2801 2489 2853; baseline 0.001 -12"><span class='ocrx_word' id='word_1_494' title='bbox 1422 2805 1554 2853; x_wconf 86' lang='lat' dir='ltr'><strong>quibus</strong></span> <span class='ocrx_word' id='word_1_495' title='bbox 1595 2804 1693 2853; x_wconf 86' lang='lat' dir='ltr'><strong>peste</strong></span> <span class='ocrx_word' id='word_1_496' title='bbox 1733 2805 1901 2843; x_wconf 84' lang='lat' dir='ltr'><strong>absumtis</strong></span> <span class='ocrx_word' id='word_1_497' title='bbox 1925 2832 1937 2848; x_wconf 87' lang='lat'>,</span> <span class='ocrx_word' id='word_1_498' title='bbox 1990 2801 2187 2841; x_wconf 72' lang='lat' dir='ltr'><strong>successisse</strong></span> <span class='ocrx_word' id='word_1_499' title='bbox 2226 2804 2396 2853; x_wconf 84' lang='lat' dir='ltr'><strong>Hyantas</strong></span> <span class='ocrx_word' id='word_1_500' title='bbox 2430 2803 2470 2842; x_wconf 86' lang='lat'>&amp;</span> <span class='ocrx_word' id='word_1_501' title='bbox 2488 2816 2489 2821; x_wconf 58' lang='lat'>¹</span> 
     </span>
     <span class='ocr_line' id='line_1_81' title="bbox 1424 2854 2474 2906; baseline 0 -14"><span class='ocrx_word' id='word_1_502' title='bbox 1424 2858 1553 2893; x_wconf 82' lang='lat' dir='ltr'><strong>Aonas</strong></span> <span class='ocrx_word' id='word_1_503' title='bbox 1582 2856 1695 2906; x_wconf 84' lang='lat' dir='ltr'><strong>usque</strong></span> <span class='ocrx_word' id='word_1_504' title='bbox 1723 2856 1770 2894; x_wconf 85' lang='lat' dir='ltr'><strong>ad</strong></span> <span class='ocrx_word' id='word_1_505' title='bbox 1798 2854 1933 2892; x_wconf 83' lang='lat' dir='ltr'><strong>Cadini</strong></span> <span class='ocrx_word' id='word_1_506' title='bbox 1960 2863 2153 2903; x_wconf 84' lang='lat' dir='ltr'><strong>tempora,</strong></span> <span class='ocrx_word' id='word_1_507' title='bbox 2180 2866 2200 2892; x_wconf 85' lang='lat' dir='ltr'><strong>a</strong></span> <span class='ocrx_word' id='word_1_508' title='bbox 2223 2867 2300 2904; x_wconf 85' lang='lat' dir='ltr'><strong>quo</strong></span> <span class='ocrx_word' id='word_1_509' title='bbox 2324 2855 2474 2893; x_wconf 75' lang='lat' dir='ltr'><strong>Thebas</strong></span> 
     </span>
     <span class='ocr_line' id='line_1_82' title="bbox 1427 2905 2497 2957; baseline 0.001 -13"><span class='ocrx_word' id='word_1_510' title='bbox 1427 2906 1591 2945; x_wconf 81' lang='lat' dir='ltr'><strong>conditas</strong></span> <span class='ocrx_word' id='word_1_511' title='bbox 1609 2935 1618 2949; x_wconf 84' lang='lat'>‚</span> <span class='ocrx_word' id='word_1_512' title='bbox 1660 2907 1722 2944; x_wconf 85' lang='lat' dir='ltr'><strong>ubi</strong></span> <span class='ocrx_word' id='word_1_513' title='bbox 1758 2906 1882 2956; x_wconf 87' lang='lat' dir='ltr'><strong>postea</strong></span> <span class='ocrx_word' id='word_1_514' title='bbox 1911 2905 2074 2943; x_wconf 82' lang='lat' dir='ltr'><strong>Bacchus</strong></span> <span class='ocrx_word' id='word_1_515' title='bbox 2112 2913 2228 2943; x_wconf 80' lang='lat' dir='ltr'><strong>natus.</strong></span> <span class='ocrx_word' id='word_1_516' title='bbox 2261 2918 2376 2956; x_wconf 86' lang='lat' dir='ltr'><strong>quem</strong></span> <span class='ocrx_word' id='word_1_517' title='bbox 2412 2906 2497 2957; x_wconf 61' lang='lat' dir='ltr'><strong>hic.</strong></span> 
     </span>
     <span class='ocr_line' id='line_1_83' title="bbox 1428 2951 2493 3011; baseline -0.001 -15"><span class='ocrx_word' id='word_1_518' title='bbox 1428 2958 1623 3007; x_wconf 73' lang='lat' dir='ltr'><strong>Ogygiam</strong></span> <span class='ocrx_word' id='word_1_519' title='bbox 1647 2966 1756 2995; x_wconf 76' lang='lat' dir='ltr'><strong>vocat</strong></span> <span class='ocrx_word' id='word_1_520' title='bbox 1778 2958 1894 2994; x_wconf 79' lang='lat' dir='ltr'><strong>Poeta</strong></span> <span class='ocrx_word' id='word_1_521' title='bbox 1908 2965 1969 3000; x_wconf 88' lang='lat' dir='ltr'><strong>‚ut</strong></span> <span class='ocrx_word' id='word_1_522' title='bbox 1991 2957 2208 2995; x_wconf 86' lang='lat' dir='ltr'><strong>Phoroneos</strong></span> <span class='ocrx_word' id='word_1_523' title='bbox 2227 2958 2265 2996; x_wconf 66' lang='grc' dir='ltr'><strong>ὅς</strong></span> <span class='ocrx_word' id='word_1_524' title='bbox 2290 2951 2493 3011; x_wconf 49' lang='lat' dir='ltr'><strong>Inachios5}</strong></span> 
     </span>
     <span class='ocr_line' id='line_1_84' title="bbox 1427 3009 1956 3058; baseline -0.003 -11"><span class='ocrx_word' id='word_1_525' title='bbox 1427 3010 1589 3058; x_wconf 81' lang='lat' dir='ltr'><strong>Argivos</strong></span> <span class='ocrx_word' id='word_1_526' title='bbox 1609 3009 1703 3046; x_wconf 88' lang='lat' dir='ltr'><strong>alibi.</strong></span> <span class='ocrx_word' id='word_1_527' title='bbox 1732 3009 1956 3045; x_wconf 70' lang='lat' dir='ltr'><strong>chrttus.</strong></span> 
     </span>
    </p>
   </div>
   <div class='ocr_carea' id='block_1_26' title="bbox 1429 3055 2480 3366">
    <p class='ocr_par' dir='ltr' id='par_1_38' title="bbox 1431 3055 2476 3158">
     <span class='ocr_line' id='line_1_85' title="bbox 1484 3055 2476 3110; baseline -0.001 -13"><span class='ocrx_word' id='word_1_528' title='bbox 1484 3072 1542 3107; x_wconf 81' lang='lat'><strong>50.</strong></span> <span class='ocrx_word' id='word_1_529' title='bbox 1571 3063 1759 3108; x_wconf 53' lang='lat' dir='ltr'><strong>§Quamque</strong></span> <span class='ocrx_word' id='word_1_530' title='bbox 1787 3058 1873 3108; x_wconf 86' lang='lat' dir='ltr'><strong>lapis</strong></span> <span class='ocrx_word' id='word_1_531' title='bbox 1894 3059 1990 3108; x_wconf 79' lang='lat' dir='ltr'><strong>sedes</strong></span> <span class='ocrx_word' id='word_1_532' title='bbox 2010 3087 2020 3103; x_wconf 93' lang='lat'>,</span> <span class='ocrx_word' id='word_1_533' title='bbox 2059 3068 2136 3096; x_wconf 82' lang='lat' dir='ltr'><strong>tam</strong></span> <span class='ocrx_word' id='word_1_534' title='bbox 2167 3058 2254 3109; x_wconf 82' lang='lat' dir='ltr'><strong>lapis</strong></span> <span class='ocrx_word' id='word_1_535' title='bbox 2280 3058 2350 3110; x_wconf 77' lang='lat' dir='ltr'><strong>ipfiz</strong></span> <span class='ocrx_word' id='word_1_536' title='bbox 2368 3055 2476 3108; x_wconf 51' lang='lat' dir='ltr'><strong>suh]</strong></span> 
     </span>
     <span class='ocr_line' id='line_1_86' title="bbox 1431 3109 2474 3158; baseline -0.002 -10"><span class='ocrx_word' id='word_1_537' title='bbox 1431 3109 1644 3158; x_wconf 75' lang='lat' dir='ltr'><strong>Expreffiss&#39;e</strong></span> <span class='ocrx_word' id='word_1_538' title='bbox 1663 3110 1806 3147; x_wconf 82' lang='lat' dir='ltr'><strong>videtur</strong></span> <span class='ocrx_word' id='word_1_539' title='bbox 1824 3111 1956 3148; x_wconf 74' lang='lat' dir='ltr'><strong>Catulli</strong></span> <span class='ocrx_word' id='word_1_540' title='bbox 1973 3111 2113 3148; x_wconf 88' lang='lat' dir='ltr'><strong>locum.</strong></span> <span class='ocrx_word' id='word_1_541' title='bbox 2138 3110 2201 3148; x_wconf 86' lang='lat' dir='ltr'><strong>ubi</strong></span> <span class='ocrx_word' id='word_1_542' title='bbox 2221 3111 2271 3147; x_wconf 79' lang='lat' dir='ltr'><strong>ita</strong></span> <span class='ocrx_word' id='word_1_543' title='bbox 2293 3109 2361 3147; x_wconf 84' lang='lat' dir='ltr'><strong>est:</strong></span> <span class='ocrx_word' id='word_1_544' title='bbox 2471 3109 2474 3111; x_wconf 68' lang='grc'><strong><em>’</em></strong></span> 
     </span>
    </p>

    <p class='ocr_par' dir='ltr' id='par_1_39' title="bbox 1484 3160 2477 3211">
     <span class='ocr_line' id='line_1_87' title="bbox 1484 3160 2477 3211; baseline 0.002 -15"><span class='ocrx_word' id='word_1_545' title='bbox 1484 3166 1594 3198; x_wconf 76' lang='lat' dir='ltr'><strong>saxea</strong></span> <span class='ocrx_word' id='word_1_546' title='bbox 1612 3171 1651 3197; x_wconf 81' lang='lat' dir='ltr'><strong>ut</strong></span> <span class='ocrx_word' id='word_1_547' title='bbox 1666 3161 1784 3209; x_wconf 79' lang='lat' dir='ltr'><strong>effigies</strong></span> <span class='ocrx_word' id='word_1_548' title='bbox 1798 3160 1999 3198; x_wconf 75' lang='lat' dir='ltr'><strong>bacchantis</strong></span> <span class='ocrx_word' id='word_1_549' title='bbox 2008 3161 2165 3211; x_wconf 84' lang='lat' dir='ltr'><strong>prospicit</strong></span> <span class='ocrx_word' id='word_1_550' title='bbox 2180 3163 2284 3197; x_wconf 78' lang='lat' dir='ltr'><strong>Evoe&#39;.</strong></span> <span class='ocrx_word' id='word_1_551' title='bbox 2304 3160 2477 3199; x_wconf 74' lang='lat' dir='ltr'><strong>CioFAN.</strong></span> 
     </span>
    </p>

    <p class='ocr_par' dir='ltr' id='par_1_40' title="bbox 1429 3211 2480 3366">
     <span class='ocr_line' id='line_1_88' title="bbox 1485 3211 2478 3263; baseline -0.001 -14"><span class='ocrx_word' id='word_1_552' title='bbox 1485 3223 1543 3261; x_wconf 84' lang='lat'><strong>53.</strong></span> <span class='ocrx_word' id='word_1_553' title='bbox 1570 3216 1617 3248; x_wconf 85' lang='lat' dir='ltr'><strong>Et</strong></span> <span class='ocrx_word' id='word_1_554' title='bbox 1637 3225 1700 3248; x_wconf 77' lang='lat' dir='ltr'><strong>ma</strong></span> <span class='ocrx_word' id='word_1_555' title='bbox 1717 3226 1804 3263; x_wconf 77' lang='lat' dir='ltr'><strong>quae</strong></span> <span class='ocrx_word' id='word_1_556' title='bbox 1816 3212 1984 3262; x_wconf 66' lang='lat' dir='ltr'><strong>possam]</strong></span> <span class='ocrx_word' id='word_1_557' title='bbox 2008 3214 2093 3261; x_wconf 71' lang='lat' dir='ltr'><strong>Qa</strong></span> <span class='ocrx_word' id='word_1_558' title='bbox 2102 3212 2231 3262; x_wconf 81' lang='lat' dir='ltr'><strong>poffum</strong></span> <span class='ocrx_word' id='word_1_559' title='bbox 2251 3211 2382 3248; x_wconf 64' lang='lat' dir='ltr'><strong>reftius</strong></span> <span class='ocrx_word' id='word_1_560' title='bbox 2405 3212 2478 3249; x_wconf 85' lang='lat' dir='ltr'><strong>Ar-</strong></span> 
     </span>
     <span class='ocr_line' id='line_1_89' title="bbox 1429 3261 2480 3313; baseline 0.001 -13"><span class='ocrx_word' id='word_1_561' title='bbox 1429 3264 1601 3313; x_wconf 85' lang='lat' dir='ltr'><strong>gentinus</strong></span> <span class='ocrx_word' id='word_1_562' title='bbox 1640 3275 1726 3301; x_wconf 86' lang='lat' dir='ltr'><strong>cum</strong></span> <span class='ocrx_word' id='word_1_563' title='bbox 1753 3264 1869 3310; x_wconf 87' lang='lat' dir='ltr'><strong>Jureti</strong></span> <span class='ocrx_word' id='word_1_564' title='bbox 1908 3264 2108 3312; x_wconf 85' lang='lat' dir='ltr'><strong>Excerptis.</strong></span> <span class='ocrx_word' id='word_1_565' title='bbox 2140 3261 2299 3309; x_wconf 83' lang='lat' dir='ltr'><strong>Epistola</strong></span> <span class='ocrx_word' id='word_1_566' title='bbox 2330 3261 2480 3301; x_wconf 85' lang='lat' dir='ltr'><strong>Laoda-</strong></span> 
     </span>
     <span class='ocr_line' id='line_1_90' title="bbox 1431 3311 2333 3366; baseline -0.003 -12"><span class='ocrx_word' id='word_1_567' title='bbox 1431 3315 1541 3354; x_wconf 79' lang='lat' dir='ltr'><strong>miae.</strong></span> <span class='ocrx_word' id='word_1_568' title='bbox 1561 3326 1623 3365; x_wconf 80' lang='lat'><strong>43.</strong></span> <span class='ocrx_word' id='word_1_569' title='bbox 1650 3323 1690 3354; x_wconf 88' lang='lat' dir='ltr'><strong>ut</strong></span> <span class='ocrx_word' id='word_1_570' title='bbox 1708 3314 1864 3366; x_wconf 71' lang='lat' dir='ltr'><strong>quidem</strong></span> <span class='ocrx_word' id='word_1_571' title='bbox 1883 3314 1964 3355; x_wconf 82' lang='lat' dir='ltr'><strong>libri</strong></span> <span class='ocrx_word' id='word_1_572' title='bbox 1984 3315 2156 3354; x_wconf 79' lang='lat' dir='ltr'><strong>meliores</strong></span> <span class='ocrx_word' id='word_1_573' title='bbox 2172 3311 2333 3352; x_wconf 82' lang='lat' dir='ltr'><strong>habent:</strong></span> 
     </span>
    </p>
   </div>
   <div class='ocr_carea' id='block_1_27' title="bbox 2393 3364 2478 3414">
    <p class='ocr_par' dir='ltr' id='par_1_41' title="bbox 2393 3364 2478 3414">
     <span class='ocr_line' id='line_1_91' title="bbox 2393 3364 2478 3414; baseline 0 -14"><span class='ocrx_word' id='word_1_574' title='bbox 2393 3364 2478 3414; x_wconf 67' lang='lat' dir='ltr'><strong>Q·</strong></span> 
     </span>
    </p>
   </div>
   <div class='ocr_carea' id='block_1_28' title="bbox 2489 2599 2537 2657">
    <p class='ocr_par' dir='ltr' id='par_1_42' title="bbox 2489 2599 2537 2657">
     <span class='ocr_line' id='line_1_92' title="bbox 2489 2599 2537 2635; baseline -0.063 -30"><span class='ocrx_word' id='word_1_575' title='bbox 2489 2600 2505 2635; x_wconf 26' lang='lat' dir='ltr'><strong>§.v</strong></span> <span class='ocrx_word' id='word_1_576' title='bbox 2536 2599 2537 2602; x_wconf 74' lang='grc'>,</span> 
     </span>
     <span class='ocr_line' id='line_1_93' title="bbox 2499 2648 2505 2657; baseline 0 -2"><span class='ocrx_word' id='word_1_577' title='bbox 2499 2648 2505 2657; x_wconf 82' lang='grc'><strong><em>.</em></strong></span> 
     </span>
    </p>
   </div>
   <div class='ocr_carea' id='block_1_29' title="bbox 2520 2726 2553 3676">
    <p class='ocr_par' dir='ltr' id='par_1_43' title="bbox 2520 2726 2553 3676">
     <span class='ocr_line' id='line_1_94' title="bbox 2520 2726 2553 3676; baseline 0 -226"><span class='ocrx_word' id='word_1_578' title='bbox 2520 2726 2553 3490; x_wconf 95' lang='lat' dir='ltr'><strong>  </strong></span> <span class='ocrx_word' id='word_1_579' title='bbox 2524 3450 2553 3676; x_wconf 95' lang='lat' dir='ltr'><strong>  </strong></span> 
     </span>
    </p>
   </div>
   <div class='ocr_carea' id='block_1_30' title="bbox 2521 3460 2529 3480">
    <p class='ocr_par' dir='ltr' id='par_1_44' title="bbox 2521 3460 2529 3480">
     <span class='ocr_line' id='line_1_95' title="bbox 2521 3460 2529 3480; baseline 0 -4"><span class='ocrx_word' id='word_1_580' title='bbox 2521 3460 2529 3480; x_wconf 72' lang='lat' dir='ltr'><strong>l</strong></span> 
     </span>
    </p>
   </div>
   <div class='ocr_carea' id='block_1_31' title="bbox 2337 1465 2454 1520">
    <p class='ocr_par' dir='ltr' id='par_1_45' title="bbox 2337 1449 2497 1546">
     <span class='ocr_line' id='line_1_96' title="bbox 2337 1465 2454 1520; baseline 0.013 -2"><span class='ocrx_word' id='word_1_581' title='bbox 2337 1465 2454 1520; x_wconf 81' lang='lat' dir='ltr'><strong>Aut</strong></span> 
     </span>
    </p>
   </div>
   <div class='ocr_carea' id='block_1_32' title="bbox 1463 1828 2553 1936">
    <p class='ocr_par' dir='ltr' id='par_1_46' title="bbox 1463 1828 2553 1941">
     <span class='ocr_line' id='line_1_97' title="bbox 2501 1828 2553 1858; baseline -0.019 -3"><span class='ocrx_word' id='word_1_582' title='bbox 2501 1847 2507 1858; x_wconf 84' lang='grc'><strong>.,</strong></span> <span class='ocrx_word' id='word_1_583' title='bbox 2546 1828 2553 1855; x_wconf 89' lang='grc'><strong>1</strong></span> 
     </span>
     <span class='ocr_line' id='line_1_98' title="bbox 1463 1883 2464 1936; baseline -0.001 -14"><span class='ocrx_word' id='word_1_584' title='bbox 1463 1897 1522 1935; x_wconf 86' lang='lat'><strong>39.</strong></span> <span class='ocrx_word' id='word_1_585' title='bbox 1551 1892 1595 1922; x_wconf 84' lang='lat' dir='ltr'><strong>Ut</strong></span> <span class='ocrx_word' id='word_1_586' title='bbox 1604 1886 1773 1936; x_wconf 67' lang='lat' dir='ltr'><strong>saltem]</strong></span> <span class='ocrx_word' id='word_1_587' title='bbox 1801 1885 1905 1932; x_wconf 85' lang='lat' dir='ltr'><strong>Junii</strong></span> <span class='ocrx_word' id='word_1_588' title='bbox 1923 1883 2006 1921; x_wconf 87' lang='lat' dir='ltr'><strong>haec</strong></span> <span class='ocrx_word' id='word_1_589' title='bbox 2019 1884 2164 1934; x_wconf 82' lang='lat' dir='ltr'><strong>saltem.</strong></span> <span class='ocrx_word' id='word_1_590' title='bbox 2191 1885 2310 1931; x_wconf 77' lang='lat' dir='ltr'><strong>forte,</strong></span> <span class='ocrx_word' id='word_1_591' title='bbox 2334 1894 2374 1922; x_wconf 85' lang='lat' dir='ltr'><strong>at</strong></span> <span class='ocrx_word' id='word_1_592' title='bbox 2385 1884 2464 1935; x_wconf 78' lang='lat' dir='ltr'><strong>fizl-</strong></span> 
     </span>
    </p>
   </div>
   <div class='ocr_carea' id='block_1_33' title="bbox 2530 1879 2553 2517">
    <p class='ocr_par' dir='ltr' id='par_1_47' title="bbox 2530 1879 2553 2517">
     <span class='ocr_line' id='line_1_99' title="bbox 2530 1879 2553 2517; baseline 0 1159"><span class='ocrx_word' id='word_1_593' title='bbox 2530 1879 2553 2517; x_wconf 95' lang='lat' dir='ltr'><strong> </strong></span> 
     </span>
    </p>
   </div>
  </div>
 </body>
</html>
