2553 3676
626 215 821 519 Ν
1047 339 1248 516 U
1434 346 1767 523 X,

496 641 1074 791 ELE

2168 202 2264 274 829

1250 690 1865 790 GIA.

410 949 548 1086 N
567 947 659 1003 UX
680 964 782 1019 ego
803 946 981 1017 junna
1004 947 1119 1000 viae
1134 985 1150 1010 ‚
1185 961 1311 1000 cum
1336 943 1429 998 firn
1454 943 1561 999 fine
1584 945 1808 1001 crimine
1832 947 2014 1010 vitae.‘

629 1022 683 1075 A
704 1020 904 1091 populo
930 1019 1059 1073 saxis
1082 1030 1459 1090 praetereunte
1483 1029 1654 1088 petor.
1893 1039 1903 1048 ·
1976 1022 1979 1023 ’

396 1095 658 1167 ,Obruere
685 1092 774 1146 ista
800 1093 933 1146 solet
959 1089 1260 1145 manifestos
1285 1107 1458 1171 poena
1482 1104 1768 1155 nocenteS‚

482 1166 702 1220 Publica
727 1182 850 1217 cum
878 1165 1075 1218 lentam
1099 1180 1210 1216 non
1232 1176 1372 1233 capit
1400 1162 1475 1214 ira
1499 1164 1720 1217 moram.

344 1256 373 1305 ς
411 1238 502 1293 Nil
528 1255 631 1308 ego
658 1236 903 1308 peccavi:
944 1235 1038 1288 nisi
1065 1234 1102 1287 fi
1129 1233 1368 1305 peccaffe
1393 1247 1615 1290 vocatur
1631 1267 1647 1293 2

487 1312 682 1365 Annua
706 1308 900 1363 cultori
926 1323 1086 1380 poma
1113 1305 1313 1361 referre
1341 1305 1449 1361 suo,

177 1524 210 1554 ἵ.
236 1517 323 1550 Nux
351 1525 403 1561 ego
427 1513 552 1562 junffa
580 1512 661 1550 viae
680 1541 690 1558 ,
738 1525 816 1550 cum
840 1509 910 1561 fim
928 1510 1004 1561 fine
1021 1507 1164 1548 crimine

120 1562 258 1611 ruitae]
288 1565 378 1601 Sunt
393 1565 456 1613 qui
475 1563 646 1608 afferant,
672 1565 746 1601 hoc
766 1574 919 1612 quoque
947 1562 1163 1610 opusculum

123 1611 168 1649 de
197 1614 303 1650 Nuce
321 1613 408 1651 falso
428 1614 575 1652 adscribi
596 1614 746 1652 Nasoni.
773 1614 854 1662 Ego
868 1624 964 1653 ,vero
980 1640 990 1656 ‚
1017 1621 1055 1649 ut
1086 1624 1164 1649 non

123 1664 310 1711 negarim,
350 1664 532 1702 Ovidium
556 1666 760 1714 Juvenem,
789 1665 827 1701 ὃς
853 1663 971 1701 adhuc
988 1671 1163 1711 tyronem

119 1713 159 1750 in
188 1714 375 1752 Musarum
409 1715 560 1759 militia,
595 1716 685 1753 haec
704 1714 803 1764 quasi
822 1713 873 1751 sui
902 1714 1166 1762 praeexercita-

118 1771 244 1800 menta
264 1763 451 1813 scripsisse,
480 1766 633 1803 meliora
653 1765 804 1815 quidem
825 1765 966 1808 futura,
984 1763 1009 1800 fi
1029 1764 1066 1800 in
1080 1776 1164 1812 pro-

116 1813 323 1851 vectiorem
355 1824 511 1854 aetatem
532 1815 714 1854 distulisset
734 1831 746 1859 ;
786 1815 833 1852 fic
851 1813 978 1863 ipfius,
1015 1825 1093 1851 non
1113 1815 1163 1852 al—

119 1864 230 1902 terius
239 1868 373 1913 poetae
392 1875 535 1914 partum
557 1864 627 1904 esse
639 1864 868 1904 affeverarim
881 1892 891 1908 ‚
919 1864 1021 1913 quod
1043 1876 1088 1901 ex
1107 1865 1161 1902 di-

118 1914 224 1951 cendi
245 1915 448 1954 charactere
468 1918 587 1966 quivis
605 1917 664 1954 vel
683 1916 918 1954 mediocriter
927 1915 1086 1952 eruditus
1099 1915 1163 1953 de-

120 1965 344 2011 prehendere
365 1968 510 2015 poterit.
547 1967 615 2005 Sed
644 1969 706 2014 (ut
726 1967 770 2004 ad
797 1965 960 2015 opusculi
981 1965 1087 2013 ipfius
1108 1978 1162 2003 ar-

118 2024 340 2062 gumentum
361 2017 584 2065 deveniam)
611 2017 750 2055 inducit
769 2018 885 2054 Poe'ta
907 2016 1073 2053 arborem
1092 2028 1162 2054 nu-

121 2065 193 2109 cis,
221 2077 316 2114 quae
335 2067 373 2103 in
395 2067 536 2115 publica
556 2069 615 2105 via
636 2068 772 2106 consita
794 2075 868 2104 erat
881 2093 891 2110 ,
929 2078 1161 2115 conqueren-

119 2121 195 2151 tem
210 2141 219 2157 2«
246 2116 350 2163 quod
370 2116 391 2153 a
412 2117 930 2156 transeuntibus&viatoribus
951 2117 1160 2165 frequenter

117 2164 207 2202 saxis
229 2166 389 2204 feriatur.
443 2169 490 2206 Et
511 2169 555 2206 ab
575 2170 644 2206 hac
666 2170 781 2206 Nucis
800 2167 946 2217 querela
967 2167 1160 2204 occasione

119 2223 225 2263 capta
247 2245 257 2258 ,
299 2217 452 2256 latenter
481 2221 593 2268 carpit
619 2219 671 2257 sui
701 2219 878 2267 temporis
903 2218 1091 2255 avaritiam
1119 2229 1161 2256 ac

115 2263 301 2303 luxuriam
314 2294 324 2310 ‚
361 2269 674 2319 antiquorumque
703 2269 826 2307 laudat
864 2268 1091 2305 severitatem
1123 2270 1162 2306 &

119 2317 399 2355 continentiam.
454 2320 585 2356 Obiter
605 2328 729 2357 autem
750 2319 893 2356 omneis
912 2319 1017 2356 ludos
1035 2318 1164 2356 descri-

117 2364 173 2402 bit
187 2393 198 2408 ‚
226 2378 318 2414 quos
340 2369 492 2404 nucibus
512 2371 613 2415 pueri
632 2370 756 2407 ludere
778 2368 938 2406 ass'olent.
993 2368 1097 2406 Tum
1120 2370 1163 2406 ab

114 2414 290 2464 'Augusto
308 2416 458 2453 Caesare
477 2417 776 2454 benevolentiam
805 2428 943 2466 captat,
971 2420 1000 2467 ej
1009 2431 1046 2456 us
1059 2419 1163 2467 justi-

118 2465 209 2502 tiam
220 2478 262 2502 ac
272 2466 500 2514 prudentiam
511 2466 860 2504 laudans‘MARms.
871 2471 978 2516 Quae
992 2470 1164 2508 illustran-

120 2515 167 2552 da
185 2515 364 2563 superest,
392 2517 547 2565 elegiam
568 2516 614 2554 de
636 2518 742 2555 Nuce
763 2527 824 2555 aut
842 2518 1006 2566 scriptam
1030 2518 1099 2556 effe
1120 2521 1163 2557 ab

119 2565 196 2602 hoc
212 2566 336 2616 nostro
360 2567 561 2612 Sulmone,
598 2577 659 2605 aut
690 2580 776 2605 eum
809 2568 852 2605 ad
882 2569 1162 2608 Sulmonensem

121 2625 274 2663 agrurn,
302 2616 385 2654 cum
407 2618 501 2656 hanc
519 2618 705 2662 scriberet,
742 2617 927 2666 respexisse
956 2619 1077 2656 video.
1113 2621 1166 2657 Si-

124 2664 279 2713 quidem
300 2668 485 2706 universus
506 2669 581 2706 fere
600 2668 715 2718 aqua,
743 2681 836 2719 quae
849 2670 929 2706 illac
944 2669 1095 2714 labitur,
1108 2671 1167 2708 vel

124 2713 231 2769 ipsius
260 2716 390 2754 Ovidii
415 2727 532 2756 aetate
555 2748 565 2764 ‚
616 2729 657 2757 ut
685 2721 723 2757 &
741 2731 861 2762 nunc,
889 2720 1023 2768 irrigari
1044 2720 1166 2758 solitus

130 2763 236 2819 sulffe
257 2767 486 2815 cognoscitur
498 2781 545 2807 ex
563 2770 689 2819 Elegia
708 2782 787 2807 xvn
807 2769 867 2808 lib.
880 2782 924 2807 11.
950 2774 1082 2808 Amor.
1106 2770 1167 2808 ubi

125 2823 176 2859 ,ita
201 2815 270 2853 est:

176 2880 287 2913 Arva
303 2886 523 2933 pererrantur
543 2882 681 2930 Peligna
698 2882 907 2931 liquentibus
926 2883 1055 2929 undis‘,

221 2930 276 2976 *Et
298 2938 389 2964 τινα
407 2930 444 2966 in
463 2941 572 2968 tenero
584 2933 717 2980 fertilis
735 2933 839 2969 herba
851 2933 920 2982 solo
934 2950 944 2970 .·
1003 2962 1008 2967 .

179 2982 309 3026 Perque
329 2978 529 3027 resurgentes
546 2983 634 3019 rivis
655 2983 848 3020 labentibus
869 2983 1011 3029 herhas,

141 3031 151 3032 ’
229 3029 435 3065 Gramineus
453 3031 635 3067 madidam
655 3034 753 3082 cespes
776 3033 957 3070 obumbrat
969 3034 1127 3074 humum.

126 3086 230 3125 {dem
250 3101 295 3127 ex
314 3089 382 3126 hac
400 3090 471 3139 ipsa
492 3093 604 3141 elegia
626 3094 851 3141 perspicitur:

180 3149 250 3185 Sole
273 3149 370 3194 licet,
388 3150 545 3203 fictaque
560 3154 616 3203 firi
634 3156 788 3204 peritura
817 3157 964 3196 laborem
981 3188 990 3200 .

231 3201 383 3248 irriguae
403 3202 544 3243 dabitur
563 3214 630 3243 non
652 3206 741 3244 mihi
754 3207 871 3255 sulcus
890 3202 1013 3261 aquae.

130 3262 348 3302 Cierium.

2182 1383 2259 1436 At

1274 1522 1305 1548 1.
1331 1508 1509 1560 Juneta.]
1540 1509 1750 1558 Contigua‚
1778 1510 1958 1558 proxima.
1987 1510 2102 1548 IDEM.
2128 1507 2262 1547 vidad

1220 1571 1247 1598 1.
1267 1560 1377 1598 Pont.
1395 1573 1447 1599 iv.
1473 1572 1529 1610 31.

1270 1624 1305 1650 2.
1333 1610 1471 1660 Petam]
1499 1611 1701 1649 Percutior.
1733 1610 1816 1647 Val.
1834 1611 2021 1649 Maximus
2042 1610 2102 1648 lib.
2126 1622 2162 1646 V.
2184 1620 2262 1657 cap.

1220 1675 1285 1700 111.
1311 1668 1483 1710 Lycurgus
1500 1661 1599 1710 saepe
1626 1660 1796 1710 lapidibus
1811 1661 1940 1710 petitus
1962 1662 2015 1709 est.
2043 1661 2263 1698 CIOFANUS.

1218 1713 1294 1750 vid.
1314 1724 1379 1750 111.
1401 1714 1488 1749 Am.
1508 1724 1572 1749 111.
1592 1723 1650 1760 37.

1271 1774 1305 1812 3.
1333 1762 1519 1811 Obruere.]
1548 1762 1707 1810 Proprie.
1742 1761 1887 1800 Dicitur
1918 1764 2017 1801 enim
2048 1760 2265 1809 elegantiffi·

1220 1824 1304 1857 me,
1330 1813 1418 1852 saxis
1437 1812 1668 1861 &lapidibus
1689 1812 1850 1861 aliquem
1870 1813 2016 1851 obruere.
2039 1813 2259 1848 Croranvs.

1217 1864 1366 1902 Petron.
1399 1875 1477 1912 cap.
1503 1875 1615 1902 XCHI.
1658 1869 1729 1900 Nos
1760 1876 1875 1900 omnes
1895 1864 1963 1912 suh
1996 1862 2114 1900 eadem
2156 1861 2265 1909 cauffo

1219 1914 1346 1953 obruet.

1272 1977 1305 2015 3.
1334 1964 1532 2014 Nocentes]
1569 1963 1709 2002 Sontes.
1739 1965 1956 2004 Cromnos.

1269 2029 1303 2064 ς.
1336 2015 1414 2064 Nisi
1421 2014 1456 2064 si
1465 2026 1601 2064 peccare
1611 2016 1811 2065 fatemur.]
1841 2018 1994 2065 Legitur
2022 2016 2097 2052 fere
2124 2016 2160 2053 in
2184 2026 2263 2053 man=

1214 2066 1402 2115 nuscriptis
1426 2066 1710 2114 exemplaribus,
1749 2065 1903 2103 videtur.
1938 2067 2116 2103 MARms.
2164 2072 2262 2102 Fate-

1216 2129 1297 2153 mur
1311 2117 1380 2160 ,est
1399 2117 1436 2154 in
1456 2117 1560 2154 bonis
1579 2116 1674 2153 libris
1689 2117 1833 2165 ‚itaque
1853 2116 2063 2163 legendum.
2093 2116 2263 2154 CIOFAN‚

1217 2167 1368 2204 Rectius
1387 2166 1542 2216 legitur,
1571 2165 1636 2214 nisi
1645 2164 1680 2214 fi
1690 2176 1825 2216 peccare
1845 2167 1985 2202 videtur
2000 2194 2010 2211 ,
2037 2167 2125 2203 utin
2147 2166 2265 2204 Ascu-

1216 2217 1328 2255 lanio.
1355 2226 1416 2255 aut
1436 2220 1502 2263 (ut
1521 2218 1559 2254 in
1581 2217 1664 2253 MS.
1679 2217 1693 2264 Ι·
1707 2226 1843 2266 peccare
1863 2217 2008 2254 docetur.
2039 2223 2176 2252 Peccare
2194 2229 2261 2265 pro

1219 2276 1412 2316 peccatum
1433 2267 1613 2305 Minutius
1632 2266 1670 2303 in
1696 2267 1871 2304 Ostavio.
1898 2267 2006 2316 Apud
2027 2280 2084 2302 nos
2103 2278 2147 2305 <5³
2177 2267 2263 2315 cogi-

1220 2329 1314 2362 tare,
1336 2328 1475 2368 peccare
1495 2318 1562 2365 est,
1589 2328 1656 2366 pro
1678 2318 1748 2365 ipsa
1780 2318 1954 2366 cogitatio
1986 2317 2033 2354 est
2058 2325 2264 2365 peccatum,

1220 2370 1379 2408 GEORG.
1407 2369 1573 2406 Panare.
1602 2368 1765 2416 Quidam
1786 2368 1903 2415 scripti
1915 2370 2077 2413 fatetur,
2114 2368 2173 2403 vel
2200 2369 2263 2411 fa-

1219 2431 1342 2457 temur.
1369 2419 1546 2457 Meliores
1568 2428 1691 2456 tamen
1707 2445 1716 2460 ,
1750 2417 1896 2453 docetur.
1934 2418 2090 2465 Regius,
2113 2427 2266 2455 vocetur.

1193 2504 1197 2505 ⁷
1217 2470 1328 2508 reete.
1353 2470 1419 2507 nisi
1454 2469 1556 2518 quod
1587 2476 1733 2504 vocatur
1752 2468 1871 2504 malo:
1893 2466 1930 2505 id
1956 2469 2055 2505 enim
2085 2467 2267 2505 Latinius.

1218 2522 1312 2558 Met.
1337 2534 1373 2557 x.
1396 2530 1479 2556 200.
2103 2523 2121 2543 e

1272 2583 1373 2629 Quae
1392 2593 1467 2617 mea
1486 2579 1582 2629 culpa
1600 2589 1718 2616 tamen
1730 2589 1744 2617 ἓ
1772 2578 1881 2628 nisisi
1896 2578 1999 2629 lufiffie
2019 2580 2140 2616 vocari

1274 2631 1386 2681 Culpa
1402 2631 1525 2682 potest,
1554 2630 1591 2665 ni
1604 2643 1615 2665 z
1641 2630 1737 2679 culpa
1747 2630 1851 2678 potest
1873 2642 1915 2669 69·
1936 2630 2063 2678 amaffe
2081 2630 2213 2667 vocari:

1223 2694 1433 2733 Hnmsius.
1489 2698 1635 2731 Vocatur
1665 2694 1828 2742 praetuli.
1857 2693 1988 2732 eadem
2025 2695 2177 2732 varietas
2210 2696 2267 2733 11ss

1222 2744 1330 2783 Pont.
1356 2758 1410 2783 11.
1434 2757 1490 2794 19.

1274 2814 1383 2859 thue
1402 2809 1510 2857 magis
1532 2809 1626 2846 cauti
1640 2809 1775 2858 possunt
1795 2808 1978 2858 timidique
1997 2808 2122 2845 videri.

1224 2871 1300 2908 Ubi
1321 2871 1439 2908 vocari
1468 2870 1611 2909 codices
1631 2872 1810 2909 nonnulli.
1831 2870 1880 2908 fic
1896 2883 1949 2908 1v.
1968 2871 2065 2907 Met.
2086 2880 2169 2917 319.
2195 2881 2266 2905 me-

1224 2922 1296 2958 ruit
1304 2923 1457 2970 formosa
1478 2921 1618 2966 vocari,
1631 2921 1769 2959 Balliol.
1787 2922 1899 2970 vulgo
1921 2920 2045 2957 videri.
2060 2919 2132 2956 vid.
2154 2920 2190 2955 &
2210 2931 2265 2956 XI.

1223 2973 1318 3010 Met.
1341 2972 1425 3018 287.
1454 2978 1594 3009 Peccare
1612 2983 1700 3009 vero
1723 2973 1834 3009 etiarn
1853 2983 1919 3020 pro
1941 2978 2090 3019 peccato
2103 2968 2259 3005 Terent.

1222 3022 1339 3059 Andr.
1367 3034 1403 3060 v.
1432 3035 1465 3071 3.
1500 3023 1533 3059 Si
1555 3022 1593 3058 id
1603 3031 1736 3071 peccare
1757 3022 1820 3069 est,
1848 3024 1964 3069 fateor
1988 3031 2141 3069 quoque?
2165 3018 2264 3055 unde

1222 3073 1282 3109 hic
1296 3075 1454 3117 fatemur
1473 3071 1588 3121 poffet
1609 3072 1767 3110 defendi.
1787 3072 1861 3109 vid.
1882 3072 1924 3107 ad
1937 3068 2090 3107 Remed.
2102 3080 2162 3117 99.
2181 3068 2266 3104 Nec

1223 3131 1348 3159 tamen
1369 3123 1504 3159 docetur
1525 3123 1728 3160 admodum
1750 3123 1908 3170 displicet
1922 3130 1983 3164 ,ut
2005 3119 2121 3167 fitpro
2142 3118 2262 3155 osten·

1224 3173 1342 3215 ditur,
1369 3173 1550 3219 probatur.
1578 3174 1627 3210 ita
1660 3173 1812 3209 Terent.
1843 3170 1950 3211 Adel.
1979 3181 2007 3206 1.
2035 3181 2070 3206 2.
2106 3180 2142 3205 te
2160 3167 2265 3217 plura

1225 3222 1263 3260 in
1290 3222 1355 3257 hac
1381 3235 1415 3256 re
1428 3232 1562 3270 peccare
1583 3223 1762 3269 ostendam.
1819 3220 2078 3257 ssuRMANNus.

1279 3272 1314 3318 ᾧ.
1342 3273 1472 3318 Referre
1479 3272 1585 3323 suo.]
1616 3277 1692 3307 Meo
1712 3270 1930 3318 Bodlejanus
1951 3282 1970 3309 a
1990 3281 2101 3309 manu
2122 3268 2192 3307 sec.

1608 3322 1851 3360 Mmmmm
1881 3331 1899 3369 3
2156 3330 2189 3366 7.
2217 3326 2276 3362 Ag
