2553 3676
687 177 1345 236 HEROIDES.

1419 201 1451 236 E
1488 203 1533 237 Ρ.
1610 200 1726 244 v11.

2162 211 2223 262 91

385 275 501 332 Nec
525 285 661 324 nova
683 263 983 335 Carthago,
1019 281 1120 319 nee
1145 277 1199 320 te
1224 265 1512 322 crescentia
1536 281 1761 341 tangunt

456 339 707 400 Moenia3
749 355 849 392 nec
874 340 1085 408 sceptro
1111 337 1302 392 tradita
1325 339 1526 396 summa
1550 355 1662 397 tuo.

383 412 535 471 Facie
559 411 724 482 fugis;
768 409 1009 464 facienda
1032 410 1183 481 petis.
1223 414 1527 483 quaerenda
1548 433 1645 487 per
1669 415 1858 474 orbem

455 485 668 546 Altera,
705 481 933 556 quaefita
958 480 1033 536 est
1055 483 1214 537 altera
1240 496 1382 539 terra
1403 485 1517 539 tibi.

279 576 339 627 15
377 555 453 612 Ut
477 570 673 611 terram
695 555 953 617 invenias,
990 556 1107 627 quis
1131 573 1247 609 eam
1271 556 1368 611 tibi
1393 558 1568 612 tradet
1591 559 1919 615 habendam?

455 629 590 702 Quis
614 628 702 684 sua
724 646 834 683 non
857 626 996 682 notis
1020 646 1140 682 arva
1164 629 1396 684 tenenda
1419 630 1597 685 dabit?

88 825 344 874 φαντάσματα
353 826 519 866 nonnulli
531 825 869 863 Grammaticorum
883 822 1127 864 confundunt.

94 878 216 916 Totus
239 878 397 927 denique
416 878 519 915 locus
539 876 587 913 sic
608 875 859 924 refingendus:

140 928 252 966 Habes
264 929 407 977 senilem
421 956 432 972 ‚
461 927 641 963 Marciane
655 954 666 971 ,
682 924 848 973 fabulam
861 940 873 961 .-

141 978 296 1029 Miscella
313 977 391 1028 lufit
408 991 515 1028 quam
535 977 690 1013 lucernae
706 974 898 1025 adflamine

141 1036 265 1079 Satyra
277 1058 288 1074 ‚
315 1029 464 1078 Pelasgos
481 1029 567 1064 dum
585 1027 695 1064 docere
714 1027 842 1064 nititur

139 1088 248 1118 Artes
263 1080 407 1117 theatris
422 1080 488 1116 vix
506 1079 635 1115 amicas
653 1078 797 1116 Atticis.

140 1131 193 1168 Sic
211 1132 247 1168 in
270 1144 403 1168 novena
419 1129 545 1166 decidit
562 1128 758 1168 volumina,

138 1188 231 1218 Haec
249 1182 364 1231 quippe
381 1181 474 1217 dicta
493 1180 591 1216 doira
610 1180 753 1216 indoHis
769 1182 956 1228 aggerans}

139 1232 270 1269 fandis
291 1232 437 1268 tacenda
447 1231 631 1280 sarcinam
644 1259 654 1275 ‚
681 1230 869 1277 immiscuit

139 1284 260 1332 Musas
280 1288 454 1333 Deosque:
483 1280 678 1330 distiplinas
697 1280 852 1329 Cyclicas

139 1334 280 1369 Garrire
294 1333 410 1381 agresti
430 1333 535 1368 cruda
545 1330 659 1378 finxit
675 1329 874 1379 Phasmate.

85 1384 191 1422 Plura
214 1383 297 1421 vide
314 1383 359 1420 ad
378 1383 440 1420 lib.
463 1395 495 1420 1.
510 1383 591 1420 Art.
615 1384 700 1419 Am.
727 1394 812 1430 225.
834 1382 874 1418 ὃς
897 1392 982 1431 397.
1001 1380 1039 1420 &
1060 1380 1122 1420 sub

85 1434 198 1471 finem
229 1442 399 1471 notarum
427 1433 473 1471 ad
501 1432 699 1481 Epistol-am
717 1433 863 1470 tertiam
883 1431 1028 1478 Sabini,
1054 1433 1125 1470 hu-

83 1485 142 1534 jus
163 1485 290 1522 erroris
309 1484 489 1533 exempla.
516 1485 728 1520 Heiusxus.

136 1534 172 1573 6.
206 1535 465 1584 Perdiderim.]
510 1535 702 1572 Patavrnus
723 1533 922 1583 perdideris.
949 1533 1121 1572 venuste:

87 1593 187 1623 amat
218 1587 318 1623 enim
348 1585 477 1623 Noster
510 1584 665 1622 secunda
697 1584 849 1632 persona
878 1585 997 1632 loqui.
1031 1585 1122 1632 supr.

86 1635 121 1673 E
148 1635 198 1672 ist.
218 1648 254 1672 v.
302 1667 310 1672 .

123 1647 335 1721 pLeniter7en
352 1684 471 1721 merito
484 1711 492 1727 ‚
513 1683 677 1735 quicquid
691 1681 829 1731 patiare
843 1709 853 1728 ‚
861 1683 1049 1729 ferendum
1068 1682 1122 1731 est.

87 1733 287 1771 Hernsrus
320 1747 348 1770 1.
369 1734 477 1771 Trist.
502 1747 557 1771 11.
581 1745 635 1782 13.

138 1784 243 1819 Verba
261 1784 360 1832 miser
366 1784 502 1830 frustra
522 1797 589 1819 non
600 1783 811 1832 proficientia
826 1783 938 1833 perde.

82 1833 220 1874 Douza
237 1833 460 1882 adscripserat
484 1833 610 1870 locum
632 1835 809 1882 Quinctil.
830 1835 889 1871 lib.
909 1847 996 1873 vm.
1018 1833 1125 1883 Miser

85 1885 177 1922 enim
213 1895 256 1924 ω’
284 1892 412 1933 pauper
440 1894 553 1919 orator
588 1882 631 1929 est
652 1911 663 1928 ‚
708 1884 769 1932 qui
803 1883 943 1921 nullum
977 1885 1123 1922 verbum

84 1949 188 1985 aequo
210 1935 326 1971 animo
346 1933 483 1984 perdere
504 1933 618 1983 potest.

143 1998 200 2023 11.
236 1992 306 2022 Nec
340 1994 372 2021 te
402 1984 579 2032 crescentia
606 1993 757 2033 tangunt
784 1984 972 2034 Moenia.]
1009 1986 1121 2024 Dices

87 2037 237 2074 moenia
261 2034 331 2073 effe
356 2034 542 2073 animata?
570 2035 639 2073 Sed
666 2035 763 2072 scite.
790 2036 1001 2073 Aristoteles
1020 2038 1120 2075 enim

87 2087 146 2124 lib.
158 2099 218 2125 xxx.
231 2087 515 2124 Rhetoricorum
537 2086 630 2123 inter
652 2097 709 2123 eas
729 2086 856 2134 figur-as
869 2115 879 2130 ‚
893 2086 1023 2135 quibus
1040 2099 1121 2125 ora-

88 2139 142 2175 tio
165 2138 370 2182 illustratur,
397 2138 503 2185 ponit
530 2148 611 2173 earn
627 2165 636 2179 ‚
664 2144 705 2174 ut
724 2138 827 2174 rebus
846 2137 947 2174 sensu
966 2139 1121 2175 carenti-

89 2188 153 2225 bus
176 2188 278 2226 detur
298 2187 423 2225 sensus.
451 2189 506 2225 Sic
518 2188 621 2235 Virg.
631 2187 692 2224 lib.
708 2187 907 2224 1.Aeneid.
924 2188 1118 2236 437.unde

87 2238 188 2276 locus
207 2240 266 2276 hic
287 2236 463 2287 expressus
482 2238 553 2282 est,
580 2239 670 2275 item
694 2237 739 2275 de
760 2238 979 2287 Carthagine
996 2239 1067 2276 ait:

139 2295 167 2325 O
181 2289 380 2335 fortunati,
409 2303 553 2341 quorum
564 2290 644 2338 jam
664 2288 797 2326 moenia
805 2290 970 2338 surgunt.

87 2339 135 2378 Et
151 2340 210 2377 lib.
233 2352 288 2377 1v.
307 2340 365 2377 86.

138 2396 217 2427 Non
234 2399 357 2440 coeptae
374 2389 549 2439 affingunt
569 2400 692 2427 turres.
800 2389 1017 2428 (honnus.

86 2442 286 2490 siit-gentici,
313 2441 431 2479 codex
462 2442 594 2491 Regius
617 2469 628 2485 ‚
655 2440 811 2478 solemni
830 2441 964 2478 horum
986 2441 1119 2479 verbo-

84 2503 164 2528 rum
191 2493 286 2541 apud
316 2492 501 2530 Nasonem
531 2492 814 2540 permutatione.
850 2491 961 2540 idque
986 2492 1131 2531 rectius

83 2551 184 2590 puto.
204 2543 334 2580 Horat.
358 2556 422 2581 111.
443 2542 518 2580 Od.
538 2555 606 2580 111.

137 2598 199 2629 Ter
211 2592 245 2642 fi
257 2595 409 2642 resurgat
426 2607 546 2630 murus
561 2592 732 2640 aheneus,

137 2646 285 2680 Auffore
304 2643 442 2682 Phoebo.

85 2691 133 2729 Et
153 2695 282 2731 Noster
303 2707 333 2731 1.
351 2695 439 2732 Fast.
458 2706 541 2745 523.

142 2745 332 2794 Eversaque
354 2746 454 2792 Troja
471 2746 628 2795 resurges.

88 2791 137 2829 Et
155 2793 232 2831 alibi
250 2795 385 2843 passim.
405 2796 534 2846 Virgil.
557 2810 587 2834 1.
606 2796 764 2835 Aeneid.
787 2797 869 2845 365.

505 2846 567 2883 Ubi
584 2861 675 2883 nunc
694 2848 847 2896 ingentia
866 2860 976 2884 cernes

133 2894 277 2948 ‘Moenia
289 2923 298 2939 ‚
319 2896 575 2947 surgentemque
593 2911 702 2934 novae
719 2897 944 2946 Carthaginis
964 2910 1092 2936 arcem.

90 2942 186 2979 Vide
219 2944 373 2982 Cer-dam
403 2947 447 2984 ad
471 2961 505 2984 v.
537 2959 620 2997 437.
649 2961 727 2985 non
754 2949 942 2986 invenuste
964 2960 1117 2998 quoque

89 2995 162 3030 hoc
187 2993 272 3030 loco
303 2995 539 3035 Lovanienfis
561 3026 571 3043 ‚
602 3011 659 3035 nec
694 3011 770 3036 mea
792 2998 990 3047 Carthago,
1017 2999 1121 3049 quod

90 3044 305 3081 conveniret
322 3043 546 3092 sequentibus
563 3061 571 3085 ε

144 3100 270 3142 Sceptra
289 3094 421 3129 tradita
432 3094 572 3141 summa
591 3108 659 3136 tuo.

90 3144 200 3182 Suam
221 3145 319 3180 enim
340 3151 481 3192 poterat
499 3146 645 3185 Aeneae
663 3149 813 3188 tradere.
842 3149 913 3188 Sed
932 3164 1025 3188 nova
1042 3163 1122 3189 non

72 3202 227 3240 ,temere
248 3193 505 3242 rejiciendum:
526 3206 611 3233 nam
630 3199 767 3246 respicit
783 3200 879 3238 forte
893 3200 938 3238 ad
953 3203 1122 3252 Etymon

94 3246 316 3293 Carthaginis
330 3273 342 3290 ‚
369 3257 463 3295 quae
484 3245 605 3293 lingua
625 3246 824 3288 Phoenicia
853 3263 984 3290 novam
1005 3252 1124 3292 urbem

2064 709 2220 764 Alter

1180 833 1296 864 notat.
1313 827 1416 877 quod
1444 829 1483 866 &
1503 828 1660 868 Douzae
1676 827 1846 879 placuiffe
1863 829 1986 878 postea
2004 830 2092 868 vidi.
2120 832 2219 870 Vide

1180 876 1294 915 Solin.
1312 890 1372 924 27.
1393 880 1432 916 &
1454 879 1503 916 ibi
1524 880 1750 919 Salmafium.
1775 881 2033 918 Bunmaunus.

1236 940 1290 964 12.
1318 934 1389 965 Nec
1413 930 1542 979 sceptro
1579 931 1715 968 tradita
1739 931 1882 980 summa
1909 930 2014 980 tu0.]
2050 936 2222 982 Sceptrum

1180 975 1383 1016 Puteaneus
1407 978 1428 1016 ὲ
1448 991 1559 1017 manu
1579 983 1707 1029 prima.
1737 982 1883 1020 Scribo:

1234 1035 1304 1065 Nec
1316 1029 1440 1079 sceptri
1457 1031 1593 1067 tradita
1605 1031 1749 1081 summa
1770 1032 1848 1069 mei.

1181 1077 1256 1117 Vel
1275 1081 1414 1117 credita.
1435 1082 1592 1119 Metam.
1613 1095 1702 1120 xm.
1726 1095 1806 1130 191.

1233 1136 1336 1166 Hunc
1354 1141 1471 1168 tamen
1489 1132 1627 1170 utilitas
1642 1133 1756 1184 populi
1768 1135 1947 1184 fraterque
1959 1161 1970 1180 ,
1997 1131 2140 1184 datique

1229 1185 1373 1217 Summa
1394 1193 1510 1219 movet
1522 1184 1657 1233 sceptri.

1178 1230 1285 1287 Plura
1315 1232 1360 1269 de
1386 1233 1460 1270 hoc
1489 1235 1672 1272 vocabulo
1705 1234 1848 1281 Juretus
1877 1234 1923 1272 ad
1955 1235 2222 1285 Symmachum

1178 1281 1238 1318 hb.
1258 1294 1318 1318 111.
1339 1283 1408 1331 Ep.
1428 1296 1487 1321 xi..
1514 1284 1659 1323 videtur
1686 1286 1747 1323 hic
1773 1285 1967 1323 mendosus
1991 1287 2092 1322 locus
2114 1286 2221 1323 Gun-

1177 1332 1325 1369 therum
1350 1332 1526 1382 decepisse
1543 1363 1552 1379 ‚
1579 1344 1620 1373 ut
1651 1337 1688 1373 in
1720 1336 1901 1384 Ligurino
1928 1336 1993 1374 suo
2018 1364 2029 1381 ‚
2065 1335 2221 1384 eleganti

1176 1382 1359 1421 Poemate
1374 1411 1385 1429 ‚
1404 1384 1587 1432 summam
1606 1398 1673 1436 pro
1694 1398 1808 1436 regno
1829 1395 2006 1435 poneret:

1230 1446 1414 1482 Proximus
1429 1457 1578 1495 agnatus
1596 1448 1742 1484 Comitis
1758 1447 1945 1485 Reinaldus
1962 1459 2005 1487 (φ’
2022 1446 2138 1484 haeres
2150 1475 2162 1490 ,

1230 1496 1419 1545 Legitimus
1437 1508 1558 1534 tantae
1577 1502 1698 1536 nasius
1719 1499 1958 1536 moderamina
1973 1498 2145 1547 fiammae.

1180 1557 1216 1595 Si
1234 1558 1321 1606 quis
1348 1559 1441 1596 tueri
1468 1559 1654 1608 vulgatam
1674 1566 1800 1597 tamen
1822 1557 1945 1604 volet,
1970 1558 2079 1597 habet
2096 1570 2163 1608 pro
2186 1557 2221 1598 se

1177 1608 1303 1646 stantia
1321 1608 1380 1646 illa
1400 1609 1579 1659 Propertii
1597 1622 1660 1647 111.
1680 1622 1753 1647 vxi.
1779 1622 1834 1648 11.

1232 1676 1274 1707 In
1292 1671 1425 1708 Veneris
1443 1670 1566 1709 tabula
1575 1671 1757 1720 summam
1766 1669 1834 1720 fibi
1845 1672 1944 1721 ponit
1962 1671 2110 1721 Apellesss

1178 1730 1238 1767 Sic
1257 1731 1402 1779 flamma
1429 1731 1638 1781 Thucydidis
1671 1732 1768 1781 apud
1800 1733 2016 1770 Petronium
2053 1745 2130 1781 cap.
2162 1735 2223 1771 11:

1174 1781 1387 1819 vHizrusms.
1416 1782 1487 1819 Sed
1519 1786 1557 1820 in
1585 1782 1648 1820 illo
1678 1783 1859 1830 Propertii
1882 1783 1969 1819 loco
2001 1782 2221 1831 subintelligi

1177 1838 1268 1879 puto
1283 1831 1452 1880 gloriam,
1479 1831 1582 1882 quod
1603 1832 1786 1881 praecedit
1801 1860 1810 1877 ‚
1834 1832 1872 1868 δε
1891 1833 1927 1869 in
1949 1833 2114 1870 Petronii
2130 1832 2219 1870 loco

1170 1882 1314 1928 famam
1333 1910 1343 1927 ,
1377 1882 1480 1933 quod
1508 1884 1678 1933 sequitur.
1705 1882 1772 1920 nisi
1793 1882 1873 1932 quis
1893 1883 1942 1919 ibi
1959 1883 2080 1931 legere
2099 1883 2218 1920 verbis

1178 1933 1394 1982 transpositis
1422 1933 1556 1972 malit:
1595 1933 1658 1970 Ad
1685 1933 1867 1982 summam
1892 1960 1903 1977 ‚
1938 1933 2014 1981 quis
2033 1933 2142 1982 postea
2170 1933 2219 1969 ad

1178 1983 1409 2032 Thucydidis,
1437 1985 1513 2036 quis
1537 1983 1718 2033 Hyperidis
1741 1984 1789 2019 ad
1807 1984 1951 2031 famam
1971 1982 2126 2033 proceffi't.
2153 1982 2220 2019 Ad

1169 2033 1352 2080 stammam
1376 2036 1552 2073 Petronio
1582 2035 1767 2072 familiaris
1793 2034 1937 2081 locutio
1964 2045 2036 2082 pro¹
2061 2034 2221 2083 denique.

1179 2083 1264 2121 Vid.
1295 2097 1371 2133 cap.
1399 2098 1504 2123 xxxx.
1530 2097 1679 2123 xxxvii.
1708 2086 1746 2122 &
1773 2085 1869 2122 alibi.
1895 2090 2078 2122 Summam
2103 2084 2221 2121 meriti

1175 2141 1301 2172 tamen
1348 2137 1460 2174 etiam
1507 2135 1598 2173 dixit
1644 2135 1777 2173 Noster
1824 2134 1932 2184 Epist.
1973 2147 2028 2172 11.
2073 2135 2129 2183 56.
2177 2136 2217 2171 δε

1175 2183 1301 2223 laudis.
1335 2186 1393 2223 66.
1430 2186 1506 2225 vid.
1536 2185 1718 2224 Gebhard.
1753 2197 1784 2222 1.
1812 2185 1998 2234 Crepund.
2032 2197 2064 2234 3.
2092 2186 2128 2222 &
2156 2185 2217 2222 hic

1166 2238 1312 2284 summa
1330 2236 1487 2286 imperii,
1514 2245 1555 2275 ut
1571 2237 1631 2274 alii
1647 2237 1872 2286 loquuntur,
1897 2236 2048 2284 intelligi
2075 2233 2213 2284 posset:

1177 2298 1222 2323 ex
1252 2287 1370 2325 Plauti
1399 2288 1554 2326 Trucul.
1583 2299 1637 2324 1v.
1672 2300 1707 2324 2.
1741 2286 1901 2324 adfertur
1923 2286 2017 2335 fhlus
2034 2286 2214 2334 summam

1175 2335 1279 2373 habet
1320 2337 1376 2373 hic
1416 2338 1508 2388 apud
1543 2351 1601 2374 nos
1627 2353 1638 2373 .·
1685 2337 1875 2375 Undecim
1909 2348 1999 2373 vero
2028 2337 2106 2373 libri
2131 2335 2213 2379 hic,

1165 2386 1295 2437 sceptro
1328 2388 1465 2426 tradita
1500 2401 1603 2439 regna
1640 2398 1709 2426 tuo.
1757 2389 1898 2426 Moreti
1938 2386 2063 2423 credita
2100 2397 2216 2434 regna.

1174 2438 1440 2477 ssunmmus.

1209 2490 1211 2492 ’
1229 2501 1281 2539 13.
1305 2489 1506 2540 Facienda]
1528 2491 1634 2527 Haec
1646 2489 1693 2527 est
1713 2497 1879 2526 veterum
1896 2486 2073 2524 librorum
2088 2485 2217 2523 lectio.

1175 2551 1283 2578 vere:
1315 2541 1484 2579 CiOFAN.
1511 2540 1684 2588 Fugienda
1710 2539 1844 2575 Aldina
1872 2539 1910 2575 δε
1932 2537 2097 2574 Venetae
2119 2536 2214 2574 duae

1176 2590 1369 2629 editiones.
1396 2600 1436 2629 ut
1458 2592 1496 2628 ὃς
1517 2590 1661 2628 codices
1678 2589 1836 2637 plurimi.

1233 2643 1288 2679 16.
1315 2645 1423 2678 Arva
1453 2640 1638 2690 tenenda.]
1667 2646 1779 2688 Regna
1806 2638 1954 2675 tenenda
1974 2666 1984 2681 ,
2009 2645 2080 2676 tres
2107 2636 2212 2680 libri,

1177 2705 1269 2729 arva
1300 2693 1436 2729 colenda
1456 2721 1468 2737 ‚
1500 2704 1592 2730 unus
1623 2691 1835 2727 Vaticanus.
1862 2690 1901 2726 &
1930 2687 2100 2725 Mentelii
2124 2688 2211 2724 alter

1177 2744 1307 2780 tuenda
1332 2759 1342 2779 :
1378 2744 1468 2781 nihil
1494 2752 1604 2780 muta.
1643 2746 1763 2777 Tenere
1790 2740 1890 2777 enim
1916 2739 2104 2788 proprium
2132 2750 2213 2774 ver⁴

1177 2794 1265 2832 bum
1284 2806 1411 2843 regum
1425 2822 1434 2838 ‚
1455 2803 1494 2831 ut
1513 2792 1754 2831 notissimum.
1779 2791 1909 2828 eadem
1941 2790 2090 2827 varietas
2115 2787 2210 2837 apud

1178 2845 1319 2882 Lucan.
1340 2857 1389 2881 xx.
1408 2857 1491 2890 440.

1226 2895 1351 2932 Nudus
1368 2908 1452 2931 rura
1467 2905 1570 2932 tenet.

1172 2946 1249 2983 Ubi
1277 2945 1396 2983 codex
1419 2945 1538 2982 Voffii
1563 2944 1652 2982 colit.
1688 2951 1872 2993 praeterea
1898 2952 2007 2979 tenere
2035 2942 2211 2980 conveni:

1171 2996 1404 3046 praecedenti
1436 2995 1551 3032 verbo
1579 2994 1711 3032 Habere
1729 3023 1739 3039 ‚
1777 2995 1878 3044 cujus
1909 2993 2037 3030 eadem
2066 2994 2141 3034 vis,
2170 2994 2208 3027 ὃς

1173 3046 1276 3098 quod
1300 3047 1396 3083 male
1422 3046 1557 3084 Douza
1590 3047 1739 3095 antique
1772 3045 1881 3083 sumit
1902 3071 1912 3088 ‚
1947 3056 2012 3091 pro
2042 3041 2210 3077 habitare.

1175 3110 1260 3136 cuin
1283 3097 1355 3146 ipse
1378 3097 1461 3134 infr.
1484 3098 1564 3145 163.
1589 3095 1786 3133 habendam
1804 3094 1959 3143 explicet
1973 3091 2212 3142 poffldendam.

1178 3148 1294 3187 Ovid.
1319 3161 1348 3185 1.
1367 3149 1521 3185 Metam.
1547 3158 1627 3195 197.

1229 3199 1304 3249 Qi
1321 3212 1381 3235 vos
1398 3197 1567 3248 habeoque
1586 3210 1734 3247 regoque.

1179 3250 1227 3294 Et
1245 3252 1295 3290 ita
1315 3251 1451 3289 centies
1470 3248 1603 3287 Noster
1624 3251 1661 3287 ὃς
1687 3248 1757 3284 alii.
1776 3247 2035 3285 Burri-munos.

1677 3298 1721 3334 M
1749 3309 1771 3334 2
2037 3293 2093 3333 18.
2120 3294 2221 3342 ἐρωή
