2553 3676
758 179 1310 264 P.OVID11

262 232 360 285 730

1383 162 1922 265 NASONIS

546 300 828 374 Tempora
850 317 952 354 nec
976 314 1223 353 numera:
1261 316 1362 352 nec
1387 298 1580 353 crebro
1604 298 1805 371 respice
1829 298 2097 355 Romami

629 373 736 429 Sed
761 374 904 443 fuge.
958 383 1102 426 tutus
1125 370 1299 426 adhuc
1325 371 1551 426 Parthus
1577 372 1639 427 ab
1666 372 1811 426 hoste
1836 373 1962 444 fuga
1985 373 2087 428 effi.

415 464 516 518 225
555 448 705 505 Dura
727 446 912 518 aliquis
935 458 1216 518 praecepta
1240 458 1401 499 vocet
1428 463 1576 509 niea3
1617 445 1749 499 dura
1774 446 2004 502 fatemur

628 518 778 574 Effe:
804 518 895 573 sed
911 558 926 582 ‚
949 531 1009 573 ut
1035 520 1230 580 valea3‚
1258 518 1422 570 multa
1446 516 1678 571 dolenda
1704 518 1863 579 feres,

554 592 722 664 Saepe
748 591 857 646 bibi
881 592 1094 655 succos,
1134 590 1372 663 quamvis
1396 589 1620 649 invitus,
1649 608 1854 647 amaros

622 667 840 737 Aeger;
880 666 935 718 δε
961 664 1134 718 oranti
1158 660 1334 716 mensa
1360 674 1549 732 negata
1574 661 1720 716 mihi.

550 738 629 793 Ut
654 756 848 810 corpus
871 738 1126 795 redimas,
1166 735 1370 790 ferrum
1394 735 1606 806 patieris
1632 734 1686 789 δε
1713 735 1894 807 ignes;

421 832 527 879 230

640 811 811 873 Arida
835 828 934 864 nec
959 809 1132 864 sitiens
1157 827 1249 863 ora
1276 807 1471 862 levabis
1498 808 1662 881 aqu‘213

549 884 627 940 Ut
653 884 821 939 valeas
846 883 1053 946 animm
1079 882 1374 956 quidquam
1400 881 1628 936 tolerare
1652 882 1899 953 negabis?

623 958 700 1011 At
724 957 959 1029 pretium
987 974 1103 1029 pars
1128 955 1258 1009 haec
1284 971 1515 1027 corpore
1540 953 1707 1025 majus
1734 955 1909 1010 habet²

556 1029 665 1086 Sed
690 1042 870 1084 tamen
895 1030 970 1084 est
993 1029 1115 1083 artis
1139 1026 1448 1082 striciiffirna
1469 1026 1623 1097 janua
1648 1027 1856 1083 nostrae
1873 1068 1890 1095 ‚

637 1102 710 1157 Et
740 1103 888 1158 labor
913 1103 987 1156 est
1011 1119 1146 1156 unus
1172 1115 1416 1173 tempora
1439 1102 1610 1173 prima
1633 1101 1757 1174 pati.

408 1197 440 1231 2
450 1196 471 1243 3
484 1196 513 1246 5
553 1176 800 1247 Adspicis
818 1221 830 1239 ‚
871 1189 932 1229 ut
958 1175 1173 1247 prensos
1198 1190 1355 1228 urant
1375 1174 1503 1246 juga
1526 1176 1696 1246 prima
1714 1174 2024 1245 juvencos?

630 1249 707 1302 Ut
733 1267 871 1304 nova
895 1250 1142 1303 velocem
1168 1248 1380 1319 cingula
1406 1248 1581 1303 laedat
1604 1249 1839 1321 equum?

558 1322 798 1378 Forsitan
829 1324 857 1375 a
883 1321 1110 1376 Laribus
1134 1323 1315 1393 patriis
1343 1321 1490 1376 exire
1515 1322 1737 1393 pigebit.

635 1396 742 1450 Sed
771 1408 950 1449 tamen
976 1395 1170 1449 exibis:
1213 1394 1413 1450 deinde
1441 1395 1619 1449 redire
1657 1397 1822 1450 voles,

555 1469 674 1524 Nec
701 1482 754 1523 te
783 1469 893 1522 Lar
918 1468 1146 1540 patrius,
1185 1467 1275 1522 sed
1308 1486 1459 1522 amor
1485 1469 1758 1523 revocabit
1796 1469 2031 1533 amicae2

411 1560 519 1612 240

631 1541 998 1596 Praetendens
1025 1542 1215 1613 culpae
1240 1540 1515 1613 splendida
1539 1542 1701 1595 verba
1728 1543 1864 1598 suae„

560 1613 705 1669 Cum
728 1615 889 1669 semel
916 1614 1135 1677 exieri3‚
1175 1628 1396 1668 centum
1422 1615 1601 1668 solatia
1628 1633 1786 1669 curae

633 1687 707 1743 Et
733 1706 848 1753 rus³
888 1688 944 1741 &
970 1688 1196 1742 comites
1212 1724 1228 1750 ‚
1268 1688 1323 1742 ἃ
1351 1687 1433 1743 via
1458 1688 1617 1760 longa
1647 1687 1864 1743 dabunt,

270 1902 394 1942 'Natus
412 1899 542 1939 laedere
562 1901 690 1951 Elegia
706 1900 751 1939 de
772 1901 901 1940 Nuce:

314 1957 372 1991 At
393 1952 498 1990 rubus
519 1964 561 1993 φ’
571 1955 683 2002 sentes
700 1951 946 1990 tantammodo
965 1951 1099 1990 laedere
1116 1963 1236 1994 natae.

264 2003 430 2054 Epistola
450 2004 605 2042 Paridis:

315 2054 472 2102 Ofacies
488 2055 596 2093 oculos
616 2065 703 2092 nata
723 2065 835 2092 tenere
851 2069 952 2094 meas.
988 2057 1204 2095 HErusms.

312 2117 400 2144 222..
412 2112 484 2143 Nec
501 2120 644 2144 maneas
657 2135 667 2151 ‚
696 2120 753 2143 nec
765 2115 863 2157 prope
874 2107 967 2157 finge
979 2107 1132 2157 moran]
1165 2109 1222 2146 Sic
1234 2108 1320 2146 Me-

263 2156 343 2196 fflla
363 2157 549 2206 distinguit
578 2169 621 2195 ac
636 2157 748 2206 legit,
776 2166 816 2196 ut
838 2158 879 2196 sit
899 2159 1016 2198 sensus
1031 2188 1040 2204 ,
1077 2171 1148 2196 nec
1171 2171 1321 2197 maneas

262 2206 341 2246 five
361 2207 518 2246 subsistas
535 2209 575 2247 in
600 2208 731 2246 itinere
753 2236 763 2253 ‚
801 2221 870 2247 nec
899 2222 1016 2259 prope
1043 2211 1197 2259 patriam
1223 2210 1322 2259 finge

263 2257 362 2296 velle
392 2260 542 2297 morari.
587 2259 725 2297 Melius
753 2269 877 2298 autem
909 2261 1047 2299 Aldina
1075 2261 1190 2299 editio
1213 2290 1223 2308 ‚
1260 2262 1323 2300 ubi

263 2309 358 2348 haec
384 2309 496 2348 verba
516 2309 784 2359 distinguuntur
802 2312 839 2349 &
858 2311 1032 2361 leguntur
1049 2313 1087 2350 in
1108 2314 1208 2351 hunc
1239 2325 1324 2351 mo-

265 2360 382 2400 dum:
412 2367 486 2400 Nec
502 2374 646 2399 maneas
667 2371 832 2412 utprope‚
855 2362 949 2411 finge
969 2377 1094 2401 moras.
1119 2364 1223 2414 quod
1251 2365 1299 2402 est
1313 2392 1323 2407 ,

265 2412 329 2450 Ne
355 2411 430 2460 ipse
457 2412 523 2451 tibi
548 2412 646 2462 finge
674 2425 819 2457 moras,
854 2425 931 2462 quo
963 2413 1119 2453 cauffam
1149 2415 1325 2454 manendi

267 2474 310 2501 ac
333 2461 491 2502 cessandi
519 2463 663 2502 habeas.
714 2464 944 2503 chrrius.

318 2525 404 2561 224.
432 2514 604 2564 Adhuc]
636 2515 727 2553 Hoc
744 2515 846 2553 addit
862 2517 900 2553 in
924 2516 1177 2554 adulationem
1192 2516 1326 2566 Augu-

266 2562 308 2602 sti
323 2593 332 2610 ,
345 2566 432 2615 quia
449 2566 598 2604 instabat
617 2566 756 2605 bellum
779 2578 866 2605 cum
887 2567 1037 2606 Parthis.
1057 2568 1143 2606 vide
1163 2567 1256 2617 supr.
1268 2567 1328 2612 y'ss.

272 2618 409 2664 155.&
435 2617 566 2656 1.Art.
592 2628 674 2664 177.

320 2679 407 2716 225.
431 2675 536 2706 Dura
555 2667 727 2719 aliquis.]
758 2667 853 2714 Jure
873 2669 1004 2720 aliquis
1024 2683 1101 2708 mea
1115 2670 1206 2708 dura
1224 2679 1329 2707 vocat

270 2724 457 2767 praecepta.
485 2727 651 2758 Fatemur
678 2721 829 2768 Regius.

321 2780 408 2827 229.
436 2776 478 2826 Ur
492 2781 604 2820 corpus
625 2772 777 2809 redimas
791 2799 801 2816 ,
820 2774 963 2819 ferrum
984 2771 1085 2823 wa]
1116 2773 1329 2822 Argumen-

274 2825 356 2858 tum
380 2831 401 2856 a
420 2824 567 2859 minori.
621 2826 845 2862 ConANUS.

324 2882 409 2919 229.
439 2871 631 2921 patiaris]
673 2875 821 2911 patieris
848 2875 980 2924 scripti.
1027 2874 1139 2924 idque
1174 2875 1328 2924 sequens

273 2921 395 2961 versus
415 2923 576 2971 requirit.
604 2923 666 2960 ubi
691 2937 756 2971 pro
775 2924 918 2962 lavabis
936 2926 1054 2974 prima
1066 2926 1181 2963 editio
1194 2927 1232 2964 ὃς
1246 2927 1329 2963 scri-

273 2974 353 3022 pti,
380 2971 526 3012 levabis.
552 2981 592 3011 ut
613 2974 721 3022 Epist.
747 2986 802 3012 1V.
828 2989 906 3023 174.
934 2988 1091 3014 arentem
1120 2991 1208 3027 quae
1237 2976 1329 3014 levet

276 3024 374 3061 unda
386 3022 499 3073 fitim.
527 3025 737 3063 Heinsius.
766 3038 819 3064 xv.
842 3027 948 3065 Trist.
970 3040 1059 3065 v111.
1079 3029 1137 3066 26.

329 3081 403 3112 Nec
416 3074 544 3124 ficcam
565 3076 790 3122 Geticosonte
807 3076 925 3114 levare
939 3076 1050 3126 fitim.

327 3137 417 3176 233.
443 3127 549 3164 Artis
576 3126 761 3175 tristtffima
783 3128 895 3175 janua
918 3128 1084 3178 nostrae]
1115 3128 1330 3177 Stric‘iiffi'ma

276 3176 409 3215 decern
431 3177 563 3226 scripti.
586 3178 695 3228 quod
717 3190 844 3216 verum
867 3180 927 3216 est.
954 3180 1041 3217 hinc
1061 3179 1268 3228 adstringere
1287 3180 1332 3217 ti-

278 3241 368 3266 men.
396 3228 441 3266 de
460 3240 537 3278 quo
556 3229 631 3267 dixi
659 3231 769 3268 Notis
789 3231 833 3268 ad
853 3232 989 3268 Amor.
1014 3231 1074 3268 lib.
1095 3244 1157 3268 ω.
1181 3232 1330 3281 hleg.1.

278 3278 336 3321 Jl's.
361 3293 417 3328 50.
444 3278 492 3317 fic
506 3281 623 3329 janua
644 3280 739 3318 laxa.
769 3280 814 3318 de
833 3293 911 3331 quo
931 3281 976 3319 ad
996 3281 1114 3320 Fastos
1127 3282 1188 3319 lib.
1207 3283 1334 3328 11.>l's.

279 3331 364 3378 456.
392 3330 606 3373 Heinsius.
632 3338 726 3372 Haec
742 3333 831 3372 artis
847 3333 960 3375 etiam
981 3332 1057 3373 duo
1079 3333 1241 3375 codices,

2313 1762 2431 1818 Nec
2441 1786 2445 1790 ·

1427 1912 1514 1950 235.
1551 1899 1706 1950 Aspicis,
1734 1910 1774 1937 ut
1795 1900 1970 1951 prenfhs.]
2012 1901 2150 1940 Melius
2174 1901 2212 1939 in
2253 1901 2447 1941 Palatino„

1428 1951 1563 2001 Aspicis
1577 1979 1587 1996 ‚
1608 1962 1649 1988 ut
1669 1951 1785 2002 pressos
1803 1962 1912 1989 urant
1924 1953 2011 2002 juga
2030 1953 2147 2003 prima
2161 1953 2338 2002 juvencos.

1377 2002 1482 2041 DAN.
1504 2003 1719 2041 Hemsxus.
1748 2003 1889 2052 Prensos
1905 2011 2029 2042 tuetur
2048 2004 2095 2042 ad
2105 2004 2261 2042 Statium
2282 2004 2433 2043 Grono-

1377 2054 1454 2092 vius
1476 2066 1552 2103 cap.
1573 2067 1626 2091 ix.
1650 2055 1688 2092 &
1706 2054 1874 2092 Elencho
1898 2054 2160 2094 Antidiatribes
2188 2067 2268 2103 pag.
2292 2055 2347 2103 56.
2370 2057 2432 2104 qui

1376 2104 1556 2143 videatur.
1584 2105 1644 2143 alii
1673 2105 1818 2143 codices
1835 2106 1964 2155 preffin.
1996 2116 2124 2144 teneros
2150 2105 2297 2142 laedam
2326 2106 2435 2144 Fran-

1378 2157 1452 2194 cof.
1476 2157 1513 2194 ὃς
1534 2156 1724 2195 Leidensis
1739 2157 1864 2207 ,quod
1877 2158 2076 2207 repetitum
2098 2169 2145 2195 ex
2166 2157 2275 2206 Epist.
2301 2169 2356 2195 ιν.
2378 2169 2437 2197 21.

1380 2207 1527 2245 domitos
1548 2218 1659 2245 urunt
1687 2220 1780 2246 unus
1805 2208 1937 2247 codex.
1960 2209 2077 2259 preffias
2095 2208 2240 2245 laedam
2258 2208 2402 2246 deceni.

1435 2270 1518 2308 237.
1546 2264 1586 2296 A
1616 2258 1811 2310 Laribus.]
1842 2265 1871 2296 E
1903 2261 2049 2297 Laribus
2084 2271 2203 2300 unus.
2257 2273 2299 2296 ex
2335 2260 2434 2297 alter.

1380 2309 1430 2348 fic
1452 2323 1494 2347 ex
1513 2323 1628 2358 aggere
1649 2311 1721 2347 exit
1751 2323 1822 2348 χιι.
1855 2311 2014 2349 Metam.
2055 2323 2137 2359 524.
2172 2311 2209 2348 ὅ(
2229 2311 2334 2359 saepe
2363 2311 2436 2348 eas-

1381 2360 1467 2398 dem
1491 2361 1781 2410 praepositiones
1799 2361 1933 2399 addere
1952 2370 2078 2399 amant
2095 2369 2239 2398 veteres
2259 2360 2377 2399 verbis
2390 2373 2444 2399 ex=

1380 2410 1448 2450 illis
1469 2411 1695 2460 compositis,
1724 2412 1853 2450 eadem
1876 2413 2028 2450 varietas
2057 2412 2306 2451 1v.P0nt.1x.
2326 2423 2382 2460 74.

1435 2468 1548 2500 Exeat
1568 2462 1714 2512 estygiis
1734 2473 1774 2500 ut
1793 2477 1869 2500 mea
1890 2464 1996 2500 navis
2014 2462 2128 2512 aquis.

1382 2514 1459 2552 Ubi
1481 2515 1519 2552 &
1539 2527 1561 2550 a
1580 2514 1731 2563 quidam
1752 2514 1911 2552 codices.
1962 2513 2229 2551 BURMANNUS.

1436 2578 1520 2612 240.
1555 2566 1762 2603 Praetendes
1796 2565 1912 2616 culpae
1941 2564 2125 2614 splendida
2162 2563 2270 2601 verba
2306 2563 2432 2615 tuae]

1386 2616 1620 2654 Praetendens
1638 2618 1760 2666 primo
1778 2629 1864 2655 cum
1894 2616 2012 2666 primii
2037 2616 2202 2654 editione
2234 2616 2272 2653 ὃς
2301 2615 2454 2665 scriptis-

1380 2668 1581 2718 legendum
1595 2668 1775 2719 plerisque
1786 2684 1798 2713 ;
1828 2668 1962 2706 deinde
1977 2695 1987 2711 ‚
2013 2667 2240 2716 culpaefaffia
2251 2667 2336 2716 fixae
2353 2678 2453 2705 cum-

1385 2720 1613 2758 Sarraviano.
1629 2721 1732 2766 fabia
1756 2730 1838 2757 tuae
1856 2727 2015 2769 quatuor
2036 2719 2120 2762 alii,
2149 2727 2189 2756 ut
2207 2718 2304 2767 apud
2319 2718 2438 2757 Hora-

1383 2772 1479 2809 tium
1499 2771 1561 2808 lib.
1587 2783 1646 2809 11.
1668 2771 1778 2820 Epist.
1803 2783 1833 2808 1.

1692 2822 1870 2871 Scriptores
1890 2820 2044 2857 carmine
2051 2820 2152 2866 foedo

1438 2872 1623 2923 Splendida
1638 2874 1742 2921 saera
1762 2873 1894 2910 linunt.
1948 2871 2164 2909 Hfimsxus,

1436 2937 1520 2971 242.
1546 2923 1735 2974 Dabana]
1764 2923 1877 2960 Dabit
1897 2924 2049 2960 Putean.
2080 2924 2118 2959 ὃ(
2149 2923 2298 2972 Regius.
2328 2922 2438 2960 Fran-

1387 2976 1463 3014 cius
1483 2975 1632 3015 volebat
1650 2978 1763 3015 etiam
1777 2985 1838 3021 ,ut
1858 2974 1920 3011 via
1930 2973 2029 3022 longa
2041 3001 2052 3019 ‚
2072 2973 2108 3012 id
2122 2973 2170 3011 est
2186 2974 2437 3023 quamtumvis

1385 3027 1448 3065 lon
1478 3039 1508 3065 a.

1436 3039 1521 3127 ΞΒ,
1547 3077 1620 3127 Effi’
1635 3077 1774 3127 putes.]
1803 3076 1941 3121 Multi,
1957 3084 2064 3125 putam
2088 3075 2232 3114 refflus.
2262 3077 2410 3114 HEms.

1437 3140 1521 3174 244.
1549 3131 1628 3165 Sine
1654 3128 1729 3176 igne
1758 3127 1890 3177 cinis.]
1930 3128 2008 3164 Sine
2036 3127 2113 3176 igne
2140 3140 2236 3175 rogus
2264 3127 2438 3165 Lincolnss

1385 3188 1510 3229 argute
1540 3208 1550 3225 ,
1596 3188 1636 3218 ut
1665 3179 1764 3229 quasi
1794 3179 1965 3218 extuleris
1999 3179 2037 3216 ὃς
2074 3178 2253 3227 sepelieris
2282 3189 2448 3216 omnem.

1385 3243 1567 3268 amorem.

1437 3293 1521 3328 247.
1549 3281 1729 3330 Qicquid
1751 3296 1825 3319 eras
1837 3280 1972 3330 fueris,
1991 3279 2115 3330 sitiens
2133 3279 2328 3330 avidusque
2345 3277 2436 3315 redi-

1388 3332 1476 3385 bis]
1506 3334 1674 3384 Qtfquis
1703 3348 1735 3373 es
1763 3333 1904 3384 affueris
1941 3344 2046 3374 unus,
2081 3331 2252 3384 Qisquis
2278 3339 2321 3370 <7⁶
2347 3328 2436 3364 duo-

2328 3376 2437 3428 QJC:
