2553 3676
258 254 356 305 792

555 228 617 285 n.
693 220 981 284 ovrmi
1056 220 1451 279 NASONIS
1526 184 2201 282 HALIEUTICON.

560 315 634 370 Et
662 328 768 368 tam
796 313 1028 369 deformi
1055 328 1166 367 non
1191 310 1382 385 dignus
1405 315 1625 369 nomine
1652 315 1883 371 Asellus:

554 388 759 459 Tuque
785 387 1108 459 peregriniS,
1151 385 1474 458 Acipenser‚
1498 387 1690 444 nobilis
1718 389 1888 444 undis,

903 499 933 525 st-
1006 499 1034 525 ’Χ-
1108 503 1133 530 *
1213 500 1241 523 -k
1314 500 1344 522 Ἀ·

1416 498 1445 524 -Χ-
1521 499 1548 523 {-
1626 505 1652 535 ‚g

272 623 434 663 maxime
458 617 678 658 delectatur:
707 630 779 668 qua
802 615 972 657 industria
1001 615 1096 653 Galli
1123 615 1318 664 piscatores
1367 613 1539 663 peizsbrem
1576 614 1875 664 existimaverunt.
1918 620 2066 659 Plinius.
2110 616 2210 668 quasi
2238 619 2418 668 acipenser

272 685 453 724 equorum
469 700 479 716 ,
492 672 530 709 ἃ
550 672 666 708 boum
684 669 858 719 capitibus
871 668 1048 718 plurimos
1066 677 1139 722 una
1158 666 1319 714 capiunt.

270 726 363 763 Sunt
385 724 495 761 etiam
519 722 632 760 Gobii
654 722 808 765 marini,
837 721 875 757 ὃς
894 715 1317 761 litorales,inarenosis,

267 784 330 814 aut
358 773 512 823 scopulis
535 773 707 822 degentes
732 800 742 816 ‚
779 780 942 820 quorum
957 776 1028 805 tres
1048 767 1128 804 sunt
1148 766 1320 804 differen-

264 827 361 869 tiae,
399 825 633 862 albicantium
659 851 669 866 ,
697 823 915 869 nigrorum,
953 819 992 856 &
1020 817 1317 856 flavescentium:

265 877 429 923 ejusdem
464 883 591 913 tamen
623 873 787 921 speciei:
824 871 930 913 luto,
966 869 1045 918 alga
1069 896 1079 912 ,
1116 870 1154 906 δε
1194 869 1320 906 musco

271 922 461 965 vescitur:
499 924 651 975 gregalis
691 923 739 961 est
760 950 770 968 ,
807 921 939 959 nobilis
960 948 973 965 ‚
1011 921 1050 958 &
1085 919 1322 958 suavissimus.

273 978 492 1016 CIOFANUS.

318 1024 792 1079 =130.Lolligo.]Pelagiaest
813 1023 966 1072 Lolligo
978 1033 1123 1071 magna.
1142 1021 1322 1060 stumz.

264 1079 405 1119 Plinius
435 1078 558 1117 multis
587 1078 623 1115 in
645 1077 756 1114 locis:
787 1075 962 1113 Aelianus
982 1074 1043 1111 lib.
1065 1084 1118 1111 ix.
1139 1084 1216 1122 cap.
1249 1085 1321 1110 ιη.

269 1131 402 1169 Gisczif.
422 1130 553 1173 τεύθις,
582 1128 747 1164 Graece:
778 1125 993 1167 Calamaro,
1020 1123 1165 1162 Italice:
1215 1123 1323 1160 Lolli-

263 1194 303 1231 go
324 1210 334 1226 ,
373 1182 519 1218 Latine.
545 1178 707 1226 Pelagius
728 1177 797 1221 est,
827 1189 874 1214 ex
894 1175 1066 1213 mollium
1094 1186 1249 1224 genere,
1278 1174 1323 1212 fi-

270 1242 333 1270 cut
365 1233 548 1280 Polypus,
585 1230 624 1266 &
650 1228 798 1276 Saepia:
834 1227 1024 1276 proprium
1051 1226 1188 1270 habet,
1225 1227 1321 1264 inter

269 1282 398 1321 mollia
429 1292 469 1319 ut
499 1280 625 1324 volet,
663 1280 701 1316 ὅ(
721 1278 877 1316 volitans
901 1278 1079 1315 conchae
1096 1276 1318 1322 adhaerens,

268 1335 308 1371 ἃ
328 1336 377 1371 ita
399 1332 525 1370 affixus
540 1359 550 1375 ,
577 1338 639 1368 aut
658 1341 765 1367 arena
789 1328 858 1366 sese
885 1328 1092 1372 suburrans,
1123 1329 1320 1377 tempesta-

266 1387 312 1423 tis
333 1384 473 1432 signum
496 1381 728 1420 est2vivendi
748 1380 901 1428 spatium
919 1387 994 1417 tam
1017 1379 1167 1428 Saepiae
1181 1391 1318 1429 ,quain

271 1436 449 1483 Lolligini
469 1434 580 1471 breve
601 1431 662 1469 est.
715 1432 812 1469 Nam
836 1459 845 1475 ‚
874 1432 997 1479 paucis
1029 1431 1227 1478 excerptis,
1265 1430 1320 1468 bi-

268 1495 413 1524 matum
436 1497 514 1522 non
537 1483 748 1532 complent:
775 1493 982 1531 numquam
1006 1482 1057 1519 illi
1085 1480 1182 1519 deest
1212 1481 1320 1529 copia

271 1537 465 1575 atramenti
488 1551 499 1579 ;
547 1533 615 1572 suis
659 1532 947 1582 proniuscidibus
998 1532 1109 1581 pisces
1153 1540 1320 1569 venatur.

271 1589 489 1626 Cromnos.
1050 1608 1053 1609 γ

326 1650 408 1688 ¹30·
438 1635 595 1686 Durique
608 1634 726 1685 sues.]
757 1634 905 1686 Dirique
925 1634 1051 1684 passim
1075 1635 1161 1673 citat
1181 1633 1321 1684 Gesne-

269 1701 338 1729 rus.
391 1689 579 1725 Vnrius.

325 1751 407 1789 130.
434 1739 641 1790 sinuosaque
669 1737 751 1786 Coss.
783 1736 841 1787 ³⁸]
870 1737 973 1775 Piscis
1001 1736 1152 1786 alicujus
1180 1748 1323 1775 nomen

271 1790 391 1829 deeffe
412 1797 583 1839 apparet,
603 1797 665 1826 aut
688 1789 782 1826 forte
797 1789 930 1839 serpens
949 1788 1146 1837 legendum
1163 1788 1325 1826 :constat

271 1843 376 1881 enim
397 1842 550 1879 marinas
567 1840 737 1890 quasdam
756 1840 937 1887 serpentes
956 1838 1025 1877 ess'e
1039 1867 1049 1883 ‚
1076 1839 1206 1888 easque
1228 1840 1321 1877 circa

270 1894 379 1931 litora
401 1893 523 1940 magis.
546 1891 661 1940 Thessa
682 1890 832 1940 quidem
857 1891 959 1939 piscis
981 1890 1027 1927 est
1048 1890 1170 1928 Plinio
1189 1919 1199 1935 ‚
1220 1890 1320 1928 idem

269 1944 405 1982 scilicet
426 1943 593 1991 Thriffae:
634 1943 693 1979 cui
710 1950 832 1979 tamen
849 1940 1004 1990 sinuosae
1022 1942 1214 1989 epitheton
1242 1953 1321 1979 non

272 1996 464 2032 convenit.
504 1993 728 2030 GESNERUS.
764 1992 973 2036 Praeclare,
1001 2001 1041 2030 ut
1061 1992 1189 2029 onmia
1207 2020 1218 2037 ,
1246 1993 1321 2030 hoc

269 2046 404 2083 vulnus
433 2044 569 2082 sanavit
600 2043 869 2092 Pantagathus;
912 2044 999 2092 legit
1023 2043 1148 2087 enim,
1190 2043 1320 2090 Cestra.

270 2097 332 2135 Est
358 2103 484 2134 autem
513 2094 634 2131 Cestra
658 2122 668 2138 ‚
706 2094 806 2142 piscis
830 2122 840 2139 ,
877 2105 972 2142 quae
998 2094 1035 2131 in
1066 2094 1184 2142 capite
1210 2094 1320 2132 habet·

271 2148 366 2185 duos
396 2147 567 2190 aculeos,
603 2145 732 2194 quibus
761 2145 970 2182 Thunnum
1003 2145 1061 2181 vel
1081 2144 1245 2182 maxime
1264 2146 1319 2182 in-

270 2199 396 2242 senat,
425 2209 466 2235 ac
487 2195 721 2245 persequitur.
774 2195 888 2233 Aldus
910 2195 999 2233 Aldi
1021 2197 1070 2233 N.
1089 2195 1318 2244 reponebat,

271 2249 416 2297 Thessa,
453 2259 530 2297 quo
555 2246 601 2284 de
630 2246 724 2295 pisce
750 2246 896 2284 Plinius.
921 2246 982 2284 lib.
1000 2258 1122 2284 xxxii.
1151 2258 1229 2294 cap.
1260 2259 1320 2285 x1.

273 2300 492 2337 Cromnos.
538 2303 676 2346 Serpens
705 2297 753 2334 ita
785 2298 1039 2346 conjiciebam.
1070 2298 1154 2334 MS.
1175 2296 1321 2346 finaora

271 2351 398 2388 Caris:
439 2349 532 2387 Pith.
564 2359 716 2398 quoque
753 2348 866 2385 Caris.
900 2348 986 2386 Ald.
1004 2347 1210 2398 finuofitqne
1244 2348 1318 2398 cess.

270 2403 369 2440 forte
385 2430 395 2444 ,
424 2400 550 2449 Theffa.
579 2410 673 2448 quae
694 2410 712 2435 a
734 2398 854 2436 Plinio
875 2400 1088 2436 nominatur
1110 2400 1147 2435 in
1170 2400 1319 2437 Cat-alo-

270 2464 322 2501 go
349 2452 513 2500 piscium.
557 2449 820 2498 Pantagathus:
858 2449 973 2495 cestra.
1001 2449 1190 2487 Virrius.
1218 2450 1320 2485 Caris

270 2504 352 2541 libri
370 2503 510 2551 scripti:
540 2499 681 2537 Concha
706 2499 838 2537 Beliot.
857 2500 919 2537 lib.
941 2513 968 2537 1.
988 2500 1138 2548 Apoph.
1158 2511 1190 2548 3.
1212 2500 1320 2537 male.

271 2552 523 2600 forie,cestris.
541 2552 605 2601 qui
625 2551 754 2600 mugil.
776 2550 850 2588 vid.
871 2551 1042 2588 Athenae
1062 2561 1141 2599 pag.
1165 2550 1321 2598 306.ve1

272 2605 393 2649 cestris.
410 2603 485 2642 vid.
504 2602 646 2640 Zenob.
669 2602 838 2640 Paroem.
858 2612 938 2650 pag.
960 2612 1020 2650 9¹7.
1039 2602 1077 2638 δε
1104 2600 1154 2638 ibi
1181 2600 1322 2640 Schott,

273 2655 416 2692 l’antin.
436 2655 473 2692 in
495 2653 662 2702 Apostol.
681 2664 759 2702 pag.
781 2664 865 2702 320.
881 2653 942 2690 vel
962 2651 1063 2701 Cissa.
1077 2651 1152 2690 vid.
1172 2651 1322 2690 Casaub.

276 2706 321 2743 ad
339 2706 476 2742 Athen.
496 2705 558 2741 lib.
579 2717 650 2741 vn.
668 2715 747 2752 pag.
771 2715 855 2753 353.
911 2704 1123 2741 Heinsius.

329 2766 371 2803 13
385 2767 411 2791 r.
438 2760 484 2791 Et
502 2766 577 2791 tam
600 2754 744 2801 deformi
766 2767 834 2790 non
853 2753 977 2803 dignus
998 2754 1134 2790 nomine
1147 2752 1317 2802 Asellus]

273 2804 468 2855 Ingeniose
491 2805 691 2842 admodum
717 2804 869 2842 dictum.
905 2806 1079 2843 Aelianus
1098 2804 1157 2842 lib.
1177 2817 1213 2841 v.
1244 2816 1323 2853 cap.

274 2870 334 2894 xx.
358 2858 395 2893 ἃ
417 2867 472 2892 vi.
491 2866 567 2901 cap.
589 2867 691 2892 xxxx.
713 2856 847 2893 Giscaf.
866 2853 959 2899 Ἇνος,
983 2856 1142 2892 Graece:
1158 2854 1297 2904 Asellus
1312 2882 1322 2897 ,

275 2906 431 2945 Latine:
465 2904 671 2940 Merluccio:
701 2905 836 2943 Italice.
865 2907 953 2944 Duo
975 2906 1179 2943 Asellorum
1202 2917 1319 2954 gene-

275 2972 313 2997 ra
336 2986 345 3002 ‚
372 2958 558 3006 primum,
586 2956 698 2998 ὅνους,
737 2956 857 2993 Plinio
887 2957 1041 2993 Bacchus
1071 2965 1253 3001 vocatur,
1285 2957 1324 2994 hi

274 3011 313 3047 in
336 3009 413 3046 alto
436 3008 527 3044 mari
548 3006 767 3053 capiuntur:
797 3006 948 3044 alterum
976 3019 1089 3055 genus
1105 3035 1114 3052 ‚
1142 3006 1325 3045 Gallarias

277 3061 427 3098 dicitur:
474 3057 623 3095 litoralis
652 3055 700 3094 est
718 3071 731 3099 3
781 3056 868 3095 latet
898 3058 1099 3106 plurimum
1136 3059 1325 3106 temporis.

274 3111 494 3149 Ciowius.
1046 3142 1049 3143 ⁷

330 3174 411 3209 132.
451 3167 568 3210 Tuque
588 3157 772 3210 peregrinis
802 3157 987 3208 Acipenser
1017 3157 1139 3195 nobilis
1168 3157 1283 3195 undis.
1307 3157 1323 3208 ]

276 3208 433 3262 Helopem
468 3224 599 3264 quoque
627 3210 712 3247 dicit
734 3210 884 3248 ovidius
899 3210 955 3258 eſje
976 3209 1095 3256 nostris
1111 3209 1324 3258 incognitum

276 3265 395 3303 sordis:
443 3277 486 3305 ex
513 3276 579 3317 quq
607 3259 842 3315 apparetsalli
860 3274 911 3317 αρε
930 3288 941 3309 ,
978 3261 1039 3312 qui
1066 3259 1211 3300 eundem
1253 3260 1325 3312 aa:

1376 666 1523 704 Romae
1544 669 1713 716 cognitus
1735 667 1842 713 esset,
1870 682 1955 708 cum
1976 682 2103 709 tamen
2124 669 2306 708 Ovidium
2332 682 2419 709 eum

1375 728 1528 766 quoque
1555 719 1789 766 peregrinum
1812 718 1881 757 effe
1904 730 2018 760 canat.
2046 722 2224 759 GESNER.
2252 721 2313 758 De
2332 723 2421 760 Aci-

1376 768 1525 816 pensere
1551 769 1685 806 Plinius
1704 769 1764 806 lib.
1786 782 1838 806 1x.
1855 782 1931 818 cap.
1957 784 2057 810 xvii.
2085 773 2123 809 ὃς
2145 772 2241 809 alibi.
2268 771 2420 816 Italice,

1377 819 1538 856 Storione.
1566 818 1681 857 Senfit
1699 831 1850 857 mecum
1872 821 2081 859 clariffimus
2092 823 2282 861 Muretus:
2313 825 2349 860 &
2363 822 2423 861 alii

1377 870 1445 907 viri
1463 869 1712 915 eruditissimi,
1748 871 1842 908 inter
1872 883 1965 920 quos
1995 872 2236 910 Rondeletius
2260 885 2338 921 cap.
2358 873 2424 911 ult.

1376 919 1437 957 lib.
1456 933 1535 958 xiv.
1552 920 1589 958 id
1608 921 1737 960 litteris
1760 921 2029 971 consignarunt.
2065 921 2118 959 At
2138 923 2239 961 aliter
2260 924 2424 962 Giscafe-

1376 971 1448 1008 rius
1462 999 1472 1015 ‚
1500 972 1563 1021 qui
1582 973 1673 1010 haec
1694 978 1800 1010 notat
1821 974 1858 1011 in
1882 973 1949 1010 hac
1968 972 2124 1010 secunda
2148 973 2323 1012 editione.
2360 974 2422 1012 De

1376 1021 1623 1070 Acipensere,
1650 1024 1792 1073 inquit,
1828 1024 1927 1062 varia
1955 1024 2003 1063 est
2030 1025 2124 1061 inter
2140 1023 2325 1073 scriptores
2344 1024 2424 1063 sen·-

1377 1074 1492 1111 tentia
1507 1102 1518 1119 ,
1546 1074 1711 1124 quisnam
1733 1074 1799 1118 fit,
1828 1077 1866 1113 δε
1880 1087 1956 1124 quo
1976 1074 2072 1124 apud
2095 1086 2164 1112 nos
2183 1084 2337 1117 vocetur
2354 1088 2427 1114 rio-

1375 1125 1628 1172 mine.Jovius
1642 1126 1816 1164 cumdem
1836 1123 1906 1164 effe
1927 1127 2109 1164 vulteum
2130 1125 2281 1175 Ellope:
2312 1126 2425 1177 idque

1375 1175 1529 1223 probare
1550 1177 1743 1215 contendit
1763 1177 1948 1215 nonnullis
1981 1177 2221 1226 argumentis.
2275 1177 2430 1215 Ronde-

1374 1227 1481 1264 letius
1500 1226 1660 1266 diversos
1681 1227 1750 1266 effe
1773 1229 1866 1266 inter
1888 1228 1922 1265 se
1946 1229 2147 1272 existimat,
2191 1227 2426 1278 Ellopenque

1375 1276 1578 1327 squamosi,
1616 1279 1880 1328 Acipenserem
1909 1278 2104 1317 mustellini
2130 1279 2294 1328 generis,
2322 1291 2428 1317 eum-

1375 1340 1450 1377 que
1472 1327 1543 1366 effe
1558 1357 1568 1374 ,
1595 1331 1658 1380 qui
1681 1330 1777 1380 apud
1793 1342 1860 1369 nos
1884 1330 2006 1368 Sturio
2027 1339 2193 1368 vocatur.
2221 1329 2324 1380 quod
2344 1331 2426 1380 qui-

1376 1379 1462 1417 dem
1484 1391 1562 1418 non
1582 1382 1704 1430 paucis
1726 1381 1927 1419 rationibus
1964 1382 2003 1419 ὃς
2032 1381 2226 1418 austorurn
2258 1380 2425 1419 testimo-

1375 1431 1444 1468 niis
1467 1431 1672 1471 confirmat.
1723 1433 1854 1471 Paulus
1866 1440 1996 1470 tamen
2008 1431 2142 1479 ,Jovius
2163 1432 2320 1469 Silurum
2341 1433 2426 1471 Stu-

1375 1482 1523 1519 rionem
1548 1481 1617 1520 effe
1637 1484 1799 1521 nostrum
1820 1483 2021 1522 arbitratur.
2075 1483 2118 1520 In
2139 1483 2207 1519 hac
2227 1491 2301 1519 tam
2323 1485 2425 1521 anci-

1376 1533 1443 1581 piti
1470 1545 1591 1582 pugna
1620 1534 1830 1582 perdifficile
1859 1534 1907 1572 est
1943 1532 2045 1572 nosse
2080 1536 2115 1571 iii
2152 1541 2271 1570 utram
2309 1535 2425 1582 magis

1376 1593 1518 1632 partem
1545 1585 1696 1622 inclinet
1724 1585 1890 1623 victoria.
1943 1586 2032 1622 Hoc
2054 1592 2178 1622 tamen
2196 1583 2430 1622 animadver-

1378 1635 1534 1676 tendum
1557 1636 1748 1680 existimo,
1789 1637 1924 1673 mirum
1947 1635 2065 1673 videri
2086 1634 2346 1682 Acipenserem
2383 1635 2426 1672 ab

1382 1685 1525 1724 Ovidio
1559 1688 1789 1736 peregrinum
1826 1686 1973 1730 vocari,
2012 1685 2037 1723 fi
2069 1684 2188 1723 noster
2221 1684 2343 1723 Sturio
2362 1685 2426 1731 sit,

1381 1748 1466 1775 cum
1490 1750 1567 1775 non
1591 1738 1718 1785 procul
1738 1737 1758 1775 a
1783 1737 1979 1776 moenibus
1990 1736 2146 1774 Urbisin
2165 1736 2295 1773 Tiberi
2315 1748 2425 1781 vere,

1380 1788 1420 1825 δε
1437 1789 1568 1826 aestate
1588 1790 1774 1826 Sturiones
1801 1788 2031 1826 laudatissimi
2051 1788 2261 1836 frequenter
2282 1788 2427 1836 capian-

1378 1847 1448 1877 tur.
1479 1840 1569 1878 Hoc
1589 1849 1714 1877 autem
1733 1847 1952 1889 argumento
1966 1839 2072 1876 facile
2094 1835 2300 1885 credipoffe
2313 1839 2425 1877 alium

1379 1890 1450 1928 elie
1476 1890 1738 1938 Acipenserem
1755 1919 1764 1936 ,
1793 1893 1856 1940 qui
1879 1889 1898 1927 ὲ
1920 1891 2071 1927 remotis
2091 1888 2246 1926 maribus
2260 1889 2426 1927 Romam

1379 1942 1465 1979 vehi
1481 1942 1605 1980 solitus
1623 1941 1721 1980 esset.
1775 1943 1880 1980 Haec
1891 1941 2119 1978 Giscaserius.
2172 1939 2253 1987 Ego
2277 1940 2423 1977 veroin

1377 2003 1441 2036 ea,
1470 2005 1581 2040 quani
1613 1993 1692 2042 jam
1724 1993 1896 2041 exposui,
1923 1993 2098 2029 sententia
2118 2001 2274 2032 maneo,
2314 2000 2426 2040 atque

1376 2043 1420 2079 ab
1457 2043 1600 2081 Ovidio
1637 2042 1826 2093 fignificari
1857 2044 2009 2081 arbitror
2048 2041 2307 2089 Acipenssiem
2353 2040 2424 2079 effe

1375 2094 1598 2132 nobiliorem
1631 2107 1672 2131 ac
1699 2095 1994 2144 praestantiorem
2025 2094 2062 2131 in
2081 2092 2276 2142 peregrino
2306 2094 2424 2138 mari,

1374 2157 1484 2195 quam
1506 2146 1543 2182 in
1560 2146 1706 2190 iioler,
1734 2148 1772 2183 ὅτ
1790 2154 1982 2195 propterea
2008 2144 2099 2182 dici:

1429 2201 1545 2246 Tuque
1560 2196 1743 2246 peregrinis
1763 2195 1944 2246 Acipenfhr
1964 2195 2086 2232 nobilis
2103 2196 2218 2234 undis.

1378 2247 1502 2296 Hujus
1520 2256 1593 2285 tam
1618 2247 1752 2292 foede,
1778 2260 1820 2285 ac
1840 2248 1968 2285 misere
1989 2249 2148 2296 corrupti
2166 2277 2174 2291 ,
2204 2260 2245 2286 ac
2264 2248 2422 2286 mutilati

1378 2299 1497 2346 operis
1528 2298 1580 2335 bis
1612 2300 1754 2336 mentio
1787 2299 1835 2336 est
1865 2298 1964 2347 apud.
1990 2298 2148 2335 Plinium
2175 2312 2181 2335 :
2221 2299 2333 2336 semel
2360 2299 2423 2336 lib.

1375 2361 1498 2386 xxx11.
1517 2360 1593 2396 cap.
1623 2361 1677 2388 it.
1714 2350 1768 2386 his
1797 2349 1943 2386 verbis:
1984 2347 2080 2383 Mihi
2111 2348 2280 2385 videntur
2306 2349 2423 2393 mira,

1375 2413 1462 2449 quae
1504 2398 1655 2435 ovidius
1682 2399 1836 2449 prodidit
1866 2398 2012 2447 piscium
2049 2397 2185 2445 ingenia
2219 2399 2255 2435 in
2291 2413 2324 2436 eo
2360 2414 2424 2437 vo-

1376 2450 1530 2493 lumine,
1567 2449 1656 2499 quod
1693 2448 1912 2486 Haliettticon
1949 2447 2161 2495 inscribitur.
2216 2449 2386 2488 Secundo
2411 2464 2421 2487 ε

1375 2500 1521 2538 Eodem
1555 2501 1613 2537 lib.
1646 2511 1724 2549 cap.
1752 2501 1816 2538 ult.
1846 2499 1908 2537 ubi
1939 2499 1988 2537 ita
2019 2497 2088 2537 est:
2125 2499 2190 2537 His
2220 2501 2421 2549 adjiciemus

1375 2552 1467 2599 apud
1498 2551 1669 2588 ovidium
1690 2549 1798 2600 posita
1826 2549 1968 2587 nomina
1998 2579 2008 2594 ‚
2064 2564 2152 2601 quae
2185 2551 2276 2600 apud
2311 2551 2422 2589 nemi-

1377 2615 1455 2639 nem
1483 2602 1595 2639 alium
1624 2603 1861 2650 reperim-itum
1894 2600 1955 2649 sed
1973 2600 2125 2649 fortaffis
2154 2601 2194 2638 in
2214 2608 2320 2639 Ponto
2342 2601 2423 2650 nas-

1377 2663 1526 2698 cuntur,
1553 2652 1611 2689 ubi
1633 2653 1670 2689 id
1690 2652 1854 2689 volumen
1864 2651 2031 2701 fitpremis
2041 2653 2116 2700 sais
2139 2652 2341 2702 temporibus
2367 2653 2424 2690 in-

1376 2704 1527 2742 choavit.
1557 2703 1797 2752 Conjeffiuras
1815 2715 1900 2740 cum
1920 2704 2017 2739 notis
2030 2730 2039 2746 ,
2066 2715 2154 2752 quas
2172 2703 2297 2751 posui,
2317 2715 2425 2752 quas-

1374 2767 1448 2805 que
1468 2755 1676 2803 Pantagatlii
1703 2752 1772 2791 effe
1794 2754 1938 2790 testatus
1959 2752 2035 2790 sum
2049 2781 2060 2798 ,
2096 2762 2260 2802 acceptas
2289 2756 2423 2792 referre

1375 2806 1506 2848 debes,
1533 2807 1594 2854 qui
1616 2805 1757 2842 summa
1776 2805 1866 2841 mihi
1881 2803 2030 2852 janeus
2051 2805 2210 2842 amicitia
2232 2804 2279 2841 est
2297 2833 2306 2849 ‚
2333 2807 2368 2842 A
2382 2818 2423 2842 ι-

1377 2869 1402 2893 D
1419 2870 1441 2891 0
1476 2856 1531 2903 Ju
1548 2869 1570 2892 N
1587 2869 1599 2892 i
1614 2868 1726 2899 OR13
1757 2855 1843 2904 qui,
1873 2864 1912 2892 ut
1930 2866 1971 2892 ea
1994 2855 2042 2891 est
2061 2856 2289 2892 humanitate
2305 2884 2314 2898 ‚
2344 2868 2421 2894 non

1377 2916 1519 2944 tantum
1545 2907 1633 2943 milii
1653 2918 1710 2943 eas
1730 2906 1929 2955 impertiit,
1956 2905 2015 2942 sed
2041 2905 2239 2954 divulgiri,
2270 2907 2307 2943 ὃ(
2336 2919 2422 2944 cum

1380 2956 1543 2994 studiosis
1566 2954 1982 3004 conimunicari‚paffus
2003 2955 2061 2992 cst.
2091 2957 2153 2993 Ob
2181 2957 2284 3005 quod
2311 2957 2426 2995 bene-

1382 3008 1508 3045 ficium
1523 3019 1584 3045 me
1605 3010 1639 3045 ei
1656 3007 1854 3055 plurimum
1874 3005 2006 3043 debere
2034 3007 2162 3045 sentio.
2189 3009 2277 3045 Hoc
2298 3016 2425 3046 autem

1381 3070 1474 3106 opus
1510 3058 1634 3096 Attius
1671 3058 1835 3094 Sincerus
1869 3056 2102 3095 Sannazarius
2139 3058 2424 3107 Neapolitanus,

1381 3113 1493 3157 poeta
1515 3109 1721 3146 clarissimus
1737 3136 1746 3151 ,
1775 3108 1811 3145 ὅ(
1825 3107 1870 3145 ad
1892 3108 2092 3156 priscorum
2113 3109 2259 3146 illorum
2277 3109 2425 3147 laudem

1381 3161 1554 3207 proxime
1575 3158 1773 3203 accedens,
1810 3171 1855 3196 ex
1883 3157 2104 3197 Aeduorum
2128 3159 2257 3197 finibus
2281 3188 2292 3205 ‚
2339 3161 2377 3198 δε
2410 3159 2431 3197 ὲ

1383 3209 1621 3253 Tritonibus,
1648 3210 1709 3247 ubi
1728 3210 1844 3259 ipsum
1863 3210 2078 3254 invenerat,
2105 3210 2141 3247 in
2165 3211 2304 3248 ltaliam
2327 3210 2434 3248 detu-

1381 3260 1443 3304 lit:
1474 3261 1511 3300 &
1551 3260 1666 3316 Aldus
1696 3261 1815 3301 senior
1843 3261 2004 3311 primum
2034 3260 2159 3301 edidit.
2214 3261 2433 3300 Cioranus.

2234 3379 2435 3426 EPICE«¹
