2553 3676
608 193 1141 264 AM-ORUM
1214 212 1384 248 LIB.
1460 195 1497 248 Ι.
1576 217 1621 261 3.
2095 220 2191 267 335

351 301 601 357 Carmine
623 310 820 349 nomen
843 287 1038 343 habent
1053 325 1068 348 ‚
1106 283 1358 337 exterrita
1383 284 1632 340 cornibus
1658 285 1714 339 Io·
1729 326 1744 350 ,

419 373 490 425 Et
513 383 670 441 quam
694 362 947 418 fluminea
974 357 1090 413 lufit
1113 354 1322 408 adulter
1344 374 1467 409 ave:

350 444 634 515 Quaeque,
671 436 825 507 super
849 445 1077 505 pontum
1101 426 1339 481 simulato
1362 427 1511 480 vecta
1530 428 1791 497 juvenoe,

419 510 675 581 Virginea
700 507 871 561 tenuit
896 521 1096 559 cornua
1119 517 1240 554 vara
1265 515 1467 579 manu*

239 603 304 653 25
343 586 454 639 Nos
477 598 694 655 quoque
719 598 814 652 per
839 592 1017 632 totum
1043 572 1239 648 pariter
1263 570 1593 625 cantabimur
1621 572 1835 626 orbem:

411 653 707 727 junctaque
731 652 935 724 semper
961 660 1118 704 erunt
1140 645 1358 699 nomina
1378 642 1552 698 nostra
1578 643 1696 697 tuis,

2 795 3 835 3
61 805 139 833 rum
174 792 311 831 Poe'tae
353 791 627 842 saepenumero.
670 791 719 829 fic
758 792 798 829 ὃς
835 789 928 828 dolor
959 787 1088 827 iisdem

1 870 4 888 ι
61 844 191 894 paffim.
209 845 370 891 Propert.
387 857 434 882 11,
454 844 555 893 Eleg.
575 855 628 881 ιν.

98 910 140 947 ,Si
158 909 247 946 dolor
262 909 434 955 abfuerit,
463 909 577 954 crede,
604 908 730 949 redibit
751 921 860 947 amor.

4 996 5 1014 3
61 961 253 1000 Burman
262 973 318 998 us.

4 1051 5 1054 =
110 1037 164 1074 19.
201 1031 244 1062 Te
280 1026 368 1063 mihi
403 1025 639 1076 materiam]
681 1024 869 1062 Materiem
906 1022 1088 1062 meliores.

5 1111 6 1122 ,
63 1075 266 1115 ΗειΝεΙιις.

5 1123 6 1129 ’
109 1139 163 1175 19.
201 1132 243 1163 In
279 1126 482 1177 carmina]
531 1132 573 1163 In
603 1126 756 1164 carmine
788 1125 968 1164 editiones
997 1124 1090 1163 duae

6 1191 7 1194 ¹
58 1176 220 1270 {senetae
243 1204 254 1222 ,
288 1179 326 1215 ὃ(
352 1177 564 1227 quindecim
594 1178 725 1226 scripti.
750 1177 824 1215 vid.
852 1177 898 1214 ad
924 1176 1026 1225 Eleg.
1061 1187 1091 1214 1.

6 1290 7 1298 ¹
103 1240 162 1315 zg.
194 1277 408 1314 Proveniant
428 1277 545 1326 caufize
568 1278 726 1316 carmina
745 1277 849 1327 digna
867 1275 986 1325 tudes]
1016 1276 1091 1313 Re-

6 1326 8 1359 ὶ
57 1324 144 1365 &ius
163 1339 233 1377 ego
255 1329 292 1365 in
313 1327 475 1377 quoda'm
497 1328 624 1367 codice
645 1329 692 1366 fic
709 1329 780 1378 legi
800 1330 874 1366 hoc
895 1338 1063 1365 carmen:

104 1398 311 1435 Provenient
331 1395 432 1446 caasa
452 1398 610 1434 carmina
633 1398 736 1446 digna
750 1397 830 1446 saa.

55 1458 279 1497 Provenient:
300 1458 556 1507 producentur.
584 1458 793 1498 Translatio
813 1458 861 1496 est
879 1458 1020 1507 sumpta
1042 1457 1086 1496 ab

56 1509 234 1547 arboribus
247 1536 255 1550 ‚
273 1508 292 1545 a
315 1510 443 1558 quibus
463 1511 551 1547 boni
571 1518 634 1547 aut
653 1511 739 1547 mali
758 1510 893 1547 fruetus
907 1509 1089 1559 provenire

56 1560 233 1598 dicuntur.
260 1560 318 1596 Sic
336 1560 419 1597 alibi
442 1560 600 1597 Ovidius
624 1573 654 1598 1.
672 1561 780 1598 Trist.
804 1574 834 1597 1.

105 1628 276 1664 Carmina
289 1626 497 1676 proveniant
516 1628 632 1664 animo
654 1629 799 1665 deduffla
810 1628 938 1676 ftreno.

10 1709 13 1729 i
55 1693 234 1729 Mamm.
261 1691 467 1727 Provenient
491 1690 600 1740 caussa
627 1691 782 1727 carmina
811 1691 915 1738 digna
930 1690 998 1738 βία
1018 1691 1090 1727 Pu·

55 1750 204 1779 teaneus
223 1741 350 1779 codex.
373 1750 407 1777 at
425 1742 461 1778 in
485 1742 701 1779 editionibus
722 1742 926 1785 nonnullis,
954 1742 991 1778 in
1012 1741 1090 1777 Sar-

12 1786 14 1830 ὶ
58 1792 206 1829 raviano
221 1820 231 1836 ,
258 1803 471 1838 novemque
494 1800 555 1828 aut
574 1791 703 1828 decem
725 1792 820 1834 aliis,
850 1791 976 1840 caaffae
994 1790 1091 1839 suae.

12 1870 15 1893 r
59 1850 99 1881 ut
126 1841 168 1879 fit
200 1841 345 1878 secundi
373 1841 497 1883 casus;
534 1841 579 1877 de
606 1853 677 1889 qua
705 1841 896 1878 locutione
935 1841 1090 1878 ubertim

62 1892 198 1941 egimus
221 1890 399 1929 Tristiurn
420 1902 474 1927 rv.
498 1890 598 1939 Eleg.
628 1903 688 1926 111.
716 1890 770 1932 ybs.
798 1902 854 1934 57-
884 1892 1091 1927 Hnmsms.

63 1942 184 1991 Caussa
203 1952 265 1978 tua
284 1940 517 1978 Bersmannus
535 1942 573 1977 ὃς
590 1939 649 1977 alii
662 1955 673 1983 ;
703 1939 830 1988 cauffize
849 1951 930 1976 tuae
950 1941 1091 1988 Gryph.

63 1994 101 2030 &
116 1994 153 2030 in
172 1992 333 2040 margine
354 1991 558 2028 Bersmann.
585 1991 795 2039 proveniant
823 2002 974 2039 quoque
992 1991 1094 2037 Junii

62 2044 101 2080 &
130 2042 204 2080 duo
230 2043 321 2086 alii,
358 2053 443 2079 cum
474 2043 628 2079 Douzae
660 2041 800 2079 codice.
836 2042 874 2078 &
901 2042 950 2078 ita
981 2041 1096 2079 edidit

63 2093 259 2142 Gryphius.

111 2155 171 2180 21.
198 2142 362 2179 Carmine
381 2155 501 2179 nomen
522 2141 660 2191 haber]
692 2141 833 2185 Scribe,
861 2140 989 2177 habent
1009 2154 1091 2180 cum

18 2195 19 2210 ¹
63 2193 170 2231 tribus
190 2192 374 2230 codicibus
393 2220 403 2236 ,
442 2202 481 2229 ut
506 2192 620 2229 versui
651 2192 864 2229 consulatur.
891 2192 1094 2230 Puteaneus

20 2275 21 2278 ,
65 2243 235 2281 mendose
258 2271 269 2286 ‚
308 2242 477 2278 Carmina
504 2256 631 2278 numen
660 2242 799 2280 habent.
825 2243 927 2292 quod
946 2244 985 2280 &
1005 2244 1094 2282 alios

67 2292 206 2331 codices
227 2294 431 2341 occupavit.
461 2294 669 2329 Hrmsms.

111 2355 171 2392 23.
198 2342 399 2393 Quaeque]
430 2343 574 2391 Europa
592 2355 636 2380 ex
657 2343 845 2392 adjunffis.
875 2343 1091 2381 Cromnos.

112 2405 170 2439 24.
197 2393 349 2441 Virginea
374 2393 486 2429 tenuit
513 2407 638 2430 cornua
659 2394 755 2442 falsa
773 2394 922 2443 manu.]
952 2399 1093 2430 Cornua

68 2456 156 2480 vara
182 2443 278 2481 idem
305 2444 431 2480 Carrio
464 2445 500 2480 in
530 2444 869 2481 Emendationibus.
896 2445 1092 2492 quomodo

22 2511 25 2531 ι,
66 2494 262 2531 Puteaneus
292 2495 329 2531 ὃς
355 2494 619 2541 Neapolitanus
646 2506 690 2530 ex
711 2494 847 2531 nostris.
876 2494 1095 2535 Arondelia-

69 2555 134 2581 nus
155 2571 164 2588 ‚
193 2557 287 2580 vera.
322 2543 396 2580 duo
423 2544 482 2580 alii
504 2572 514 2587 ‚
550 2557 672 2580 curva.
708 2545 888 2592 Excerpta
914 2544 1094 2589 Douzae,

26 2612 27 2615 =
63 2593 174 2642 preffa.
202 2606 399 2642 perperam.
438 2600 528 2630 Vara
559 2606 695 2631 cornua
724 2595 761 2630 δε
784 2594 910 2643 patula
941 2595 1093 2632 eadem:

70 2643 197 2681 Patulis
217 2657 357 2680 camara
377 2643 666 2693 opponebantur.
688 2645 912 2694 Philargyrus
931 2645 975 2682 ad
993 2646 1096 2694 Virg.

69 2705 130 2731 111.
150 2695 283 2743 Georg.
304 2708 357 2742 55.
378 2695 525 2730 Camari
544 2694 758 2743 bovessant,
786 2696 845 2744 qui
865 2695 1024 2743 conversa
1041 2696 1097 2732 in-

70 2743 194 2789 trorsus
214 2743 336 2780 habent
358 2758 502 2787 cornua;
523 2744 645 2795 quibas
670 2745 832 2781 contrarii
858 2745 971 2794 patuli
991 2773 1000 2790 ,
1036 2746 1098 2796 qui

71 2806 196 2830 cornua
222 2794 354 2843 diversa
383 2795 520 2832 habent.
555 2796 630 2833 vid.
657 2795 801 2832 Festum
835 2796 871 2833 in
901 2796 1032 2844 patulis
1056 2798 1096 2834 &

67 2842 250 2892 propatulo.
275 2850 447 2886 πετκλεὶς
466 2848 502 2883 ὃ(
523 2847 680 2882 oren-ceam
694 2847 840 2883 Graecis
860 2846 984 2883 iidem.
1007 2858 1097 2883 con-

73 2893 203 2931 sulatur
230 2893 429 2940 Hesychius
459 2896 598 2933 Noster.
636 2896 791 2933 eandem
824 2908 957 2933 vocem
990 2910 1098 2932 varus

77 2943 191 2982 Statio
210 2942 409 2982 Bernartius
425 2946 614 2985 redonavit
639 2947 700 2987 lib,
727 2959 781 2985 vr.
809 2947 890 2995 848.
917 2947 980 2986 ubi
1009 2959 1100 2985 vara

1144 782 1297 820 brachia.
1323 783 1396 831 ipse
1424 782 1556 820 Noster
1581 782 1740 819 Metam.
1763 791 1815 818 xx.
1837 790 1896 829 33.
1921 791 2034 830 quem
2053 782 2180 822 locum

1146 834 1276 871 Statius
1296 833 1440 870 videtur
1459 834 1644 870 imitatus:

1194 883 1411 931 Brachiaque
1427 882 1576 930 opposui,
1604 882 1765 931 tenuique
1781 894 1804 919 a
1815 882 1945 931 petiere
1960 895 2068 919 varas

1198 940 1239 970 In
1250 934 1397 981 statione
1413 946 1549 968 manus.

1146 984 1400 1033 Metamorph.
1417 983 1479 1019 lib.
1499 994 1568 1018 xii.
1593 982 1676 1030 382.

1196 1039 1336 1071 Cornua
1357 1046 1447 1070 vara
1465 1031 1566 1068 boam
1585 1032 1696 1068 multo
1713 1031 1888 1080 rabcfarffa
1911 1045 2036 1071 cruore.

1146 1085 1357 1133 Quomodo
1389 1084 1462 1121 illic
1494 1077 1646 1132 quoque
1680 1083 1909 1121 scribendum
1948 1095 1992 1120 cx
2032 1085 2187 1134 vestigiis

1146 1144 1313 1173 veterum
1344 1135 1530 1173 librorum.
1552 1133 1612 1172 lib.
1633 1146 1678 1172 11.
1704 1134 1788 1183 35<·
1809 1134 1854 1172 de
1874 1134 1970 1181 Jove
1991 1135 2029 1171 in
2048 1135 2187 1173 bovem

1147 1195 1314 1224 mutato:

1199 1243 1338 1273 Cornua
1359 1249 1449 1272 vara
1473 1234 1612 1286 qaidem
1625 1264 1634 1280 ,
1656 1236 1719 1284 sed
1737 1249 1824 1286 quae
1847 1234 2042 1272 contendere
2053 1235 2153 1285 peffes

1198 1291 1304 1324 Fabia
1327 1301 1447 1324 manu.

1147 1338 1200 1375 Ita
1220 1340 1376 1387 corrigo.
1397 1347 1514 1387 parva
1535 1349 1634 1375 nunc
1654 1337 1702 1375 ibi
1722 1337 1862 1386 legitur.
1890 1335 1987 1384 apud
2008 1335 2187 1374 Senecam

1145 1401 1296 1438 quoque
1317 1389 1466 1436 Hippol.
1488 1400 1524 1425 v.
1548 1388 1653 1437 1038.
1671 1387 1815 1424 videtur
1838 1386 2107 1435 castigandum:

1198 1445 1301 1475 Stant
1319 1438 1468 1488 hispidae
1485 1452 1604 1482 aures,
1633 1437 1788 1474 cornibus
1806 1438 1903 1473 varis
1922 1436 2019 1473 color.

1146 1490 1297 1538 Vulgari
1318 1490 1441 1525 varius
1459 1489 1544 1526 color
1554 1503 1564 1531 ;
1579 1490 1647 1526 viri
1668 1488 1783 1533 doeh,
1796 1487 1929 1524 orbibus
1948 1486 2071 1523 varius
2089 1485 2188 1524 color⁷

1144 1539 1204 1578 sed
1225 1541 1270 1577 de
1289 1540 1403 1577 oculis
1424 1540 1517 1577 tauri
1545 1551 1635 1577 mox
1663 1540 1790 1588 agitur.
1818 1540 1955 1576 Avien.
1977 1538 2121 1575 Arateis
2141 1537 2187 1575 de

1145 1589 1275 1628 Tauro
1295 1590 1453 1627 coelesti.
1474 1602 1507 1638 p.
1527 1602 1587 1638 92.
1610 1589 1677 1626 Ed.
1701 1591 1808 1626 Grot.

1197 1646 1336 1677 Cornua
1347 1639 1397 1689 stc
1415 1654 1505 1676 vara
1519 1639 1584 1688 sab
1605 1640 1755 1687 imagine
1776 1652 1885 1675 curva
1904 1637 2092 1686 dehiscunt.

1146 1691 1236 1728 Non
1265 1705 1350 1727 vera
1369 1719 1379 1735 ‚
1416 1699 1455 1728 ut
1480 1703 1667 1739 perperam
1698 1702 1797 1727 nunc
1821 1691 1964 1738 legitur.
1991 1689 2078 1725 hinc
2106 1699 2189 1724 ver-

1146 1740 1234 1778 bum
1261 1755 1408 1778 varare:
1438 1741 1533 1790 apud
1563 1741 1825 1790 agrimensores
1852 1743 1889 1777 in
1910 1739 2066 1787 antiquis
2087 1737 2190 1774 codi-

1147 1791 1245 1828 cibus
1264 1792 1390 1828 varari
1405 1791 1555 1841 flamina
1569 1819 1579 1835 ‚
1603 1793 1640 1829 ὃς
1661 1791 1799 1827 varatio
1808 1789 1982 1840 fluminis.
2015 1787 2190 1825 Claudia-

1147 1853 1214 1879 nus
1234 1842 1335 1879 Bello
1359 1842 1496 1880 Getico
1518 1853 1604 1890 413.

1204 1898 1293 1928 Vara
1304 1901 1364 1942 per
1380 1892 1533 1941 obscuras
1549 1901 1711 1941 apparent
1735 1903 1861 1926 cornua
1872 1889 2027 1936 frondes.

1150 1941 1204 1979 Ita
1225 1944 1325 1980 enim
1345 1944 1512 1991 opinatus
1530 1943 1606 1980 sum
1625 1941 1822 1990 aliquando
1842 1941 1914 1988 legi
1936 1940 2068 1977 debere
2081 1967 2090 1983 ,
2110 1949 2189 1976 non

1150 2005 1232 2028 rara
1257 2021 1266 2036 ,
1303 1993 1404 2043 quod
1437 1994 1484 2031 est
1511 1994 1547 2030 in
1576 1993 1728 2040 vulgatis
1750 2019 1761 2035 ‚
1799 2002 1898 2028 nunc
1931 1999 2069 2027 temere
2099 1988 2191 2026 nihil

1151 2042 1305 2080 affirmo.
1331 2044 1475 2081 videtur
1501 2044 1601 2081 enim
1631 2043 1792 2080 imitatus
1811 2042 1976 2079 Maronis
1997 2041 2056 2078 illa
2073 2039 2135 2079 lib.
2158 2051 2190 2077 1.

1151 2093 1307 2130 Aeneid.
1333 2106 1345 2130 1
1359 2095 1415 2131 18.

1203 2148 1381 2192 Apparent
1402 2144 1475 2179 rari
1497 2153 1618 2180 nantes
1635 2142 1673 2179 in
1689 2141 1823 2191 gurgite
1841 2141 1947 2190 vasto.

1151 2193 1248 2230 Vide
1270 2194 1438 2230 Nonium
1458 2194 1494 2230 in
1514 2193 1694 2229 Obvarare
1709 2221 1719 2237 ‚
1747 2196 1786 2229 ὅ(
1804 2204 1898 2241 quae
1921 2198 2013 2229 noto
2032 2191 2190 2228 Metam.

1149 2255 1203 2279 vr.
1236 2244 1362 2299 624&
1391 2257 1443 2280 xr.
1472 2243 1524 2286 ssis.
1555 2244 1613 2291 83.
1644 2242 1669 2280 fi
1691 2243 1770 2292 quis
1791 2255 1880 2280 vero
1899 2242 2082 2290 vulgatam
2101 2241 2188 2277 reti-

1149 2293 1309 2330 nendam
1326 2287 1499 2338 ‘censeam
1528 2307 1653 2330 cornua
1680 2293 1793 2342 falsa,
1822 2292 1939 2342 potest
1958 2304 2039 2329 eam
2064 2291 2191 2333 defen-3

1149 2344 1234 2381 dere
1250 2345 1337 2381 loco
1357 2345 1415 2381 fin
1439 2357 1501 2382 111.
1522 2345 1601 2381 Art.
1618 2345 1708 2381 Am.
1730 2355 1814 2391 250.

1212 2400 1341 2444 Perque
1352 2398 1488 2440 fretum
1499 2395 1590 2444 falso
1609 2394 1725 2431 Sidoni
1742 2395 1841 2429 vecta
1859 2393 1952 2430 bove.

1148 2445 1197 2483 Et
1213 2445 1301 2481 Fan.
1325 2457 1360 2481 v.
1381 2446 1465 2492 605.

1201 2494 1365 2531 Praebuit
1384 2505 1423 2531 ut
1441 2505 1563 2531 taurus
1583 2500 1615 2530 T
1611 2496 1704 2541 yrs'ae
1716 2493 1784 2541 saa
1805 2503 1897 2540 terga
1912 2490 2046 2539 puellae

1250 2546 1393 2594 Jupiter
1405 2572 1415 2587 ‚
1445 2545 1591 2592 &falsa
1612 2557 1737 2579 cornua
1746 2545 1865 2589 fronte
1888 2541 1983 2578 tulit.

1150 2596 1196 2634 Et
1220 2594 1305 2632 Stat.
1330 2607 1359 2631 1.
1380 2595 1478 2643 Sylv.
1499 2607 1543 2630 11.
1568 2605 1647 2642 135.

1202 2645 1320 2692 Falsas
1342 2645 1421 2681 haic
1433 2654 1583 2694 pennas,
1611 2655 1654 2683 ω’
1673 2656 1797 2680 cornua
1806 2642 1960 2690 fitmeret
1979 2640 2136 2678 Aethrae

1205 2698 1332 2732 Κρεῖον.

1151 2745 1239 2783 vid.
1267 2747 1348 2783 infr.
1372 2747 1473 2794 Eleg.
1494 2758 1528 2783 x.
1552 2744 1604 2787 Jl's.
1625 2757 1658 2790 4.
1686 2744 1899 2780 Heinsius.
1926 2743 2060 2779 Douza
2081 2740 2192 2790 preffa

1151 2797 1237 2834 ideo
1259 2797 1406 2834 volebat
1421 2797 1491 2845 legi
1507 2824 1516 2839 ,
1538 2796 1622 2844 quia
1636 2794 1799 2844 fimalato
1817 2791 2070 2842 praecesserat,
2088 2790 2192 2841 quod

1139 2847 1250 2891 *idem
1273 2847 1320 2884 est
1339 2847 1440 2895 quod
1461 2847 1520 2883 hic
1532 2845 1639 2893 falsa.

1204 2909 1261 2944 25.
1291 2903 1360 2932 Nos
1389 2896 1555 2946 qaoque]
1586 2896 1755 2932 Francius
1781 2893 1962 2940 malebat,
1990 2898 2042 2930 Tu
2063 2903 2194 2942 quoque

1146 2955 1208 2998 per
1224 2957 1336 2984 totum
1346 2948 1479 2997 pariter
1498 2945 1691 2984 cantaberis
1708 2944 1832 2985 orbem.
