2553 3676
648 172 1299 239 H'EROIDES.

1375 198 1406 233 E
1444 184 1491 234 P.
1563 191 1657 239 xvj

2110 205 2206 240 201

263 299 330 349 45
369 277 525 335 Haec
551 287 767 347 quoque
791 265 1059 326 1audabas;
1102 266 1358 340 omnique
1384 268 1412 321 a
1436 282 1585 340 parte
1608 273 1890 342 placebam.

433 346 537 401 Sed
564 358 679 397 tum
701 339 1014 414 praecipue,
1053 356 1177 392 cum
1204 339 1263 391 fit
1302 341 1518 395 Amoris
1543 358 1692 416 opus.

339 481 341 484 ,
370 421 430 474 Τ
430 434 531 472 unc
557 427 610 468 te
634 415 748 486 plus
769 413 922 466 solito
948 410 1151 465 lascivia
1174 409 1347 463 nostra
1366 411 1607 480 juvabat,

439 486 750 558 Crebraque
775 483 1036 538 mobilitas
1052 522 1067 545 ‚
1106 488 1333 555 aptaque
1357 483 1516 537 verba
1538 486 1696 555 joco;

366 560 612 632 Quique,
651 558 742 612 ubi
762 558 867 628 jam
890 555 1169 610 amborum
1194 555 1365 609 fuerat
1389 558 1700 629 consumpta
1722 562 1991 634 voluptaS,

263 638 328 701 50'
438 631 702 685 Plurimus
725 630 780 683 in
807 629 929 684 laffo
959 646 1187 699 corpore
1212 628 1435 699 languor
1461 642 1586 683 erat.

359 704 518 758 Nunc
544 702 640 757 tibi
667 702 918 757 Sicelides
945 701 1190 763 veniunt,
1230 719 1367 754 nova
1394 702 1615 773 praeda,
1653 706 1874 776 puellae.

435 775 586 848 Quid
612 775 741 829 mihi
766 793 889 828 cum
919 773 1133 827 Lesbo?
1175 773 1354 826 Sicelis
1378 774 1481 827 effe
1507 777 1648 830 Volo.

350 851 429 904 At
454 866 548 901 vos
573 865 822 903 erronem
845 848 1032 900 tellure
1060 845 1317 900 remittite
1341 846 1606 910 nostrum,

435 919 669 976 Nisiades
693 934 885 975 matres
900 959 914 982 ‚
950 918 1296 989 Niliadesque
1318 936 1496 973 nurus,

68 1122 108 1165 in
124 1134 262 1163 novem
284 1122 468 1162 codicibus
488 1125 585 1173 apud
607 1123 737 1174 Virgil.
766 1138 819 1162 1v.
849 1124 926 1163 Ecl.
954 1123 1104 1161 Sicilides

69 1173 216 1222 Musae,
233 1187 335 1225 *quos
366 1175 537 1213 Heinfius
559 1205 569 1220 ‚
597 1177 689 1214 vidit
710 1204 720 1219 ,
748 1176 879 1220 exstet,
909 1178 946 1212 ὃς
967 1175 1103 1212 Pierius

70 1225 213 1263 testetur
242 1227 278 1263 in
299 1225 476 1276 plerisque
500 1227 654 1275 antiquis
672 1228 817 1274 reperiri
840 1254 849 1269 ‚
885 1226 971 1263 licet
998 1238 1104 1273 repu-

11 1307 13 1311 .
67 1275 154 1314 diet.
190 1276 279 1313 Non
317 1285 440 1314 autem
480 1275 631 1314 voluiise
661 1276 777 1314 modo
813 1275 882 1313 effe
916 1275 1100 1314 Sicilidern

11 1348 13 1364 ε
67 1326 234 1375 Sappho,
262 1326 321 1364 sed
351 1328 460 1365 etiam
492 1327 555 1364 fibi
581 1327 744 1364 exsilium
768 1325 958 1370 indixisse,
988 1328 1025 1363 ὃς
1045 1339 1101 1363 re-

66 1375 150 1415 licta
170 1378 280 1425 patria
301 1376 420 1414 abiiffe
442 1378 480 1414 in
509 1377 690 1420 Siciliam,
719 1384 758 1414 ut
775 1378 925 1414 Phaone
946 1377 1009 1414 suo
1031 1377 1101 1414 frui

67 1425 215 1475 posset,
254 1428 443 1465 Archonte
471 1428 674 1472 Aristocle,
696 1427 805 1464 docet
836 1438 902 1464 nos
934 1428 1101 1464 Marmor

65 1477 356 1515 Arundelianum
385 1479 421 1515 in
452 1479 617 1527 Epocha.
642 1489 699 1527 37.
723 1490 742 1515 a
767 1477 924 1515 Seldeno
948 1477 1102 1515 editum.

64 1526 139 1565 vid.
156 1529 325 1566 Marmor
347 1529 475 1566 Oxon.
497 1541 531 1577 p.
555 1530 633 1575 164.
660 1528 763 1577 quod
784 1528 906 1566 nescio
936 1540 981 1566 an
1005 1529 1103 1577 quis—

63 1588 177 1627 quam
199 1588 383 1628 praeterea
401 1580 605 1616 memoriae
626 1578 837 1627 prodiderit.
865 1579 1049 1616 Burman.

117 1642 175 1677 52.
202 1630 315 1665 Sicelis
332 1629 387 1677 effe
405 1628 511 1678 vola]
531 1629 653 1678 Fingit
669 1629 860 1666 Phaonem
879 1629 928 1666 ita
946 1629 1105 1678 loquen-

66 1685 156 1716 tem.
187 1679 401 1716 Cioranus.

119 1740 177 1776 53.
206 1735 235 1764 O
274 1744 334 1765 vos
375 1743 524 1766 erronem
563 1728 684 1765 tellure
711 1727 880 1765 remittite
910 1727 1101 1777 nostrum]

63 1776 141 1826 Alii
156 1805 166 1821 ,
196 1784 225 1813 O
245 1792 305 1813 vos
326 1792 488 1815 erronem.
517 1780 633 1817 Vetus
649 1779 781 1816 leffio:

116 1833 188 1862 Nec
203 1841 265 1862 vos
280 1841 432 1864 erronem
449 1829 571 1864 tellure
589 1829 769 1865 admittite
790 1828 950 1874 nostrum.

64 1875 285 1917 Eam-rius.
313 1877 503 1925 Quidam,
533 1883 605 1913 Nec
631 1891 692 1913 vos
713 1892 865 1915 erronem
896 1879 1017 1916 tellure
1037 1880 1103 1916 ad-

62 1927 196 1966 mittite
213 1927 361 1972 nostrum
383 1943 393 1963 :
429 1939 518 1976 pro,
545 1939 623 1965 non
643 1928 794 1976 recipite
819 1929 865 1965 ad
886 1941 964 1966 vos.
992 1931 1102 1977 Quae

62 1978 174 2018 lectio
202 1978 384 2016 rationem
413 1979 573 2027 aliquam
601 1978 720 2015 habet.
756 1978 947 2016 Domitius
977 1989 1101 2017 autem

62 2039 131 2078 pro
148 2033 332 2072 Erronem,
360 2033 520 2064 Errorem
538 2028 736 2077 legendum
766 2029 978 2073 contendit,
1007 2030 1103 2068 mul-

62 2087 174 2128 taque
198 2079 300 2128 super
327 2091 368 2116 ea
396 2078 558 2116 leffione
578 2081 702 2127 inepte
726 2088 892 2128 nugatur.
920 2081 1002 2128 Ego
1020 2080 1102 2118 vul-

62 2137 184 2179 gatam
217 2130 255 2165 ὃς
285 2129 453 2166 Aldinam
478 2129 679 2167 lectionem
704 2129 846 2179 sequor.
876 2130 969 2168 lllud
987 2132 1101 2180 magis

63 2179 226 2217 dubitare
244 2179 366 2224 soleo,
395 2189 516 2217 utrum
547 2177 678 2227 Vestra,
707 2192 773 2228 pro
793 2180 956 2228 Nostrum
977 2183 1100 2229 potius

61 2226 260 2279 legendum
279 2229 332 2267 sit.
359 2239 399 2267 ut
419 2230 460 2267 fit
481 2230 596 2268 ordo:
629 2231 665 2267 O
689 2243 755 2267 vos
778 2231 919 2268 Siculae
937 2260 946 2275 ‚
974 2234 1101 2270 remit-

65 2281 130 2319 tite
155 2309 164 2324 ,
199 2280 272 2316 five
301 2281 483 2318 excludite
510 2281 624 2318 vestra
651 2281 778 2319 tellure
799 2293 982 2320 erronem.
1010 2284 1100 2321 Hoc

66 2331 165 2368 enim
187 2331 299 2379 magis
321 2332 545 2380 cogitatione
563 2331 960 2380 dignumMicrttus.
988 2339 1018 2369 O
1038 2348 1100 2371 vos

65 2393 212 2419 erronem
232 2381 352 2418 tellure
380 2382 545 2418 remittite
573 2382 746 2428 nostrum,
766 2382 922 2432 Nifiades
949 2394 1098 2430 matres,

67 2430 284 2481 Nzfiadesque
310 2446 428 2470 nurus.
458 2431 573 2470 Recte
598 2433 648 2470 ita
676 2433 873 2482 legendum
891 2434 1100 2484 judicarunt

66 2483 133 2520 viri
155 2483 277 2526 docti,
305 2481 402 2520 male
427 2483 528 2520 aliter
549 2484 751 2521 Domitius.
775 2484 928 2529 Tellure,
942 2485 1101 2523 Subaudi

66 2531 207 2577 Sicula,
235 2534 296 2571 ubi
324 2534 452 2571 Phaon
481 2543 745 2572 commoratur.
775 2534 943 2573 CrorAN.
972 2536 1102 2585 Scripti

68 2584 260 2632 nonnulli:

69 2636 74 2637 ⁷
117 2641 172 2672 At
191 2649 252 2672 vos
272 2648 417 2673 errorem
438 2635 557 2673 tellure
574 2635 741 2674 remittite
760 2636 924 2684 vestrum.

21 2706 23 2721 ,
67 2682 162 2723 Puto
178 2699 186 2723 :

117 2752 172 2783 At
189 2747 298 2794 vestra
318 2763 470 2788 erronem
492 2751 613 2788 tellure
634 2751 801 2788 remittite
820 2750 982 2799 nostrum.

21 2802 23 2851 ἶ
65 2807 163 2863 vd,
190 2809 215 2845 fi
243 2813 430 2860 vulgatum
453 2815 552 2853 malis
571 2844 581 2860 ,
608 2822 680 2852 Nec
707 2815 819 2863 vestra
847 2828 1011 2852 erronem.
1038 2824 1103 2862 per

22 2864 23 2870 ¹
66 2855 230 2915 ,Nisiadas
253 2870 373 2900 autem
402 2876 529 2902 matres
552 2867 779 2915 Megarenses
805 2866 977 2902 littorales
996 2864 1102 2902 intel-

22 2948 23 2952 ,
66 2908 132 2956 ligi
153 2919 227 2944 non
251 2910 298 2946 est
317 2911 477 2952 dubium.
504 2917 655 2965 Megara
686 2917 787 2954 enim
814 2916 952 2952 Siciliae
975 2923 1100 2962 portus

69 2956 91 2996 Ξι
113 2958 271 3006 Megaris
295 2961 442 3007 Atticis,
466 2977 559 3013 quae
579 2969 616 3004 &
637 2966 747 3004 Nise-a
767 2966 860 3003 dieta
881 2966 1100 3014 antiquitus,

24 3010 25 3014 ’
71 3006 93 3045 a
112 3008 201 3045 Niso
223 3019 317 3056 rege.
339 3010 508 3065 Sequenti
527 3017 741 3062 versu‚Neu
762 3031 824 3053 vos
841 3016 1011 3065 decipiant
1031 3024 1101 3052 tres

70 3057 159 3096 libri.
187 3059 339 3096 Severus
359 3072 395 3096 in
422 3063 571 3102 Aetna:-

120 3124 192 3154 Nec
211 3130 243 3155 te
263 3120 432 3170 decipiant
445 3121 558 3168 stolidi
578 3129 756 3168 mendacia
775 3130 887 3179 vulgi.

71 3181 209 3217 Erronis
232 3193 306 3218 vox
335 3183 539 3222 etiamnum
567 3196 731 3236 corrupta
749 3192 788 3228 in
807 3192 904 3232 Diris
927 3194 1101 3240 Catonis,

26 3270 27 3275 ,
73 3229 136 3279 {ibi
157 3231 398 3282 castigandum
413 3245 420 3270 :

2083 987 2215 1057 Neu

1213 1127 1284 1158 Nec
1305 1122 1428 1170 nostros
1439 1120 1575 1170 servire
1585 1119 1710 1171 sinant
1726 1117 1902 1159 errbnibus
1917 1116 2026 1169 agrios.

1159 1171 1207 1209 Et
1229 1173 1325 1221 apud
1345 1173 1534 1211 Claudian.
1559 1185 1613 1209 vx.
1633 1173 1741 1210 Cons.
1767 1173 1872 1209 Hon.
1893 1172 1975 1217 624.

1212 1229 1383 1260 Ars-natos
1401 1223 1456 1259 hic
1468 1224 1564 1272 [ηερε
1581 1222 1714 1267 choros,
1744 1232 1900 1272 certaque
1919 1219 2081 1269 vagandi

1213 1280 1338 1310 Textas
1355 1274 1421 1321 lege
1434 1275 1542 1321 ficgas
1556 1301 1565 1317 ,
1592 1272 1847 1323 inconficfhsque
1867 1271 2039 1319 recursus,

1209 1329 1257 1360 Et
1267 1324 1435 1372 pulchras
1450 1336 1609 1360 erronum
1630 1323 1735 1367 acies,
1757 1321 1984 1372 jucundaque
2002 1320 2135 1359 Martis
2206 1321 2214 1324 ⁴

1213 1374 1410 1410 Cernimus.

1158 1424 1235 1461 Ubi
1262 1425 1337 1472 pari
1364 1424 1481 1462 modo
1513 1427 1550 1462 in
1569 1424 1722 1473 vulgatis
1742 1432 1921 1472 peccatur.
1948 1423 1987 1460 P.
2008 1421 2206 1471 Nigidium

1157 1475 1320 1512 Planetas
1338 1474 1448 1513 stellas
1471 1480 1616 1512 Errones
1636 1473 1825 1523 appellasse
1841 1473 1957 1519 ,testis
1975 1473 2023 1510 est
2045 1475 2091 1510 A.
2115 1472 2206 1509 Gel-

1156 1525 1224 1562 lius
1253 1525 1313 1562 lib.
1340 1538 1405 1562 111.
1436 1537 1514 1574 cap.
1546 1539 1580 1563 x.
1611 1527 1649 1562 ὃ(
1670 1526 1845 1562 Horatius
1866 1538 1912 1563 11.
1934 1524 2004 1561 Sat.
2025 1535 2097 1560 vn.
2122 1533 2206 1571 113.

1158 1576 1303 1613 servum
1322 1576 1545 1624 fugitivum,
1573 1581 1739 1612 Erronem
1768 1584 1890 1614 vocat.
1917 1573 1992 1613 vid.
2023 1574 2207 1612 Stewech.

1160 1625 1206 1663 ad
1224 1626 1365 1663 Arnob.
1387 1638 1422 1674 p.
1443 1638 1498 1674 54.
1527 1627 1729 1662 Hsmsws

1211 1688 1268 1723 54.
1297 1675 1453 1724 Nifiades
1471 1686 1621 1720 matres,
1650 1676 1870 1725 Sicelidesque
1887 1674 2036 1724 nurum]
2069 1673 2163 1711 Alii:

1261 1725 1419 1775 Nisiades
1435 1737 1585 1769 matres,
1615 1725 1836 1776 Nisiadesque
1856 1739 1977 1762 nurus.
2190 1774 2193 1775 ⁷

1158 1776 1214 1814 Ut
1233 1775 1275 1813 fit
1290 1777 1545 1825 geminatione
1559 1776 1758 1824 jucundius
1787 1787 1946 1813 carmen.
1973 1774 2208 1812 Eeuums:

1158 1827 1206 1864 Et
1233 1827 1294 1866 hic
1321 1827 1381 1864 alii
1410 1827 1608 1875 posteriore
1634 1826 1722 1862 loco
1749 1837 1816 1873 pro
1844 1822 2021 1872 Nisiades,
2050 1823 2206 1860 Sicelides

1156 1876 1294 1926 legunt.
1317 1877 1387 1915 Sed
1409 1878 1523 1926 magis
1543 1876 1662 1925 placet
1676 1877 1818 1921 σχῆμα.
1842 1873 1936 1911 illud
1957 1874 2071 1922 magis
2091 1885 2207 1923 quae-

1158 1927 1338 1972 rendum,
1366 1927 1464 1965 unde
1492 1928 1609 1965 Poeta
1640 1924 1805 1975 Nifiadas
1832 1925 1892 1963 hic
1910 1932 2022 1962 vocet
2045 1924 2203 1962 Siculas:

1160 1989 1245 2015 cum
1264 1978 1348 2016 alias
1362 1978 1436 2015 hoc
1453 1979 1609 2015 nomine
1629 1985 1832 2020 vocentur,
1852 1987 1948 2025 quae
1969 1975 2114 2012 Baccho
2137 1975 2203 2012 de-

1158 2028 1253 2066 ditae
1279 2029 1382 2072 sunt,
1410 2037 1472 2066 aut
1501 2036 1708 2076 operantur.
1744 2029 1798 2064 Ac
1832 2027 2022 2063 Domitius
2048 2025 2202 2074 quidem

1159 2079 1245 2127 (qui
1267 2087 1391 2116 tamen
1408 2079 1481 2127 ipse
1511 2090 1587 2116 non
1616 2076 1794 2126 Nzfiades,
1823 2077 1882 2114 sed
1906 2075 2064 2125 Ncfiades
2090 2076 2205 2124 legit)

1159 2128 1344 2177 duplicem
1376 2129 1646 2178 etymologiam
1678 2128 1781 2166 affert
1806 2141 1814 2165 :
1850 2128 1998 2164 alteram
2021 2126 2039 2164 a
2066 2126 2204 2164 Nefide

1156 2179 1267 2216 insula
1298 2181 1524 2227 Campaniae
1547 2207 1557 2223 ,
1594 2180 1695 2228 cujus
1736 2186 1875 2227 praeter
1915 2187 2054 2215 ceteros
2089 2178 2202 2215 etiam

1155 2229 1246 2266 Plin.
1267 2230 1439 2267 meminit
1460 2229 1520 2266 lib.
1547 2241 1604 2275 19.
1625 2241 1654 2266 c.
1676 2230 1710 2266 8.
1729 2231 1828 2267 Nam
1849 2230 1936 2266 hinc
1958 2231 1995 2265 &
2018 2227 2173 2275 Scyllam
2187 2253 2201 2270 ‚

1157 2279 1334 2328 Neseidem
1351 2282 1491 2318 Poe'tae
1507 2287 1666 2323 vocant,
1695 2280 1825 2329 inquit.
1859 2279 2019 2316 Alteram
2039 2277 2058 2314 {1
2085 2275 2200 2324 Neſsa,

1155 2343 1267 2379 quam
1297 2331 1371 2379 ipse
1401 2332 1616 2379 regionem,
1638 2331 1731 2368 circa
1770 2334 1924 2368 Aetnam
1944 2359 1953 2373 ‚
1983 2336 2200 2365 montanam

1156 2379 1226 2418 effe
1244 2381 1351 2424 dicit,
1380 2390 1508 2419 autore
1529 2381 1715 2419 Strabone.
1746 2382 1792 2419 Et
1810 2382 1900 2418 haec
1920 2381 1967 2416 illi
1992 2380 2101 2425 magis
2124 2377 2202 2424 pla-

1158 2441 1238 2476 cet,
1265 2441 1457 2481 propterea
1476 2461 1486 2477 ‚
1514 2432 1616 2481 quod
1646 2440 1726 2469 tum
1756 2433 1880 2469 Phaon
1914 2432 2004 2467 circa
2031 2428 2197 2466 Aetnam

1157 2483 1314 2520 versatus
1337 2484 1455 2521 fuerit.
1485 2483 1554 2520 Sed
1583 2494 1672 2530 pace
1696 2483 1785 2519 tanti
1810 2483 1897 2524 viri,
1925 2488 2051 2516 neutra
2068 2479 2200 2531 Irarum

1156 2534 1333 2582 procedit.
1362 2534 1461 2569 Nam
1483 2532 1503 2569 a
1529 2533 1662 2569 Neside
1690 2532 1824 2574 insula,
1850 2530 2049 2567 secundum
2070 2540 2199 2566 exem-

1155 2584 1259 2632 plum
1273 2584 1398 2633 ,quod
1419 2583 1489 2631 ipse
1511 2581 1703 2630 producit;
1733 2593 1809 2618 non
1837 2579 2016 2627 Nefiadcs,
2045 2579 2105 2616 sed
2126 2585 2199 2615 Ne-

1151 2634 1260 2683 seides
1293 2634 1492 2672 dicendum
1527 2641 1611 2669 erat.
1668 2632 1712 2667 Et
1755 2631 1937 2668 Strabonis
1974 2629 2169 2667 auctoritas
2187 2634 2204 2674 ‚'

1158 2697 1272 2734 quam
1297 2685 1401 2733 super
1427 2683 1536 2721 Nesia
1569 2685 1711 2720 Aetnae
1741 2682 1891 2730 regione
1921 2680 2070 2728 allegat.
2098 2679 2200 2718 nulla

1160 2735 1222 2774 est.
1243 2736 1295 2773 Ita
1309 2737 1408 2773 enim
1419 2734 1515 2784 apud
1529 2734 1743 2771 Strabonem
1756 2732 1905 2781 legitur:
1920 2731 1965 2766 Οἱ
1983 2731 2023 2765 δὲ
2034 2729 2200 2767 Αἷτναιῖαι

1158 2788 1498 2832 παραχωρήσαντες,
1510 2777 1729 2825 ‘redimerunt
1741 2784 1959 2828 κκλουμένην
1978 2782 2042 2823 τῆς
2061 2781 2198 2823 Αἴτνης

1159 2837 1283 2881 ὀρεινὴν
1301 2838 1451 2879 annexu,
1465 2837 1524 2870 καὶ
1543 2835 1822 2878 προσηγόρευσαν
1842 2835 1882 2869 τὸ
1903 2832 2026 2877 χωρίον
2046 2833 2197 2875 Αἰτνκν,

1160 2889 1232 2925 &c.
1261 2887 1408 2935 Jnnesan
1435 2894 1544 2923 vocat
1576 2886 1700 2922 Strabo
1724 2913 1734 2928 ,
1770 2896 1880 2934 quam
1914 2883 2126 2926 Domitius,
2155 2883 2196 2918 δε

1158 2939 1222 2987 qui
1249 2949 1335 2975 eum
1367 2938 1586 2986 sequuntur,
1616 2934 1765 2984 Nefiam.
1797 2934 1871 2971 Nifi
1897 2935 1977 2984 qais
2005 2935 2077 2986 hoc
2105 2944 2194 2969 con-

1157 2988 1282 3026 tendat
1297 2989 1524 3036 ,scripturam
1546 2994 1753 3034 corruptam
1776 2985 1845 3023 effe
1860 3015 1869 3029 ,
1888 2991 1924 3022 ὃ(
1947 2984 2192 3037 prodituram,

1158 3040 1293 3078 Nnoixv
1317 3037 1529 3087 legendum.
1556 3036 1658 3086 quod
1685 3037 1858 3086 equidem
1879 3036 2031 3072 aliorum
2050 3032 2193 3081 judicio

1158 3090 1337 3139 relinquo.
1367 3091 1447 3138 Ego
1476 3100 1565 3125 vero
1593 3089 1628 3125 in
1654 3099 1735 3124 eam
1754 3088 1971 3136 opinionem
1988 3084 2113 3137 venire
2136 3080 2193 3135 so-

1157 3141 1243 3184 leo,
1271 3151 1312 3178 ut
1340 3139 1526 3183 dubitem,
1556 3146 1677 3176 utrum
1710 3138 1755 3175 de
1781 3134 2044 3185 ⁴vlegarem'i'mis
2062 3130 2195 3186 intelli?

1157 3203 1243 3240 gere
1272 3192 1389 3228 Poeta
1418 3190 1586 3227 voluerit.
1627 3189 1722 3225 Nam
1760 3189 1798 3225 δε
1830 3188 1867 3223 hi
1896 3184 1954 3221 sub
1988 3184 2107 3235 Aetna
2136 3180 2192 3218 siti

1158 3243 1261 3282 fuere
1271 3254 1283 3292 :¹
1307 3240 1497 3291 iidemque
1515 3251 1644 3282 eorum
1658 3267 1670 3284 ‚
1696 3239 1759 3286 qui
1778 3239 1818 3276 in
1834 3235 1955 3275 Attica
1973 3232 2193 3273 Libit-irunt.

1656 3290 1689 3326 C
1709 3299 1728 3323 c
2029 3281 2196 3328 ἀπόγονοι
