2553 3676
695 195 756 253 P.
831 189 1250 250 OVIDII

1322 189 1852 248 NASONIS

501 289 771 362 Vipereos
795 284 985 342 dentes
1008 286 1066 340 in
1088 285 1318 340 humum
1339 301 1441 357 pro
1465 285 1666 340 semine
1686 283 1882 356 jaclOS,

578 360 651 417 Et
677 359 850 415 subito
874 371 1029 414 natos
1053 376 1197 414 arma
1222 358 1394 413 tuliss'e
1422 359 1593 413 viros:

396 456 419 505 3
433 455 461 507 5
501 435 832 505 Terrigenas
856 433 1085 506 populos
1100 473 1117 498 ,
1155 432 1299 488 civili
1322 431 1506 486 Marte
1529 444 1835 504 peremtOS,

578 506 818 579 Implesse
843 506 1029 561 aetatis
1052 505 1159 561 fata
1184 506 1374 560 diurna
1399 504 1535 559 suae.

510 578 746 637 Devicto
770 580 1044 653 serpente,
1082 579 1308 643 iterum,
1344 577 1383 633 fi
1405 578 1551 633 Vivat
1571 578 1746 644 Iason,

588 654 926 727 Quaerimus.
966 654 1227 709 alternant
1253 652 1477 725 spesque
1507 653 1781 727 timorque
1806 654 1993 712 fidem.

512 728 730 798 Singula
757 728 888 782 dum
914 728 1121 788 nari-arg
1163 725 1341 780 studio
1368 725 1632 799 cursuque
1656 727 1947 801 loquendi,

400 819 472 873 40

581 801 810 872 Detegit
833 800 1054 871 ingenio
1079 799 1301 853 Vulnera
1327 797 1465 854 13013
1488 799 1600 853 su0.

514 872 672 929 Heu!
716 873 808 928 ubi
833 872 983 945 pacta
1007 871 1172 926 fides?
1213 871 1306 926 ubi
1333 872 1670 927 connubialia
1688 872 1836 944 jura?

587 946 807 1020 Faxque
831 946 925 1001 sub
950 945 1157 1001 arsuros
1183 945 1400 1017 dignior
1424 946 1502 1000 ire
1527 947 1724 1017 rogos?

513 1018 646 1077 Non
670 1038 774 1092 ego
798 1018 914 1075 sum
935 1019 1082 1075 furto
1107 1018 1206 1074 tibi
1234 1019 1468 1091 cognita.
1542 1018 1749 1075 ronuba
1765 1018 1915 1092 Juno

589 1092 816 1162 Adfuit,
856 1093 913 1151 &
936 1092 1087 1150 sertis
1111 1106 1359 1166 tempora
1385 1091 1507 1152 vine
1533 1109 1594 1149 us
1616 1092 1863 1168 Hymen.

240 1333 243 1335 ,
274 1294 407 1346 Jungis
426 1293 602 1346 a'e'nipedes
619 1293 777 1342 inadusto
795 1304 923 1347 corpore
941 1297 1073 1335 tauros}

224 1347 439 1397 Quomodo
459 1349 499 1386 δε
517 1348 591 1385 illic
606 1345 852 1386 scribendum.
877 1351 1005 1385 ae'neus
1024 1350 1064 1387 ὅς
1082 1349 1193 1386 α’ἐπιις
1208 1360 1277 1398 pro

223 1410 344 1438 aeneo
365 1399 491 1449 passim
510 1399 663 1437 Po'e'tae.
690 1399 867 1438 Martialis
888 1399 1190 1449 Spectaculorum
1210 1401 1281 1449 Ep.

224 1461 354 1489 xxvix.
382 1449 552 1501 Ignipedes
573 1458 684 1488 vocat
702 1450 771 1487 hos
792 1458 937 1490 tauros:

280 1501 450 1552 Ignipedes
462 1500 562 1552 poffiet
572 1499 648 1551 sine
666 1500 828 1538 Colchide
848 1502 987 1539 vincere
1004 1511 1136 1540 tauros.

227 1551 301 1590 Sed
342 1552 430 1591 vide
465 1565 514 1590 ne
552 1554 590 1591 &
623 1551 698 1590 illic
722 1553 913 1604 Aenipedes
936 1553 979 1591 fit
1007 1551 1282 1602 corrigendum.

225 1615 458 1653 quamquam
484 1603 653 1653 Ignipedes
671 1602 757 1652 fhlis
776 1604 854 1653 equi
874 1604 1017 1642 Nasoni
1036 1605 1075 1642 &
1094 1604 1210 1642 Statio
1228 1605 1286 1643 di·-

228 1662 381 1699 cantur,
397 1654 443 1692 de
461 1666 538 1703 quo
563 1655 723 1692 Metam.
745 1667 790 1692 11.
810 1666 847 1691 v.
869 1666 954 1704 392.
975 1654 1155 1694 dicemus.
1178 1655 1288 1693 Aeri-

222 1705 346 1755 pedem
364 1717 506 1742 cervam
530 1704 641 1742 habes
662 1704 762 1752 apud
791 1705 922 1755 Virgil.
944 1705 1106 1745 Aeneid.
1123 1717 1178 1745 vx.
1201 1706 1288 1756 803.

231 1756 379 1794 1111000
408 1755 586 1793 Martialis
606 1755 751 1804 jungere
777 1765 896 1794 tauros
921 1770 989 1806 pro
1022 1758 1161 1795 vincere
1188 1757 1291 1796 casti-

231 1806 397 1856 gandum
423 1806 522 1843 10610
542 1805 636 1843 vidit
664 1807 893 1846 Gronovius.
921 1809 1097 1858 Hyginus
1120 1821 1130 1845 z
1168 1814 1293 1858 Itaque

233 1863 341 1896 AEeta
370 1856 499 1906 Jafimi
526 1854 618 1893 hanc
639 1854 862 1906 simultatem
897 1858 1070 1906 constituit
1092 1888 1104 1906 ‚
1131 1857 1168 1908 fi
1186 1859 1293 1896 vellet

174 1949 177 1952 ,
229 1908 356 1959 pellem
373 1918 542 1946 auratam
561 1908 720 1954 anferre,
749 1919 868 1946 tauros
893 1910 1080 1960 aeripedes,
1109 1910 1170 1962 qui
1180 1909 1294 1961 flam-

236 1971 315 1998 mas
331 1959 476 1997 naribus
484 1958 690 2010 spirabant,
711 1960 886 2010 jungeret.
914 1962 1138 2000 Hfimsws.

291 2022 351 2056 37.
379 2011 527 2048 Devicta
547 2010 751 2061 sterpetum]
793 2012 852 2050 Sic
880 2013 919 2050 in
947 2014 1149 2052 nonnullis.
1174 2012 1236 2052 sed
1257 2013 1297 2051 &

237 2062 338 2102 1οέἶο
363 2062 520 2100 devictus
537 2063 684 2112 serpens.
715 2064 974 2102 NAUGERIUS.
1002 2065 1057 2102 Ita
1080 2064 1234 2115 quidem
1256 2065 1297 2102 in

238 2113 387 2153 Aldinis
410 2114 544 2163 legitur
567 2143 577 2158 ,
615 2122 657 2151 111
683 2113 724 2152 111
760 2114 907 2160 sensus;
946 2116 1142 2166 postquam
1169 2123 1297 2154 autern

239 2163 418 2203 audissem
439 2164 591 2203 tandem
615 2166 728 2203 etiam
747 2165 940 2204 devictum
959 2168 1174 2206 Draconem
1191 2194 1201 2210 ,
1222 2165 1298 2203 five

242 2216 461 2265 Serpentem
478 2244 487 2260 ‚
515 2228 534 2254 a
554 2228 631 2266 quo
656 2216 926 2256 custodiebatur
954 2219 1093 2262 vellus,
1123 2218 1194 2255 &c.
1224 2217 1299 2254 Ite-

244 2279 329 2306 rum
344 2297 354 2314 ‚
376 2280 462 2317 prae
477 2269 615 2306 timore
633 2280 675 2305 ac
692 2268 937 2307 sollicitudine
956 2269 1113 2313 scilicet,
1142 2280 1298 2319 quaero,

245 2330 341 2357 num
372 2320 475 2357 vivat
503 2319 612 2367 Jason
644 2320 717 2357 &o
760 2320 837 2358 Alii
862 2329 989 2358 autem
1028 2320 1207 2358 clevatum
1225 2319 1302 2369 ser-

239 2380 380 2421 pentem
395 2370 544 2420 legunt,
572 2378 613 2408 ut
639 2382 725 2408 011111
754 2371 1055 2419 praecedentibus
1085 2373 1301 2418 cohaereat,

249 2421 291 2460 &
312 2421 354 2459 fit
371 2422 490 2460 ordo:
519 2421 585 2460 Ille
600 2423 740 2460 rettulit
758 2422 947 2472 aeripedes
967 2423 1105 2467 boves,
1132 2423 1304 2473 vipereos

251 2473 381 2512 dentes
401 2501 412 2519 ,
451 2474 489 2511 &
528 2485 576 2511 ex
614 2474 656 2511 iis
683 2482 844 2512 armatos
876 2476 974 2514 viros
1002 2473 1022 2513 ὲ
1047 2483 1141 2513 terra
1172 2482 1304 2521 natos,

254 2537 346 2563 mox
373 2537 393 2562 a
420 2523 456 2562 se
481 2534 616 2563 mutuo
646 2526 890 2575 interemptos
911 2542 921 2571 ;
960 2526 1148 2576 postremo
1169 2528 1207 2564 &
1229 2527 1310 2565 Ser-

256 2584 408 2623 pentem
423 2605 434 2620 ,
451 2575 526 2616 five
546 2576 765 2615 Draconem
787 2577 991 2616 devietum.
1020 2579 1147 2629 Atque
1176 2578 1226 2616 ibi
1253 2586 1310 2617 ta·

259 2637 349 2663 men
374 2638 444 2676 ego
479 2628 614 2666 iterum
641 2628 805 2678 quaesivi
835 2630 907 2668 &c.
943 2628 1004 2667 sed
1030 2630 1123 2667 haec
1152 2642 1229 2668 non
1259 2631 1309 2668 ita

259 2678 388 2725 magni
408 2680 606 2718 momenti.
634 2681 734 2718 Mihi
754 2689 883 2720 tamen
903 2680 1041 2720 Aldina
1062 2680 1174 2720 lectio
1195 2682 1310 2732 magis

261 2729 447 2778 probatur.
474 2731 702 2769 Miseritus.

317 2790 377 2828 39.
405 2781 525 2817 studio
544 2782 706 2834 cursuque
727 2783 900 2837 loquendi.
912 2782 932 2835 ]
957 2783 1059 2824 Vide
1082 2784 1129 2825 ad
1149 2784 1261 2835 Epist·
1278 2796 1317 2825 V·

266 2840 349 2871 121.
375 2830 542 2878 Juvenal.
560 2846 640 2871 xiv.
664 2835 723 2872 26.

456 2885 566 2939 'Qae
585 2898 769 2935 nunquam
787 2898 962 2926 maternos
980 2888 1088 2926 dicere
1108 2887 1261 2928 moechos

321 2937 410 2970 Tam
434 2945 517 2977 cito,
547 2949 604 2971 nec
620 2946 719 2972 tanto
731 2939 856 2988 poterit
874 2950 1048 2977 contexere
1066 2941 1178 2991 cursu.

268 2983 419 3023 Deinde
448 2986 548 3023 mulo
570 3015 580 3030 ,
616 2988 751 3037 Detegit
776 2989 908 3037 ingenio
933 2991 1085 3028 vulnera
1114 2991 1226 3040 nostra
1244 2992 1321 3039 fito-

272 3036 329 3074 Ut
355 3037 393 3074 111
421 3036 558 3074 Aldina
574 3066 583 3081 ‚
613 3039 782 3087 Micylli,
813 3042 970 3090 Gryphii
993 3043 1032 3078 &
1048 3043 1124 3079 aliis
1146 3042 1322 3080 editioni-

2309 1168 2396 1226 At.

1331 1309 1413 1338 rem
1432 1297 1497 1349 ipfi
1515 1298 1628 1338 fidem
1646 1297 1768 1337 habeo
1781 1327 1791 1344 ,
1812 1308 1927 1349 quam
1947 1295 1974 1335 fi
1995 1294 2208 1336 subornatus
2228 1295 2267 1336 δε
2287 1302 2398 1336 00111ἑ

1332 1349 1450 1400 pofita
1475 1351 1515 1388 &
1535 1350 1711 1389 meditata
1730 1351 1902 1388 oratione
1922 1349 2016 1386 mihi
2047 1348 2085 1386 id
2107 1361 2295 1398 exponere
2312 1359 2398 1389 ten-

1333 1399 1449 1440 taffet.
1476 1403 1527 1440 ita
1556 1401 1664 1440 crines
1692 1401 1825 1450 ingenio
1851 1400 1916 1450 sico
1936 1398 2057 1450 flexi,
2094 1399 2132 1438 id
2160 1401 2209 1439 est
2237 1401 2396 1450 sponte,

1335 1452 1451 1542 {nefin
1445 1461 1521 1491 arte
1543 1480 1555 1498 ,
1597 1453 1778 1492 Petronio
1814 1464 1893 1501 cap.
1937 1452 2018 1489 126.
2056 1451 2248 1491 Claudiam.
2287 1465 2320 1492 1.
2356 1454 2397 1497 m

1375 1517 1400 1544 u
1456 1534 1464 1542 .
1482 1516 1570 1543 210.

1391 1569 1458 1605 Hic
1478 1568 1625 1606 radiant
1639 1568 1743 1620 flores
1754 1598 1765 1616 ,
1792 1578 1838 1610 &¹
1846 1566 1948 1620 prati
1963 1567 2056 1606 viva
2073 1566 2235 1619 voluptas

1395 1619 1531 1667 Ingenio
1549 1621 1698 1656 variata
1707 1622 1785 1669 suo.

1342 1680 1392 1718 Et
1412 1679 1485 1728 leg.
1511 1691 1568 1728 19.
1590 1682 1626 1722 §.
1650 1694 1681 1720 1.
1703 1681 1744 1721 ff.
1763 1680 1809 1718 de
1829 1680 1941 1719 Offic.
1960 1680 2115 1720 Praefid.
2130 1687 2186 1718 Ita
2200 1683 2262 1730 jus
2276 1683 2403 1719 reddat

1345 1741 1387 1768 ut
1412 1731 1660 1770 austeritatem
1689 1732 1874 1782 dignitatis
1895 1732 2027 1780 ingenio
2045 1732 2108 1782 suo
2127 1742 2265 1782 augeat.
2291 1734 2404 1771 &ita

1348 1790 1477 1820 contra
1505 1782 1638 1832 ingenio
1666 1783 1778 1820 alieno
1800 1783 1987 1831 formabat
2020 1784 2188 1820 orationes
2219 1790 2263 1824 ’ω’
2291 1784 2405 1821 edicta

1348 1833 1603 1873 Domitianus.
1618 1834 1707 1873 teste
1724 1835 1877 1872 Sueton.
1896 1846 1972 1883 cap.
1986 1846 2044 1871 zo.
2066 1834 2152 1871 vide
2164 1833 2210 1872 ad
2222 1835 2406 1883 Quincstil.

1347 1896 1440 1922 vm.
1463 1897 1498 1921 2.
1531 1885 1777 1933 Capoferreus
1798 1885 1837 1921 in
1858 1884 2021 1932 Epistola
2039 1884 2086 1922 ad
2104 1885 2304 1924 Heinfium
2327 1897 2407 1923 ma·-

1346 1935 1467 1980 lebat,
1483 1936 1620 1983 Detegit
1640 1934 1784 1983 ingenuo
1809 1933 1961 1972 vulnera
1983 1936 2086 1982 falfa
2105 1946 2186 1974 toro.
2214 1937 2277 1975 sed
2295 1936 2411 1976 auda·

1353 1987 1450 2030 cius,
1478 1997 1591 2035 quam
1609 1994 1649 2023 ut
1669 1986 1881 2035 probemus.
1910 1986 2184 2025 BURMANNUS.

1400 2048 1461 2083 41.
1487 2043 1563 2073 Heu
1589 2036 1649 2074 ubi
1669 2039 1777 2086 pastu
1796 2036 1923 2087 fide5.]
1953 2045 2046 2075 Hetts
2073 2038 2227 2088 quidam
2249 2038 2411 2079 codicesss

1350 2086 1576 2137 Api-ostanus
1590 2115 1602 2134 ,
1625 2089 1694 2126 Dic
1711 2088 1783 2127 ubi.
1809 2088 1872 2128 sed
1900 2089 1993 2128 nihil
2015 2098 2131 2128 muta.
2156 2089 2232 2129 vid.
2261 2090 2309 2129 ad
2337 2091 2409 2141 Ep.

1355 2151 1411 2178 ιν.
1443 2152 1456 2176 1
1489 2151 1526 2177 0.

1405 2152 1483 2237 41ης
1493 2189 1676 2240 Faxque]
1706 2190 1796 2229 Vid.
1819 2191 1962 2230 Schott.
1985 2204 2030 2231 11.
2048 2191 2136 2231 Obs.
2157 2204 2217 2239 40.

1405 2253 1465 2291 43.
1492 2242 1671 2292 Furtim]
1702 2242 1893 2289 Scriverii,
1923 2243 2236 2283 Francofurtenfis
2260 2243 2299 2281 &
2319 2248 2420 2293 qua-³·

1357 2300 1444 2332 tuor
1472 2293 1530 2332 alii
1552 2295 1678 2341 furto,
1706 2294 1811 2345 quod
1841 2296 2004 2345 recipere
2033 2308 2110 2333 non
2139 2295 2413 2340 dubitavimus,

1359 2345 1447 2395 quia
1475 2344 1513 2383 id
1543 2345 1742 2396 elegantius
1764 2375 1774 2392 ,
1814 2347 1853 2385 &
1882 2347 1988 2385 bonis
2009 2347 2219 2384 auctoribus
2238 2345 2413 2384 usitatum

1359 2397 1548 2434 novimus.
1567 2397 1629 2436 sed
1646 2397 1751 2448 saepe
1771 2410 1848 2436 vox
1868 2399 1962 2437 haec
1981 2410 2002 2436 a
2022 2398 2172 2436 librariis
2187 2399 2276 2436 loco
2296 2405 2417 2447 111013.

1360 2448 1411 2487 113
1429 2448 1526 2499 apud
1543 2448 1674 2500 Virgil.
1694 2462 1746 2489 iv.
1766 2460 1853 2500 337.
1873 2462 1918 2489 ex
1937 2451 2090 2500 optimis
2110 2449 2356 2488 membranis:

1688 2523 1771 2554 Non
1789 2530 1842 2566 ego
1860 2515 1953 2554 hanc
1973 2515 2174 2566 abscondere
2183 2517 2288 2565 furto

1417 2567 1583 2617 Speravi,
1611 2581 1654 2605 ne
1662 2567 1756 2618 finge
1766 2596 1777 2614 ,
1797 2569 1901 2617 fiega.

1364 2627 1414 2667 Et
1444 2630 1560 2668 Statio
1592 2630 1752 2669 reddidit.
1779 2630 1987 2669 Bernartius
2023 2643 2056 2669 1.
2085 2631 2209 2670 Theb.
2240 2641 2323 2681 312.
2352 2627 2422 2677 qui.

1365 2681 1525 2730 pluribus
1555 2680 1601 2719 de
1638 2694 1680 2720 ea
1712 2694 1810 2720 voce
1841 2683 1927 2730 agit.
1965 2681 2072 2720 Idem
2104 2683 2236 2720 Statius
2270 2695 2305 2717 v.
2334 2691 2422 2728 494.

1371 2737 1464 2781 Vaga
1490 2732 1595 2769 litora
1614 2734 1714 2781 fitrto
1741 2733 1952 2771 Incomitata
1965 2735 2101 2784 sequor.
2128 2733 2191 2771 ubi
2209 2731 2340 2771 itidem
2359 2730 2423 2772 alii

1373 2784 1520 2823 codices
1534 2785 1682 2832 furtim.
1702 2786 1741 2824 &
1761 2797 1792 2824 1.
1814 2784 1903 2822 Silv.
1924 2797 1973 2821 11.
1995 2797 2076 2833 192.

1878 2832 1959 2884 Nist
1976 2835 2152 2873 Dardana
2163 2836 2265 2883 sarto

1427 2886 1568 2978 C{E{ffig
1587 2893 1766 2935 Martem,
1794 2900 1853 2925 nec
1870 2900 1924 2925 me
1937 2886 2138 2937 prohibente
2149 2916 2160 2934 ,
2179 2887 2355 2938 sacerdos}

1374 2953 1428 2979 xx.
1506 2952 1542 2978 10
1571 2969 1579 2978 .
1608 2952 1691 2989 757.

1429 2997 1565 3029 Interea
1574 2989 1666 3041 piclfi
1682 2989 1824 3028 vallum
1840 2987 1981 3027 exitiale
2000 2989 2132 3040 Pelasgi

1427 3043 1631 3090 Destituant
1643 3044 1758 3089 furto.

271 3087 338 3125 bus
364 3087 444 3133 est,
481 3090 519 3125 δε
552 3090 663 3126 exstat
697 3102 849 3140 quoque
888 3104 927 3128 111
963 3091 1099 3141 scriptis
1134 3092 1322 3131 codicibus
1377 3093 1426 3131 Et
1441 3094 1525 3130 alibi
1544 3093 1660 3142 saepe.
1679 3093 1817 3131 Plinius
1838 3105 1930 3130 vm.
1951 3104 2008 3142 31.
2037 3097 2084 3130 Et
2107 3102 2227 3143 parere
2242 3095 2343 3141 furto
2364 3095 2423 3131 ιιι-ἲ

273 3138 554 3188 quamplurimis
576 3169 586 3185 ‚
624 3142 662 3177 ὃς
690 3142 859 3189 probavit
891 3142 1061 3180 Schottus
1091 3155 1138 3181 11.
1167 3143 1323 3182 Observ.
1370 3144 1489 3194 pium.
1517 3145 1555 3182 &
1577 3145 1624 3181 ita
1646 3144 1705 3182 1110
1724 3145 1932 3194 aliquoties,
1953 3144 2088 3182 Noster
2105 3157 2161 3182 vr.
2183 3144 2270 3182 Fast.
2294 3157 2377 3194 555.

278 3201 337 3239 53.
362 3190 591 3240 Ingeniosuo,
604 3191 640 3229 id
660 3192 707 3229 cst
728 3193 878 3241 sponte,
893 3193 1103 3243 simpliciter
1116 3222 1126 3238 ,
1140 3195 1178 3232 in
1190 3193 1325 3243 rapidi-

277 3249 350 3293 tate
374 3242 432 3279 illa
461 3243 499 3280 &
524 3243 626 3281 cursu
653 3244 833 3293 loquendi
860 3246 898 3282 ὅ(
919 3246 1160 3290 narrationis,
1188 3245 1324 3285 excidit

276 3291 342 3341 lpfi
371 3292 520 3341 perfidia
549 3302 612 3335 tua
631 3323 644 3342 ,
680 3307 754 3347 qua
772 3308 833 3337 me
852 3295 1000 3343 laesum
1030 3298 1069 3338 ὃς
1090 3297 1178 3338 ideo
1204 3298 1326 3349 majo-

1433 3194 1606 3244 Improbus
1623 3194 1716 3232 hunc
1735 3195 1918 3233 Athamas
1929 3197 2030 3244 farto
2048 3196 2183 3234 dilexit.

1380 3245 1435 3284 Ita
1458 3247 1622 3295 optimae
1645 3248 1893 3286 membranae.
1922 3248 2034 3298 vulgo
2052 3246 2197 3295 furtim.
2225 3247 2273 3285 ita
2297 3247 2335 3284 ὅ(
2360 3246 2429 3298 pai

1378 3297 1462 3339 tries
1471 3298 1585 3347 furtis
1602 3299 1756 3339 accedere
1774 3298 1904 3352 saltus.
1922 3299 2047 3340 Valet,
2064 3298 2160 3338 Flac.
2183 3310 2196 3337 1
2209 3309 2239 3339 1.
2258 3297 2344 3348 283.
2369 3309 2427 3354 re-

2317 3350 2436 3400 quiris
