2553 3676
688 195 1344 259 HEROIDES.

689 359 1456 431 EPISTOLA

1420 214 1450 252 E
1488 217 1531 252 P.
1607 219 1681 253 111.

1601 358 1734 425 ΙΙΙ.

2194 207 2260 256 29

659 549 1147 607 BRISEIS
1222 547 1747 605 ACHILLI.

529 685 668 740 Uam
693 684 850 754 legiS‚
889 684 917 737 ἒ1
940 697 1084 755 rapta
1108 684 1349 740 Briseide
1374 685 1525 739 litera
1547 686 1723 747 venit,

602 757 715 813 Vix
738 756 873 809 bene
898 755 1163 811 barbarici}
1189 757 1398 812 Graeca
1422 770 1603 811 notata
1625 774 1800 811 manu.

417 834 795 905 Quascumque
820 828 1100 900 adspicioe‚
1136 831 1381 884 lacrimae
1406 831 1612 894 fecere,
1650 831 1859 890 lituras3

490 903 595 959 Sed
619 915 797 956 tamen
822 900 877 954 ἅ*
899 902 1143 956 lacrimae
1165 903 1405 975 pondera
1427 903 1575 957 vocis
1599 901 1810 957 habent.

343 998 371 1048 ς
412 979 464 1033 Si
487 976 616 1033 mihi
640 992 804 1046 pauca
828 974 979 1047 queri
1004 974 1072 1027 de
1099 987 1180 1039 te,
1218 975 1550 1047 dominoque
1572 976 1828 1047 viroque,

485 1049 580 1103 Fas
603 1048 705 1109 est3
748 1046 818 1100 de
843 1046 1067 1100 domino
1091 1065 1256 1119 pauca
1281 1048 1507 1121 viroque
1526 1065 1740 1120 querar.

411 1123 566 1185 Non,
603 1138 707 1192 ego
731 1119 970 1191 poscenti
993 1120 1143 1192 quod
1166 1121 1280 1175 sum
1304 1121 1414 1175 cito
1439 1121 1630 1176 tradita
1653 1119 1827 1189 Regi,

481 1194 654 1266 Culpa
676 1206 765 1245 tua
790 1192 887 1246 est:
927 1193 1165 1265 quamvis
1187 1193 1291 1248 1106
1317 1212 1534 1268 quoque
1559 1195 1711 1265 culpa
1734 1205 1821 1245 tua
1846 1188 1935 1243 est.

407 1268 546 1323 Nam
567 1266 716 1320 simul
739 1263 1033 1338 Eurybates
1057 1283 1144 1319 me
1170 1266 1598 1339 Talthybiusque
1622 1276 1914 1323 vocarunt}

300 1358 364 1394 Io

474 1339 729 1411 Eurybati
755 1337 875 1390 data
895 1337 1010 1391 sum
1034 1337 1437 1420 Talthybioque
1459 1356 1656 1392 comes,

407 1413 562 1467 Alter
584 1413 640 1465 in
664 1411 873 1464 alterius
893 1409 1142 1480 jaetantes
1166 1412 1363 1465 lumina
1385 1412 1623 1475 Vultum,

478 1483 821 1557 Quaerebant
846 1483 1020 1546 taciti,
1058 1483 1234 1538 noster
1262 1484 1353 1539 ubi
1376 1483 1502 1539 effet
1526 1501 1691 1538 amor.

401 1556 624 1612 Differri
646 1557 815 1629 potui.
854 1574 1059 1627 poenae
1082 1574 1233 1610 mora
1258 1569 1402 1628 grata
1423 1556 1613 1611 fuiffet.

479 1630 593 1683 Hei
617 1629 772 1681 mihi!
815 1628 1091 1680 discedens
1116 1629 1289 1682 oscula
1312 1630 1451 1683 nulla
1474 1629 1617 1682 dedi.

305 1717 363 1768 15
400 1701 475 1753 At
497 1700 732 1753 lacrimas
754 1697 859 1751 fine
882 1699 988 1751 fine
1012 1698 1166 1761 dedi,

1204 1702 1430 1780 rupique
1456 1701 1685 1772 capillos,

475 1771 662 1824 Infelix
686 1772 881 1823 iterum
902 1769 1016 1822 sum
1039 1770 1170 1822 mihi
1192 1773 1294 1824 vila
1318 1773 1449 1843 capi.

406 1841 573 1913 Saepe
597 1859 700 1912 ego
724 1841 957 1911 decepto
979 1841 1126 1894 volui
1152 1841 1372 1898 custode
1397 1843 1627 1903 reverti3

477 1914 609 1978 Sed,
648 1931 735 1968 me
757 1913 850 1986 qui
873 1912 1115 1967 timidam
1139 1916 1455 1987 prenderet,
1490 1915 1650 1971 hostis
1674 1925 1801 1970 erat.

167 2108 199 2144 4.
228 2097 288 2135 Sed
306 2106 423 2134 tamen
441 2094 505 2131 hae
524 2091 732 2143 lacrymata]
760 2097 808 2130 Et
825 2092 999 2142 lacrymae
1017 2091 1151 2131 Putea-

115 2150 156 2188 ni
174 2151 212 2187 &
230 2149 343 2195 Jureti
363 2146 461 2185 liber.
483 2155 523 2183 ut
549 2147 626 2184 Art.
646 2146 770 2182 Amat.
796 2157 825 2181 1.
850 2157 904 2193 19.

220 2199 282 2235 Sed
303 2209 419 2236 tamen
439 2209 482 2236 67·
501 2196 597 2233 tauri
616 2196 734 2233 cervix
753 2205 915 2232 oneratur
932 2204 1062 2231 aratro.

117 2249 158 2287 &
177 2262 197 2287 2
225 2249 260 2286 6.
585 2249 590 2255 '

204 2260 277 2336 3Sed
292 2310 409 2337 tamen
430 2311 473 2340 67
483 2297 598 2348 spargi
608 2298 724 2348 pestus
743 2309 857 2335 amore
873 2306 979 2334 nocet.

119 2364 155 2389 x.
175 2351 267 2388 Met.
286 2364 367 2400 445.

219 2401 282 2437 Sed
298 2412 416 2438 tamen
434 2412 476 2441 <y
487 2400 628 2449 gaudet.
806 2399 1016 2436 HEINSIUS.

171 2452 204 2488 6.
234 2458 298 2488 Fas
326 2452 403 2501 est.]
433 2453 542 2489 Forte
562 2452 622 2498 fas
645 2450 705 2500 fit.
731 2449 797 2488 nifi
829 2458 927 2487 totus
947 2449 1049 2487 loeus
1071 2461 1152 2488 me-

119 2501 187 2541 lius
207 2503 255 2540 ita
273 2502 312 2539 fit
334 2501 601 2540 constituendus
618 2515 625 2538 ε

173 2552 223 2588 Sit
243 2552 329 2588 mihi
339 2561 450 2601 pauca
468 2552 561 2602 queri
579 2551 619 2588 de
639 2561 669 2587 te
689 2550 902 2601 Dominoque
918 2549 1061 2601 viroque
1073 2578 1085 2596 ,

224 2601 331 2651 Fasfi
346 2604 385 2639 de
404 2603 551 2640 Domino
567 2611 678 2651 parua
696 2602 839 2651 viroque
854 2601 962 2651 queri.

121 2653 221 2691 Nam
243 2654 445 2691 Puteanens
466 2656 502 2690 ὃς
524 2654 657 2701 Regius
681 2652 776 2701 queri
794 2652 985 2695 habebant.
1004 2652 1151 2691 HfflNs.

127 2704 215 2740 Non
244 2703 352 2741 16616.
386 2705 474 2741 solet
504 2705 602 2740 enim
632 2703 764 2740 Noster
793 2701 898 2739 fimili
929 2704 1150 2751 repetitione

128 2754 318 2791 verborum
337 2754 531 2803 aliqu-„indo
550 2754 714 2802 argutari.
734 2765 769 2790 v.
790 2754 855 2801 Ep.
876 2766 938 2789 xv.
962 2765 1021 2802 39.
1049 2754 1153 2791 color

130 2811 249 2840 autem
272 2804 405 2842 sumtus
435 2804 482 2841 est
516 2805 553 2841 δε
572 2805 653 2853 jure
667 2832 677 2848 ,
704 2815 781 2852 quo
803 2804 961 2841 vetitum
980 2804 1086 2842 servis
1106 2804 1152 2841 de

132 2850 300 2891 Dominis
318 2856 441 2904 queri,
468 2862 507 2891 ut
528 2866 572 2891 ex
593 2855 752 2892 Platonis
770 2853 831 2891 lib.
855 2866 908 2891 xx.
929 2853 975 2892 de
997 2854 1153 2903 Republ.

131 2899 321 2941 adnotabat
340 2905 586 2942 Bersrnannus.
611 2904 872 2942 BunMANnus.

186 2961 217 2996 7.
245 2957 324 2988 Sum
344 2954 434 3004 cita]
454 2956 563 2992 Forte
582 2965 657 2991 tam
675 2955 738 2991 cito
753 2983 762 2998 ‚
779 2955 817 2992 ὃς
836 2966 927 2992 mox
947 2966 990 2991 ex
1006 2954 1155 3003 scriptis,

132 3000 193 3055 hoc
215 3014 341 3050 quoque
359 3004 451 3052 culpa
469 3016 529 3041 tua
546 3004 598 3053 est.
620 3006 828 3043 Hemsms.
867 3005 1037 3054 Respexit
1057 3006 1154 3044 forte

130 3051 189 3088 illa
214 3051 347 3088 Catulli
368 3053 486 3090 Carm.
508 3067 642 3093 varn.

187 3107 265 3137 Non
285 3103 337 3136 ita
355 3103 497 3138 Caecilio
511 3105 681 3153 placeam,
703 3106 758 3143 cui
774 3106 902 3144 credita
922 3120 1014 3144 nunc
1023 3106 1127 3156 sitm,

235 3151 345 3200 Culpa
363 3165 439 3189 mea
457 3152 517 3207 eft,
544 3168 756 3206 quamquam
772 3158 901 3195 dicitur
918 3157 975 3206 effi
990 3171 1076 3195 mea.

130 3213 170 3260 ἶ.
194 3201 315 3257 Yorst,
341 3202 385 3239 de
416 3204 535 3239 Latin.
565 3204 686 3244 Merit.
709 3208 806 3258 Susp.
836 3220 894 3256 27.
924 3210 969 3258 ὃς
988 3208 1080 3259 supr.
1110 3208 1156 3250 ad

127 3252 241 3302 kput.
260 3265 302 3292 11.
324 3253 381 3302 56.
407 3252 664 3294 Burmannus·

2193 1986 2247 2041 Si

1255 2108 1291 2146 9.
1330 2101 1513 2136 Vocarnnt.
1535 2095 1552 2146 ]
1591 2095 1776 2146 Exprimit
1818 2095 2004 2134 Graecum
2043 2091 2247 2139 κηρύσσειν,

1203 2148 1308 2195 quod
1324 2150 1512 2197 proprium
1529 2149 1773 2185 Praeconum.
1795 2147 1895 2185 idem
1915 2147 2010 2183 forte
2029 2142 2132 2192 quod
2152 2144 2247 2179 Cae·

1204 2198 1256 2235 sar
1278 2212 1311 2235 v.
1331 2198 1376 2236 de
1398 2200 1484 2237 Bell.
1508 2199 1601 2237 Gall.
1619 2199 1679 2236 26.
1701 2198 1792 2236 dixit
1809 2196 2043 2238 conclamare,
2071 2200 2113 2232 ut
2130 2193 2245 2242 expli·

1205 2257 1263 2286 cat
1283 2249 1447 2289 Brantius
1465 2262 1499 2299 p.
1519 2262 1604 2298 450.
1626 2249 1713 2286 edit.
1729 2249 1878 2298 Junger.
1904 2247 2115 2284 Heinsms.

1262 2312 1318 2338 10.
1344 2301 1555 2351 Eurybati.]
1584 2300 1737 2338 Mallem
1756 2297 1955 2336 Euribatae.
1983 2298 2188 2334 HEINSHJS.

1262 2363 1317 2389 11.
1345 2351 1530 2398 Vultum]
1562 2350 1685 2388 Vultus
1704 2351 1784 2388 libri
1804 2363 1882 2388 X1v.
1904 2349 2007 2386 bene.
2037 2347 2245 2383 Hamus.

1263 2414 1317 2441 12.
1347 2398 1618 2452 Noster.]'l1no
1648 2401 1775 2449 vester,
1802 2401 1862 2437 vel
1889 2399 2010 2436 invitis
2037 2397 2141 2433 libris.
2176 2395 2245 2433 nifi

1207 2453 1449 2502 interpretaris
1471 2465 1639 2491 amorem
1656 2481 1665 2496 ,
1686 2453 1750 2502 qui
1769 2453 1863 2489 inter
1882 2461 1948 2486 nos
1967 2448 2047 2502 fuit.
2075 2447 2220 2483 Herns.

1262 2506 1317 2541 16.
1347 2510 1477 2541 Iterum
1498 2503 1580 2552 fitm
1608 2502 1697 2539 mihi
1714 2501 1790 2550 visa
1807 2499 1919 2549 rapi.]
1950 2496 2146 2553 Brniie'l'dem
2165 2508 2247 2552 rap—

1206 2563 1283 2593 tam
1303 2563 1387 2592 ante
1406 2553 1508 2592 fuisse
1528 2566 1606 2591 non
1625 2554 1707 2601 legi.
1749 2553 1875 2599 Quare
1896 2549 2027 2596 arripio
2043 2575 2054 2591 ,
2080 2546 2182 2603 qnod
2206 2559 2246 2584 m

1206 2606 1370 2654 plurimis
1401 2605 1586 2643 codicibus
1615 2603 1663 2640 est
1694 2610 1880 2639 exaratum
1901 2627 1911 2643 ,
1944 2597 2021 2647 visa
2042 2606 2113 2653 capt
2132 2625 2143 2641 ,
2180 2609 2247 2634 ex-

1205 2654 1365 2705 pugnat&
1386 2655 1520 2694 scilicet
1546 2655 1590 2692 ab
1619 2653 1762 2691 Achille
1782 2647 1975 2701 Lym-esso.
2025 2647 2155 2685 Briseis
2173 2648 2245 2696 ipsa

1205 2709 1274 2745 hac
1292 2706 1422 2745 eadem
1444 2705 1624 2755 Epistola:

1258 2774 1324 2806 An
1342 2780 1486 2806 tantum
1501 2797 1511 2813 ,
1529 2769 1615 2805 dum
1632 2781 1685 2804 me
1705 2775 1850 2816 caperes,
1860 2766 1943 2811 sera
1963 2761 2051 2799 bella
2066 2761 2247 2812 probabas.

1208 2819 1324 2858 fimile
1341 2821 1520 2858 mendum
1542 2818 1669 2857 insedit
1685 2818 1707 2855 1.
1727 2830 1792 2855 111.
1812 2818 1893 2854 Art.
1916 2815 2040 2851 Amat.
2066 2814 2148 2861 189.

1263 2885 1368 2922 Pulla
1388 2885 1503 2922 decent
1520 2884 1640 2921 niveas
1653 2898 1663 2918 :
1690 2880 1840 2930 Brift'z'da
1850 2879 1950 2930 pulla
1971 2877 2132 2915 decebant
2143 2906 2155 2923 ‚

1314 2942 1407 2973 Cum
1427 2945 1525 2985 capta
1543 2933 1585 2982 est
1597 2961 1607 2978 ‚
1626 2932 1727 2982 pulla
1745 2943 1822 2968 tum
1841 2944 1970 2981 quoque
1986 2929 2072 2976 veste
2080 2930 2170 2976 suit.

1210 2999 1260 3036 ita
1288 2997 1416 3038 scribo.
1476 2999 1576 3035 Nam
1618 2996 1744 3034 falsum
1775 2996 1824 3033 est
1861 2995 1906 3032 de
1934 2994 2036 3042 pullis
2069 2992 2249 3035 vestibus,

1211 3061 1297 3087 cum
1326 3051 1370 3088 ab
1403 3050 1694 3099 Agamemnone
1734 3047 1804 3084 fuit
1840 3055 1952 3094 rapta,
1988 3044 2114 3082 Senec.
2153 3042 2248 3080 Her.

1210 3100 1292 3138 Fur.
1318 3101 1403 3148 418.

1314 3158 1427 3201 Capta
1447 3163 1539 3187 nunc
1554 3149 1673 3186 videor
1691 3147 1794 3186 mihi.

1209 3203 1320 3256 Epist.
1337 3215 1428 3240 vm.
1452 3214 1506 3239 12.
1771 3207 1779 3218 ¹

1311 3258 1403 3292 Cum
1421 3262 1547 3303 caperet
1566 3251 1692 3303 Grajas
1710 3248 1859 3287 barbara
1876 3245 1977 3287 turba
1998 3256 2118 3284 nurus.

1737 3301 1824 3349 D3

2229 3294 2250 3310 :⁵

2184 3294 2256 3340 imai
