2553 3676
764 215 824 272 P.
903 205 1313 268 OVIDII
1386 203 1925 262 NASONIS

593 301 738 358 Inter
763 301 1032 374 serpentes
1046 339 1061 362 ,
1098 314 1359 372 aprosque
1376 337 1391 362 ‚

1430 296 1722 370 avidosque
1746 299 1928 353 leones

665 373 872 445 JaPtor,
913 373 968 425 &
997 372 1177 426 el'uros
1201 385 1350 426 terna
1373 388 1470 443 per
1495 388 1587 423 ora
1613 388 1783 424 canes.

601 447 702 503 Me
726 445 1001 526 pecudum
1025 443 1218 509 fibrae,
1257 443 1634 514 simulacraque
1660 443 1832 497 inania
1858 445 2058 507 somni,

489 539 561 588 40

676 519 982 591 Ominaque
1006 518 1194 571 arcana
1220 515 1377 569 nocie
1402 515 1569 585 petita
1592 529 1829 569 movent.

604 593 868 663 Aucupor
893 590 1080 645 infelix
1108 590 1343 642 incertae
1370 603 1643 639 murmura
1668 587 1867 643 famae:

677 664 891 738 Speque
918 664 1082 716 timor
1109 659 1294 722 dubia,
1331 659 1554 732 spesque
1578 659 1774 713 timore
1799 662 1957 716 cadit.

600 736 783 792 Mater
809 735 977 795 abest;
1021 732 1372 805 queriturque
1397 732 1521 786 Deo
1545 731 1790 803 placuisse
1813 737 2054 805 potenti3

675 811 794 864 Nec
818 821 970 879 pater
996 805 1392 886 Amphitryon,

1432 822 1531 885 nec
1556 822 1690 885 puer
1718 804 1914 878 Hyllus
1941 807 2100 862 adest.

495 902 562 953 45
602 882 824 937 Arbiter
849 877 1176 951 Eurystheus
1201 896 1308 931 irae
1327 876 1554 947 junonis
1578 877 1790 950 iniquae

682 953 922 1009 Sentitur
947 950 1129 1015 nobiS,
1166 950 1350 1025 iraque
1374 951 1532 1024 longa
1555 949 1721 1005 Deae.

312 1159 455 1209 operari
476 1166 599 1197 autem
619 1160 765 1208 proprie
785 1161 822 1197 in
840 1160 954 1198 sacris.
975 1159 1020 1197 de
1039 1172 1116 1210 quo
1138 1158 1224 1197 vide
1240 1147 1360 1197 Passe-

312 1220 378 1249 rat.
409 1211 453 1248 ad
482 1212 644 1258 Propert.
675 1211 737 1248 lib.
768 1223 822 1248 11.
859 1213 962 1261 Eleg.
995 1224 1132 1249 xxxxix.
1164 1211 1217 1254 fis.
1250 1223 1281 1259 3.
1321 1213 1359 1248 δε

312 1261 417 1310 Pigh.
435 1261 479 1298 a'd
504 1262 626 1298 Valer.
646 1262 750 1299 Max.
771 1275 823 1298 vi.
844 1275 874 1299 c.
893 1263 927 1299 6.
954 1261 1164 1300 Hafnienfis
1186 1273 1275 1300 vero
1297 1262 1363 1299 ha-

313 1312 421 1349 bebai
436 1340 445 1355 ,
473 1311 642 1348 thalamis
661 1322 796 1361 operata
809 1313 955 1362 pudicis.
983 1313 1116 1351 Forte:

367 1362 434 1411 Ipse
452 1363 545 1399 domi
566 1362 697 1399 viduae
716 1363 886 1401 thalamis
906 1373 1041 1414 operata
1054 1363 1201 1414 pudicis.

313 1413 423 1450 Domi
443 1413 556 1449 vidua
580 1422 655 1450 erat
680 1415 717 1451 in
740 1427 817 1452 uno
837 1416 989 1452 Moreti.
1019 1416 1227 1453 Hem-suis.
1257 1415 1363 1452 Reti-

312 1475 444 1501 nerem
470 1464 571 1500 votis.
600 1473 689 1502 vota
711 1466 812 1503 enim
835 1466 1088 1515 concipiebat,
1110 1478 1157 1502 ne
1181 1466 1234 1501 vir
1259 1465 1365 1502 cacie-

315 1524 370 1552 ret
398 1516 492 1552 inter
518 1522 575 1552 tot
598 1515 709 1552 Athla
733 1517 771 1553 &
791 1518 950 1566 pericula
969 1545 979 1560 ,
1017 1518 1054 1554 &
1081 1515 1256 1553 sacrificiis
1276 1516 1367 1553 deo-

312 1576 398 1602 rum
428 1577 557 1613 pacem
590 1566 793 1614 expetebat.
827 1580 905 1605 non
936 1567 1009 1616 agit
1036 1568 1097 1604 hic
1135 1566 1180 1604 de
1207 1565 1367 1603 lanificio

315 1624 378 1653 aut
407 1616 481 1653 aliis
507 1615 723 1664 pudicarum
754 1626 1007 1655 matronarum
1039 1616 1160 1654 studiis
1183 1644 1192 1659 ,
1230 1617 1291 1654 sed
1318 1617 1364 1654 de

315 1665 412 1703 votis
433 1668 472 1703 ὃς
493 1666 658 1713 precibus
672 1694 683 1711 ,
708 1679 756 1704 ne
777 1668 832 1704 vir
851 1667 964 1705 cadat.
992 1667 1257 1704 BURMANNus.

369 1715 427 1765 38.
455 1721 501 1752 Et
525 1716 684 1765 haesuros
711 1730 806 1754 cerno
825 1726 886 1767 per
912 1717 976 1767 offa
1006 1718 1140 1768 cane5.]
1171 1718 1294 1766 Esuros
1316 1716 1365 1754 est

313 1766 352 1803 in
381 1766 503 1803 multis
533 1767 731 1805 codicibus.
756 1769 964 1806 Puteaneus
998 1768 1155 1817 haesuros
1183 1779 1283 1804 terna
1306 1777 1367 1816 per

314 1816 391 1865 ossa.
419 1817 456 1854 in
484 1829 560 1854 uno
586 1817 769 1856 Vaticano
797 1818 906 1867 esuros
927 1832 1021 1854 cerno
1036 1828 1095 1868 per
1121 1832 1192 1854 ora.
1223 1819 1366 1862 Scribe,

315 1867 426 1914 esuros
446 1877 546 1903 terna
559 1876 618 1916 per
635 1882 693 1904 ora
713 1882 822 1905 canes.
843 1869 1044 1906 Cerberum
1064 1870 1246 1917 intelligit.
1269 1868 1368 1907 fimi-

315 1917 398 1957 liter
418 1919 494 1956 fere
517 1918 654 1956 Seneca
675 1920 786 1956 Herc.
810 1919 892 1957 Fur.
915 1931 1000 1968 795.
1020 1920 1066 1958 de
1084 1921 1244 1959 eodem:

533 1970 626 2005 vocis
647 1969 836 2007 horrendae
846 1971 970 2018 fragor

368 2028 436 2059 Per
452 2031 551 2057 terna
571 2020 685 2070 miffits
702 2035 761 2058 ora
774 2050 784 2067 ‚
804 2021 923 2068 felices
944 2033 1075 2072 quoque

371 2077 533 2108 Exterret
551 2072 704 2110 umbras.
922 2102 925 2106 .

321 2120 371 2161 Et
394 2123 526 2160 Noster
544 2124 700 2161 Metam.
720 2136 792 2161 vn.
813 2136 896 2171 4¹4·

376 2174 539 2223 Implevit
555 2175 687 2224 pariter
704 2175 811 2212 ternis
828 2175 1018 2212 latratibus
1033 2188 1150 2214 auras.

320 2223 483 2262 Metam.
503 2238 536 2262 x.
560 2238 618 2263 22.

376 2280 486 2311 Tema
504 2276 680 2325 Medusaei
698 2276 868 2315 vincirem
886 2287 1034 2326 guttura
1056 2275 1208 2326 monstri.

319 2324 505 2364 Paullinus
526 2328 677 2376 Epiccd.
700 2328 795 2365 Celsi
815 2330 945 2366 Pueri:

372 2382 580 2414 Latrantem
601 2379 640 2415 in
649 2378 787 2426 foribus
798 2389 858 2429 per
877 2380 948 2415 tria
966 2379 1072 2427 rostra
1091 2393 1221 2417 canem.

323 2427 520 2474 Trifimcem
548 2430 750 2468 Cerberum
779 2431 918 2469 faciunt
936 2432 1098 2477 Poetae,
1126 2440 1261 2470 notum
1282 2429 1374 2470 illud

323 2478 493 2517 Maronis
510 2480 570 2518 lib.
590 2493 626 2518 v.
645 2493 731 2528 417.

373 2530 540 2567 Cerberus
556 2531 639 2568 haec
660 2533 778 2581 ingens
799 2532 936 2570 latratu
955 2546 1058 2582 regna
1077 2532 1222 2581 trifauci

378 2581 554 2630 Perfhnat.

324 2629 446 2667 festus
463 2634 629 2671 Avienus
649 2634 909 2684 Descriptione
934 2635 1065 2673 Orbis:
1133 2650 1137 2658 ¹

377 2685 424 2717 Et
442 2685 705 2732 Maryandinon
719 2699 800 2734 gens
818 2686 958 2729 incolit,
988 2688 1078 2723 unde
1097 2686 1240 2733 trifauci

379 2737 446 2766 Ore
466 2747 582 2770 canem
594 2735 733 2785 supcms
755 2737 932 2788 quondam
942 2737 1112 2787 produxit
1127 2738 1175 2774 ad
1197 2751 1273 2775 oras

379 2782 522 2818 Alcides
547 2786 660 2824 Erebo.

323 2831 481 2873 Pessime
500 2834 650 2884 legitur,
680 2839 847 2885 triformis
869 2846 940 2878 Ora
962 2840 1077 2884 canis,
1105 2840 1212 2889 possis
1232 2841 1295 2878 &t

922 2891 1092 2965 Tpsasccis

381 2943 453 2974 Ora
474 2939 579 2976 canis.

328 2988 399 3026 Sed
421 2990 570 3038 praestat
593 2990 760 3028 alterum.
788 2992 886 3039 apud
908 2973 1070 3035 Ginecos
1092 2994 1225 3031 Poetas
1253 2992 1380 3038 τρικά-

329 3053 423 3084 pavor,-
455 3041 643 3078 Cerberus.
674 3042 885 3078 Heinsius.
915 3044 1016 3095 Nini]
1044 3045 1174 3080 certius
1207 3044 1274 3081 hac
1297 3055 1378 3080 cor-

328 3090 505 3128 rectione.
535 3091 582 3129 lic
603 3092 641 3128 ὅ(
658 3094 755 3140 apud
780 3093 906 3129 δαὶ-ως.
927 3094 1038 3135 HCN-
1061 3093 1142 3129 Fur.
1166 3092 1250 3139 784.

380 3142 455 3189 Qi
477 3143 572 3178 trina
595 3142 689 3189 vaslo
708 3143 819 3192 capita
843 3143 1033 3180 concutiens
1046 3143 1128 3191 sono

385 3199 538 3241 Regnum
557 3203 686 3230 tuetur.

327 3243 404 3330 {illu
425 3244 483 3331 alfii
503 3244 648 3333 ςὲἀόὶεεε
661 3255 772 3285 terna.
789 3245 849 3286 sed
865 3246 957 3285 nihil
976 3258 1080 3297 opus.
1099 3245 1200 3285 idem
1223 3247 1325 3287 enim
1338 3248 1376 3285 in

385 3305 443 3342 150
477 3306 495 3333 e
545 3308 559 3343 7
592 3325 600 3340 2

2310 1027 2468 1086 Haec

1693 1176 1796 1188 ——
1848 1165 1946 1210 Saepe
1963 1159 2101 1198 latratu
2121 1171 2240 1198 nemus

1467 1216 1501 1249 T
1497 1209 1572 1248 rino
1591 1211 1751 1259 remugit.

1418 1262 1494 1300 Ubi
1526 1264 1563 1300 &
1593 1262 1638 1300 ad
1668 1263 1817 1299 Cerberi
1848 1262 2019 1300 latratum
2048 1262 2200 1311 respicit.
2229 1261 2277 1300 fic
2305 1261 2401 1299 trina
2429 1262 2469 1300 δε

1419 1323 1518 1350 terna
1548 1312 1593 1350 de
1622 1314 1676 1350 his
1707 1313 1837 1350 iisdem
1866 1313 2016 1351 Cerberi
2037 1314 2211 1362 capitibus
2233 1313 2470 1350 confundun-

1417 1373 1476 1402 tur
1496 1364 1556 1402 lib.
1577 1377 1611 1402 x.
1642 1365 1799 1401 Metam.
1831 1376 1889 1401 22.
1917 1365 2004 1402 loco
2038 1365 2081 1401 ab
2111 1363 2268 1402 Heinfio
2293 1363 2468 1401 adducto.

1419 1417 1457 1452 &
1479 1415 1600 1452 Schol.
1622 1415 1726 1452 Statii
1749 1415 1793 1452 ad
1811 1415 1869 1452 lib.
1894 1428 1948 1452 11.
1971 1415 2093 1452 Theb.
2114 1427 2172 1464 32.
2191 1415 2279 1452 dicit
2298 1415 2395 1451 trina
2413 1414 2470 1450 lu-

1420 1466 1519 1503 mina
1537 1466 1646 1502 trium
1666 1465 1817 1515 capitum
1831 1494 1840 1510 ‚
1854 1465 1899 1503 de
1923 1466 2085 1503 Cerbero
2098 1494 2108 1510 ,
2121 1467 2186 1515 qui
2206 1465 2328 1514 paullo
2350 1465 2429 1513 post
2451 1477 2473 1502 a

1423 1518 1541 1554 Poeta
1570 1525 1723 1555 vocatur
1750 1517 1792 1561 ss.
1823 1528 1880 1566 53.
1911 1516 2092 1564 Triformis
2110 1517 2248 1565 janitor
2271 1515 2343 1553 leti.
2372 1516 2472 1553 unde

1423 1568 1571 1616 vulgata
1590 1567 1687 1616 apud
1710 1568 1900 1605 Avienum
1922 1566 2038 1615 polset
2058 1567 2220 1605 defendi.
2243 1566 2318 1605 vid.
2347 1566 2393 1604 ad
2416 1579 2474 1604 ιν.

1426 1619 1584 1655 Metam.
1603 1630 1688 1665 449.
1715 1618 1979 1654 BURMANNUS.

1368 1682 1373 1687 ·
1429 1703 1432 1705 ,
1474 1681 1533 1712 40.
1563 1667 1730 1716 Omina]
1763 1667 1804 1704 Id
1834 1668 1882 1704 est
1902 1667 2066 1716 responsa
2087 1679 2129 1705 ac
2149 1668 2345 1711 vaticinia,
2376 1680 2472 1717 quae

1422 1719 1539 1756 noctu
1572 1725 1715 1766 captare
1739 1717 1853 1755 soleo.
1881 1718 1930 1755 est
1958 1719 2060 1756 enim
2088 1730 2165 1755 nox
2193 1719 2328 1756 arcanis
2347 1719 2475 1768 hujus-

1424 1769 1529 1807 modi
1548 1769 1650 1807 sacris
1670 1770 1834 1806 maxime
1856 1768 2011 1806 idonea:
2031 1768 2130 1806 unde
2153 1770 2190 1805 &
2211 1782 2381 1805 arcanam
2404 1782 2475 1807 vo-

1423 1829 1492 1857 cat.
1512 1819 1561 1857 fic
1579 1821 1617 1857 &
1637 1819 1734 1869 apud
1752 1819 1950 1868 Virgilium
1969 1819 2072 1856 Dido
2091 1818 2207 1856 noem
2226 1819 2328 1856 sacris
2347 1828 2451 1857 vacat
2464 1848 2475 1864 ,

1422 1871 1514 1908 dum
1538 1883 1610 1907 una
1638 1882 1766 1907 amore
1792 1872 1945 1907 Aeneae
1970 1869 2120 1907 laborat.
2149 1870 2327 1907 Mrciri..
2366 1870 2475 1915 Imo,

1425 1921 1622 1970 Ominaque
1643 1947 1653 1963 ‚
1689 1927 1730 1957 ut
1757 1921 1793 1957 in
1827 1920 1892 1959 suo
1923 1920 2052 1959 codice
2080 1929 2273 1958 notaverat
2303 1922 2474 1970 Scaliger.

1425 1973 1528 2010 DAN.
1562 1971 1774 2008 Heiusrus.
1802 1972 2010 2021 Ominaque.
2036 1972 2116 2020 jam
2145 1981 2373 2010 monuerunt
2403 1973 2478 2010 alii.

1425 2021 1597 2060 Tibullus
1616 2022 1675 2058 lib.
1696 2034 1758 2058 111.
1781 2021 1879 2070 Eleg.
1903 2034 1957 2058 1v.

1479 2077 1535 2110 At
1558 2082 1685 2107 natum
1705 2072 1743 2108 in
1766 2084 1864 2108 curas
1883 2071 2065 2109 hominum
2079 2086 2187 2121 genus
2206 2073 2323 2109 omina
2346 2072 2452 2110 noblis

1530 2129 1635 2159 Farre
1647 2122 1702 2171 pio
1712 2121 1859 2171 placant
1876 2134 1919 2162 (φ’
1931 2122 2081 2171 saliente
2090 2123 2179 2172 sale.

1426 2175 1489 2212 De
1510 2174 1696 2211 ominibus
1715 2172 1905 2212 noc'turnis
1932 2174 2099 2212 Valerius
2122 2174 2271 2212 Flaccus
2291 2173 2383 2212 libro
2403 2186 2478 2213 vu.

1429 2225 1484 2268 xis.
1505 2238 1588 2274 250.

1559 2328 1566 2334 ·
1720 2274 1840 2323 Tristes
1859 2274 2034 2313 thalamos
2052 2274 2271 2326 infaustaque
2288 2288 2384 2312 cerno

1431 2334 1749 2419 Sicosriiiibigiidum.
1773 2377 1907 2418 Noster
1925 2377 2019 2415 libro
2045 2389 2100 2414 rx.
2124 2377 2285 2416 Metam.
2308 2377 2393 2426 766.

1944 2428 2075 2467 omina
2089 2428 2186 2478 saepe

1483 2484 1627 2534 Vifizque
1647 2483 1822 2533 causatur.

1430 2533 1578 2573 Plautus
1598 2536 1753 2573 Mercat.
1776 2533 1862 2572 A&
1887 2545 1941 2571 11.
1962 2532 2069 2572 Scen.
2097 2545 2128 2572 1.

1485 2586 1593 2623 Miris
1612 2586 1722 2623 modis
1738 2585 1791 2622 Di
1811 2585 1908 2621 ludos
1915 2585 2061 2632 faciunt
2077 2583 2276 2622 hominibus
2287 2612 2299 2630 ‚

1485 2637 1658 2686 Affirisque
1672 2636 1834 2687 exemplis
1849 2636 1968 2672 omina
1985 2636 2023 2672 in
2040 2635 2172 2686 fhmnis
2190 2636 2343 2672 danunt.

1433 2687 1489 2725 Ut
1516 2688 1615 2725 reue
1644 2688 1827 2737 castigavit
1850 2685 2060 2724 Passeratius
2079 2687 2125 2725 ad
2145 2686 2207 2724 lib.
2227 2699 2280 2724 ιν.
2298 2687 2481 2735 Propertii

1431 2738 1535 2787 Eleg.
1570 2751 1625 2776 xv.
1657 2740 1726 2788 qui
1754 2739 1855 2788 plura
1884 2737 1929 2774 de
1956 2738 2144 2774 nocturnis
2175 2737 2359 2775 ominibus
2388 2750 2481 2776 con·

1430 2790 1545 2838 geffit.
1574 2790 1785 2828 Heinsms.
1813 2789 1895 2837 Ego
1918 2788 2064 2824 mallem
2084 2786 2235 2836 quidem
2252 2815 2261 2831 ‚
2275 2788 2482 2840 fhmniaque

1430 2853 1564 2877 arcana
1591 2844 1684 2878 nocte
1703 2841 1814 2889 petita
1833 2848 1986 2876 movent.
2014 2839 2101 2887 quia
2126 2836 2257 2875 meiius
2269 2838 2408 2886 somnia
2423 2850 2481 2889 pe-

1435 2901 1651 2941 tere‚quam
1673 2891 1789 2928 omina
1811 2890 1883 2928 dici
1900 2898 2003 2938 puto.
2024 2889 2152 2938 Virgil.
2166 2901 2236 2925 vir.
2250 2890 2408 2929 Aeneid.
2422 2891 2483 2940 89.

1488 2942 1640 2979 Pellibus
1655 2940 1812 2979 incubuit
1822 2941 1944 2988 stratis
1953 2940 2156 2991 fhmnosque
2172 2940 2311 2989 petivit.

1435 2993 1652 3029 Medicinam
1674 2991 1809 3040 somnio
1832 3001 1943 3041 petere
1971 2991 2063 3029 dixit
2093 2991 2272 3040 Quartilla
2295 2991 2392 3040 apud
2413 2992 2483 3029 Pe·

1434 3044 1629 3080 tronium:
1659 3042 1719 3080 sed
1749 3043 1835 3091 quia
1865 3042 2051 3091 praecellit
2072 3039 2331 3091 fimulacraque
2357 3043 2483 3080 inania

1424 3093 1565 3142 flammi,
1594 3093 1787 3142 acquiesco
1807 3093 2062 3131 emendationi
2087 3092 2307 3131 Heinsianae
2325 3120 2335 3135 ,
2364 3094 2401 3129 ὃς
2426 3094 2484 3131 in-

1431 3144 1560 3192 -tclligo
1584 3144 1629 3181 de
1647 3144 1833 3182 ominibus
1860 3156 1923 3193 pcr
1953 3145 2093 3193 magica
2121 3144 2213 3181 sacra
2245 3142 2376 3190 petitis.
2404 3156 2481 3182 nox

1436 3195 1535 3231 enim
1574 3209 1705 3231 arcana
1742 3195 1789 3232 est
1812 3224 1822 3239 ‚
1861 3207 1956 3244 quae
1992 3197 2134 3244 magiae
2168 3192 2403 3240 impenditur.
2442 3203 2482 3234 ut

1436 3245 1566 3283 Statius
1596 3258 1748 3296 quoque
1779 3255 1890 3284 vocat
1913 3259 1947 3284 x.
1974 3247 2097 3284 Theb.
2122 3245 2204 3294 360.
2224 3256 2335 3292 quam
2360 3244 2481 3284 Valer.

1434 3296 1530 3336 Flac.
1561 3309 1650 3337 vm.
1678 3309 1736 3349 25.
1765 3297 1909 3349 fhcram
1935 3297 2040 3350 dixit.
2065 3296 2139 3337 vid.
2166 3293 2212 3335 ad
2241 3294 2365 3336 Valet.
2387 3295 2482 3346 Flac.

2431 3359 2485 3387 VI·
